3892 6136
461 104 674 165 canonos-a
692 108 721 166 s.
740 104 999 166 smvusmo'nn
1015 108 1046 166 s.
1064 107 1168 166 0440.
1188 110 1225 166 u.
1642 96 1696 178 000

113 236 305 305 Imperatores,
342 234 481 303 00440400,
515 236 645 291 Homono-
685 235 763 291 Anni
830 240 860 298 Λ
901 234 978 290 Anni
1010 236 1236 301 Christianorum,
1260 237 1419 294 suecorum
1443 244 1471 295 et
1526 230 1557 296 4-
1594 244 1675 301 Anat

88 347 90 358 .
153 322 225 375 aram,
241 321 285 360 res
297 311 388 373 gestae,
402 312 427 360 et
452 307 622 409 documento
691 308 724 363 U
762 307 791 363 0.
884 307 1175 377 Olympenorum
1195 310 1372 380 populorum,
1396 310 1478 365 Ponti
1541 312 1661 382 ,444440

88 383 107 433 44
694 383 795 433 004004
1048 382 1142 448 Reges,
1164 384 1355 449 respectaret
1380 353 1551 438 documento.
1571 381 1691 441 04444444.
1802 444 1805 451 ,

88 447 94 501 4
672 450 809 519 posteat.
862 478 866 485 -

135 572 167 613 eo
181 571 211 611 se
241 555 379 611 transfert
396 557 425 612 in
442 557 599 625 perniciem
620 572 677 626 pu-

134 644 240 700 blicam
264 657 361 699 40440
374 644 450 700 44440
463 644 510 698 bis
528 658 593 701 coss
605 644 677 700 Pro-

138 747 202 805 sper
215 733 243 788 in
259 733 349 788 cirron
367 740 395 788 04
408 734 504 788 Victor
518 733 645 788 vitensis
656 732 676 788 l.

134 838 192 887 4,0.
224 816 249 874 4.
275 820 400 875 Huiuart
423 819 572 885 bistVand
598 827 678 890 parte

132 911 160 980 4,
189 924 241 980 040
269 914 295 975 3,
323 922 352 965 4.
375 910 401 979 0,
437 915 466 965 04
491 910 522 965 44
548 907 621 977 prat
641 910 675 965 ad

135 1001 193 1057 bist
205 999 271 1054 vict
285 997 333 1054 Vit
349 1010 376 1052 n.
398 996 426 1050 8.

88 1179 91 1213 r
169 1178 333 1249 lmppCaess
351 1175 530 1231 Theudosius
543 1174 599 1231 404
610 1173 674 1244 Aug
712 1172 781 1231 4480

88 1266 109 1326 7
128 1273 165 1325 44.
182 1282 210 1338 p.
225 1264 260 1322 ab
274 1272 302 1322 04
314 1262 361 1331 et,
383 1278 431 1320 004
441 1278 491 1319 xri.
710 1261 776 1318 ll8l

88 1355 100 1414 4
160 1359 195 1414 Et
209 1356 431 1413 Valentinianus
443 1355 497 1410 Jun
511 1353 575 1426 Aug
588 1361 625 1410 tr.
643 1370 669 1426 p.
710 1351 780 1409 lisa

133 1446 158 1520 3,
173 1444 200 1518 4,
216 1461 273 1502 004.
291 1461 321 1501 n.

88 1713 100 1754 ι
170 1698 255 1767 Lapis
265 1697 295 1752 44
311 1698 342 1750 S.
358 1695 475 1750 llartini
486 1692 675 1749 dellontibus

135 1796 162 1845 et
175 1787 281 1844 Gruter
305 1782 383 1854 4040,
395 1783 423 1855 H,
444 1790 473 1838 et
493 1779 672 1851 4404404998,

134 1884 161 1933 04
175 1876 220 1948 440
234 1876 264 1930 0.
277 1875 329 1929 Tb.
344 1872 372 1944 8,
393 1873 428 1927 de
443 1869 570 1940 4004441,
595 1877 638 1926 040
655 1911 673 1941 .,

136 1965 209 2036 apud
222 1966 391 2022 Helaudum.

171 2056 215 2111 Pr.
246 2055 304 2110 Urb
327 2056 377 2108 04.
405 2054 535 2108 Proculus
559 2052 588 2107 0.
621 2051 672 2106 Tb.

135 2145 176 2201 lib
186 2160 223 2216 44,
239 2152 259 2201 4.
276 2143 303 2215 0,
319 2146 338 2200 l.
353 2145 407 2200 ult.

168 2236 280 2292 44044440
292 2234 366 2304 Rege
390 2232 584 2288 Pboremnrtdo
595 2230 672 2286 04404

135 2323 152 2381 0
186 2326 232 2380 sui
265 2324 347 2395 regni
377 2334 493 2389 annum,
528 2319 672 2375 secundus

134 2417 306 2470 Francorum
357 2425 406 2466 rex
446 2410 501 2464 init
541 2408 669 2464 Clodius.

133 2504 261 2572 Prosper.

169 2591 253 2648 Suevi
269 2590 324 2646 sub
342 2589 501 2644 Hennerico
523 2587 597 2658 Rege
609 2584 673 2640 Gal·

134 2682 244 2740 laciam
284 2679 479 2750 depraedantes
504 2676 540 2731 ab
569 2676 674 2732 incolis

135 2769 193 2828 lusi
209 2782 305 2841 pacem
321 2769 495 2823 instaurant.
511 2764 635 2820 ldacius.

1017 540 1095 595 mina
1126 541 1249 611 complet
1275 541 1411 599 adversus
1441 549 1554 614 postre-

1018 641 1080 684 mos
1099 627 1209 684 tuliani
1235 628 1334 686 libros.
1363 630 1405 687 lbi
1432 646 1459 702 p.
1491 630 1555 690 404.

1019 715 1201 788 4440040444
1236 723 1318 774 sectae
1345 719 1496 789 Patronus,
1528 729 1557 778 04

1014 805 1190 861 Nestoriauac
1214 806 1296 878 origo
1309 807 1472 866 Theodotus
1490 810 1556 867 llo-

1015 900 1186 964 psoestenus
1197 895 1292 966 Hpiso.
1315 896 1392 953 04404
1408 898 1436 954 44.
1451 911 1479 954 4.
1490 898 1554 957 04444

1011 982 1096 1051 juxta
1114 983 1200 1040 Noris
1218 983 1278 1040 bist
1292 984 1376 1057 Pelag
1388 985 1430 1042 lib
1451 1001 1483 1059 11,
1503 1001 1554 1059 cap

1014 1068 1040 1140 4,
1053 1073 1101 1128 sed
1120 1071 1238 1130 44404440
1252 1082 1317 1143 0044
1326 1075 1409 1142 juxta
1423 1077 1552 1148 Pagium.

924 1192 957 1235 111
1047 1177 1304 1237 0044444446047.

930 1279 958 1322 44
1049 1268 1201 1324 Nestorius
1223 1268 1375 1326 ordinatur
1402 1271 1556 1343 episcopus

1010 1356 1349 1426 constantinopolitanus
1368 1358 1420 1414 Hal
1442 1359 1502 1430 Apr
1526 1360 1554 1415 b.

1011 1458 1036 1499 a.
1058 1443 1208 1501 Liberatus
1226 1446 1296 1500 Diae
1317 1447 1347 1500 44
1370 1447 1439 1502 4404
1461 1460 1554 1504 causae
1663 1434 1668 1443 ’

1010 1532 1113 1586 Nestor
1123 1545 1148 1586 c.
1165 1530 1190 1585 4.
1209 1532 1261 1587 Sed
1275 1534 1345 1587 Socr
1356 1533 1398 1589 lib
1415 1547 1454 1602 44,
1468 1548 1494 1590 0.
1507 1532 1553 1600 at,

1012 1632 1041 1672 44
1055 1619 1093 1673 40.
1106 1619 1197 1689 April.

1047 1708 1197 1763 Nestorius
1213 1722 1315 1765 norum
1327 1709 1448 1766 molitur
1460 1710 1553 1767 Eccle-

1014 1796 1068 1851 siis
1087 1810 1211 1853 errorem
1236 1799 1382 1869 iuducere,
1404 1803 1459 1855 etc.
1480 1799 1553 1857 Huic

1013 1885 1154 1956 impietati
1168 1886 1310 1957 praecipua
1324 1886 1555 1957 CyrllliAleuan·

1012 1973 1091 2029 drini
1105 1974 1232 2045 episcopi
1256 1975 1411 2045 industria,
1431 1983 1460 2032 04
1474 1990 1554 2046 04040

1011 2061 1158 2118 0401044444
1200 2069 1342 2133 44040444
1380 2065 1550 2121 auctoritas.

1012 2151 1101 2221 Prosp
1112 2153 1142 2206 iu
1152 2151 1251 2209 claron.
1268 2153 1339 2208 Vide
1354 2151 1440 2207 Norls
1462 2150 1503 2207 lib
1518 2164 1551 2223 44,

1012 2238 1073 2294 hist
1084 2240 1169 2311 Pelag
1180 2255 1205 2295 0.
1218 2238 1246 2305 i,
1263 2254 1317 2312 pag
1333 2236 1395 2296 Nl.
1411 2239 1482 2295 Vide
1498 2252 1554 2295 uo-

1011 2337 1055 2383 tas
1083 2329 1159 2400 pagii
1187 2335 1215 2385 et
1239 2328 1379 2384 Sommier
1401 2326 1489 2398 infra,
1515 2329 1549 2383 ad

1008 2415 1204 2472 Coelestiuum.

88 2895 96 2953 l
170 2898 260 2967 lmpp.
283 2894 368 2949 Caess.
390 2891 518 2947 Tbcodos
540 2891 594 2944 tun
609 2888 672 2961 Aug
710 2887 774 2946 4484
827 2902 852 2964 c
901 2895 978 2964 04004
1044 2890 1270 2952 coelestini‘let
1282 2892 1309 2950 8.

90 2984 113 3044 8
131 2990 168 3042 44.
185 3001 212 3056 0.
227 2981 262 3042 al
276 2980 358 3049 0448,
372 2993 436 3036 0044
448 2993 480 3034 44.
705 2976 775 3035 4484

88 3073 111 3134 2
172 3077 207 3132 Et
221 3073 440 3131 Valentinianus
453 3072 507 3127 lun
519 3070 583 3141 Aug
593 3075 629 3125 tr.
643 3083 671 3138 p.

133 3164 161 3236 4,
173 3164 200 3236 5,
214 3176 278 3222 0044
293 3178 313 3219 44

90 3261 105 3312 4
128 3291 198 3349 Coss
222 3253 394 3311 Florentius.

217 3325 381 3396 Dionysius

88 3429 105 3474 4
167 3412 340 3471 0440004.
360 3408 396 3467 00
424 3409 586 3476 deluderis,
611 3422 672 3463 004-

132 3504 242 3572 4400444,
255 3505 309 3570 040,
324 3499 398 3570 apud
422 3497 529 3553 Heland
557 3504 584 3553 44
606 3497 673 3566 epi-

133 3593 210 3650 stola
219 3587 369 3647 decretalis
382 3588 409 3643 S.
428 3586 576 3643 coelestini
592 3586 672 3654 Papae

135 3681 262 3738 univers.
281 3677 422 3748 episcopis
444 3690 494 3746 per
517 3676 619 3729 44044.
644 3682 672 3728 04

133 3770 345 3825 Narbonensem
372 3767 442 3820 4404
475 3765 559 3833 cujus
583 3776 674 3817 exem·

134 3858 211 3928 plum
224 3863 305 3912 vetus
334 3856 364 3910 44
392 3853 455 3908 Blbl
478 3853 506 3908 S.
528 3852 672 3907 Crucisin

136 3964 185 4020 agr
197 3947 364 4004 sessoriano
380 3946 475 4001 Roma
489 3942 555 3998 data
567 3955 608 3996 404
620 3941 672 3997 Hal

135 4039 198 4111 Aug
212 4037 257 4091 bis
268 4050 343 4092 coss.

169 4129 271 4184 Aelius
282 4126 314 4181 lit
325 4125 461 4196 Magister
472 4121 610 4191 nlilitum,
623 4120 673 4191 qui

136 4218 243 4276 Gothos
255 4229 312 4272 404
328 4213 427 4284 procul
442 4211 556 4266 Arelate
568 4209 674 4264 devicit

136 4308 254 4363 idatius.

169 4398 197 4453 S.
212 4395 343 4451 Hilarius
357 4409 391 4450 ex
416 4390 564 4448 lerinensi
580 4389 676 4444 04440

137 4485 185 4541 4440
199 4485 360 4540 assumitur
375 4483 410 4538 ad
428 4480 597 4536 Catlredram
611 4477 677 4531 Are·

136 4573 284 4631 lateusem.
307 4572 379 4628 Vide
397 4571 485 4627 Noris
506 4569 566 4624 bist
591 4565 674 4636 Pelag

137 4662 178 4719 lib
197 4678 228 4733 4,
253 4678 279 4718 0.
301 4658 328 4718 2.
364 4659 499 4732 Agricola
531 4652 677 4727 Pelagiani

137 4753 265 4822 episcopi
279 4750 361 4806 lilius
375 4748 519 4805 Ecclesias
532 4743 677 4801 Hiberniae

134 4842 204 4897 'dum
222 4840 317 4896 inlicit
327 4835 593 4909 suisdogmatibus,
605 4835 680 4902 Papa

138 4929 307 4986 celestinus
330 4928 365 4981 00
394 4925 617 4996 praeservandam
633 4921 683 4976 Ca·

139 5018 276 5074 440440444
313 5017 396 5071 440044
439 5015 467 5070 S.
508 5014 681 5068 Germanum

138 5109 407 5164 Antlsiodorenscm
427 5104 593 5174 episcopum
610 5100 681 5156 illuc

141 5195 315 5252 transmittit
330 5193 443 5248 civibus
458 5191 521 5245 suis
536 5190 628 5245 eidem
638 5188 684 5243 de-

142 5287 296 5342 mandatis.
311 5285 431 5352 Prosper
453 5283 483 5336 in
506 5280 562 5335 line
586 5276 682 5332 collat.

143 5375 211 5429 Vide
234 5373 321 5428 Neris
335 5371 393 5425 bist
420 5369 505 5439 l’elng
524 5382 577 5438 pag
603 5362 663 5417 404.

910 2980 960 3039 304
1045 2983 1157 3038 Nestori
1198 2983 1249 3037 04.
1283 2984 1366 3039 noris
1392 2982 1551 3038 baeresibus

927 3083 955 3124 44
1010 3067 1166 3124 Ecclesiam
1192 3067 1326 3122 turbante
1350 3073 1379 3122 et
1388 3067 1552 3138 Pelagianis

929 3163 956 3212 et
1010 3154 1203 3227 patrocinium
1225 3154 1467 3226 accommodante,
1482 3156 1546 3210 lla-

909 3243 964 3304 300
1009 3245 1072 3300 4444
1086 3245 1225 3301 Mercator
1237 3243 1490 3300 commonitorium
1500 3242 1550 3319 ol-¹

933 3348 942 3389 4
1009 3332 1065 3389 4044
1081 3332 1241 3389 Theodosio
1252 3330 1317 3402 Aug
1335 3338 1364 3387 et
1377 3331 1459 3390 04040
1478 3347 1549 3391 004-

1009 3428 1053 3478 444
1075 3421 1253 3492 Pelagianos.
1282 3420 1353 3476 Vide
1376 3421 1461 3478 Norls
1490 3422 1551 3480 bist

1007 3509 1092 3582 40400
1104 3508 1148 3564 lib
1160 3522 1192 3574 44,
1206 3520 1258 3579 cap
1272 3505 1299 3563 6.

1044 3600 1072 3653 S.
1085 3597 1267 3667 Augustinus
1282 3593 1324 3651 lib
1339 3610 1412 3653 44444
1426 3596 1462 3654 dc
1475 3598 1553 3657 civit

1010 3687 1086 3742 ba.
1106 3685 1220 3756 scribit,
1238 3690 1271 3741 ut
1290 3698 1326 3740 044
1353 3698 1405 3755 040
1427 3682 1473 3756 54,
1498 3685 1550 3743 ubl

1010 3775 1132 3832 affirmat
1159 3776 1247 3830 lluere
1272 3788 1380 3830 anuum
1407 3788 1465 3829 xxx
1488 3782 1553 3844 post

1010 3866 1084 3922 0044
1100 3864 1200 3920 Naulii
1215 3864 1368 3920 Theodori.
1382 3864 1409 3919 S.
1426 3863 1551 3920 04040444-

1012 3969 1068 4011 nus
1077 3953 1245 4011 admonitus
1258 3954 1294 4008 de
1315 3953 1552 4024 scriptisNesto·

1014 4044 1052 4099 rii
1068 4057 1119 4113 per
1135 4042 1297 4115 4400044444,
1325 4041 1456 4112 aliasque
1480 4041 1555 4098 Pro-

1013 4134 1123 4190 vincias
1153 4130 1354 4187 disseminatis
1383 4130 1410 4186 S.
1445 4129 1554 4200 cyrillo

1015 4222 1144 4291 mandat,
1174 4225 1206 4277 ut
1234 4220 1269 4275 de
1298 4219 1416 4276 illorum
1436 4225 1554 4276 auctore

1012 4312 1168 4383 diligenter
1220 4308 1358 4378 inquirat.
1403 4307 1554 4363 Nestorius

1014 4392 1555 4463 humanissimislitterisCyrilliarro·

1014 4493 1113 4558 gauter
1128 4481 1289 4553 respondet.
1307 4482 1391 4535 40444
1413 4491 1448 4534 ex
1472 4477 1554 4534 Actis

1014 4574 1111 4631 004044
1125 4572 1228 4644 4404404.

1049 4662 1198 4719 luvenalis
1214 4656 1477 4728 Hierosolymorum
1493 4657 1552 4724 epi·

1017 4766 1121 4821 scopus
1148 4753 1263 4804 creatur
1298 4751 1411 4801 mortuo
1443 4743 1557 4813 Praylio

1015 4843 1097 4911 juxta
1124 4839 1214 4892 Baron
1235 4839 1265 4890 et
1285 4836 1368 4889 44444
1384 4830 1433 4887 sed
1452 4830 1558 4903 Pagius

1019 4944 1047 4985 4.
1062 4924 1107 4996 al,
1123 4939 1158 4981 ex
1172 4923 1232 4980 rita
1243 4923 1271 4980 S.
1288 4920 1434 4991 Euthymli
1456 4919 1557 4990 probat
1655 4972 1657 4977 .

1019 5014 1183 5074 iuvenalem
1205 5027 1266 5070 eam
1279 5009 1435 5069 Ecclesiam
1451 5010 1561 5066 rexisse
1603 5030 1606 5036 ·

1020 5107 1106 5163 etiam
1120 5116 1195 5160 anno
1209 5101 1363 5174 superiori.
