3892 6136
117 283 142 345 ῃ
873 267 1063 329 amasne.
1782 277 1820 338 aa

115 425 190 481 usque
202 405 244 462 ed
256 405 425 472 Gregorium
436 401 545 455 tertium
556 398 677 454 mudena
689 397 791 467 stolum
805 400 830 451 et
845 401 943 451 aucto-
955 396 985 458 A
998 393 1084 468 ginus
1097 395 1175 452 enim
1195 396 1307 466 primus
1321 409 1338 452 a
1353 396 1467 454 tustino
1480 396 1598 455 Juniore
1612 399 1764 462 institutus
1775 410 1819 464 est

115 516 165 554 reru
175 496 372 568 praeseseraat.
384 489 569 546 Diderentias
579 487 759 560 singulorum
774 488 944 541 enumerant
996 484 1137 540 exarchus
1149 498 1223 541 anno
1237 481 1301 555 boi,
1321 491 1483 556 postremus
1496 488 1656 558 Eutychius
1668 489 1703 545 ab
1713 491 1820 550 distul-

118 593 182 658 capt.
195 582 225 656 i,
249 597 332 640 num.
349 577 377 648 7,
391 584 420 636 et
434 591 496 649 cap.
509 575 537 644 8,
559 589 634 634 num.
649 573 707 648 bjet
720 589 800 646 seqq.
997 572 1054 642 pho
1064 573 1313 644 Langobardorum
1332 588 1397 646 rege
1409 574 1511 645 pulsus
1525 588 1600 632 anno
1614 573 1677 632 752.
1692 578 1771 635 Unde
1785 595 1819 637 ex

144 677 193 732 llis
207 678 308 730 autem
323 669 481 740 diligenter
494 665 636 736 expensis,
652 664 687 720 de
704 662 782 719 libri
796 665 889 731 aetate,
903 664 944 716 at-
997 661 1135 731 praedicto
1147 663 1209 718 loco
1223 668 1300 733 patet
1314 671 1459 720 auctorem
1476 665 1546 720 Vita
1558 665 1683 722 Cononis
1696 668 1820 725 scribere

115 780 166 840 que
184 765 325 832 Auctore,
347 759 387 814 ita
409 752 672 824 deliniunt(Schel.
686 765 748 823 cap.
762 750 790 824 8,
807 765 886 807 num.
899 747 941 821 2).
997 750 1131 807 debuisse
1153 756 1218 808 ante
1235 753 1360 809 aredium
1382 754 1474 810 octavi
1494 755 1605 827 saculi,
1624 770 1680 827 quo
1703 758 1819 815 exarcbl

116 855 258 911 «Videtur
269 850 368 921 itaque
379 839 944 912 LiberPontificalisconscriptusluisse
998 839 1821 916 seupraelectiimperatorisConstantinopolitaniinltalia

117 953 175 1017 post
193 947 316 999 mortem
336 933 517 993 Constantini
533 946 622 1004 papae,
639 932 690 1004 qui
705 944 780 987 anno
792 927 845 986 itt
858 927 942 1000 obiit,
998 941 1059 985 esse
1069 930 1235 987 desierunt:
1252 931 1380 989 scribere
1393 939 1488 990 autem
1502 935 1631 1004 potuisse
1642 935 1719 993 circa
1729 937 1820 995 octavi

115 1036 199 1105 idque
216 1024 533 1087 humaturauetoritate
545 1021 735 1091 manuscripti
746 1019 856 1076 codicis
870 1017 946 1076 ilati-
999 1017 1097 1074 saeculi
1114 1019 1243 1092 initium,
1254 1035 1310 1092 quo
1324 1022 1462 1079 Ilavennae
1475 1025 1600 1080 nondum
1614 1026 1711 1082 sedere
1725 1026 1823 1083 desie-

115 1122 176 1180 mni
187 1117 279 1186 5269,
291 1116 343 1187 qui
359 1115 428 1171 licet
437 1116 502 1168 ante
515 1108 569 1167 500
584 1109 702 1166 circiter
711 1120 802 1164 annos
811 1110 946 1164 exaratus
1000 1113 1064 1163 rant
1076 1108 1204 1181 exarchi,
1221 1110 1254 1165 ad
1280 1124 1353 1181 quos
1375 1111 1410 1168 de
1428 1112 1567 1170 electione
1590 1116 1656 1171 novi
1677 1115 1823 1186 pontilicis

116 1212 152 1268 sit
160 1224 194 1266 ex
202 1206 373 1278 antiquiore
383 1208 475 1258 tamen
484 1199 647 1269 descriptus
656 1196 722 1269 tuit,
735 1195 945 1268 utpotetiniens
1000 1195 1101 1252 reterri
1118 1197 1236 1269 solebat,
1253 1206 1286 1256 ut
1297 1213 1332 1256 ex
1344 1200 1429 1258 Libro
1440 1202 1551 1259 Diurno
1574 1208 1695 1260 constat.

115 1299 280 1369 catalogum
289 1288 654 1366 pontificum,quembibro
665 1285 826 1343 Ponatur-ali
842 1297 947 1355 praepo-
1034 1286 1112 1343 Satis
1123 1285 1214 1358 igitur
1225 1288 1371 1346 evidenter
1384 1295 1461 1360 patet
1475 1294 1535 1346 tum
1550 1306 1585 1348 ex
1603 1293 1725 1363 ipsomet
1741 1292 1820 1349 Libri

117 1389 183 1456 suit,
199 1387 230 1442 in
257 1381 399 1455 Gregorio
415 1381 447 1449 ll,
461 1377 643 1435 Constantini
670 1387 845 1432 successore.
862 1371 947 1429 Liber
1000 1374 1177 1432 Pontihnalis
1196 1381 1322 1451 auctore,
1340 1385 1400 1436 tum
1416 1393 1450 1436 ex
1462 1379 1633 1453 aequalibus,
1650 1387 1678 1439 et
1693 1383 1822 1454 proxime

117 1468 446 1540 veroPontiticalis,qui
469 1465 635 1538 catalogum
651 1460 947 1531 incodicesubsequi·
1000 1463 1202 1534 subsequentis
1213 1468 1473 1542 aeviscriptoribus,
1482 1471 1563 1528 Vitas
1570 1472 1748 1543 pontiacum,
1760 1486 1823 1544 quae

119 1572 176 1634 tur,
190 1562 258 1618 linit
275 1561 324 1617 his
336 1557 449 1615 verbis:
467 1555 613 1622 Grepomus
629 1555 740 1609 natione
754 1554 903 1612 Romanus,
914 1563 948 1603 ea
1000 1560 1129 1609 asancto
1150 1554 1288 1627 Gregorio
1303 1559 1471 1631 pertingunt
1485 1561 1520 1617 ad
1535 1561 1754 1619 Constantinum
1770 1575 1825 1633 pa-

119 1660 195 1725 poare
206 1647 418 1706 alterceltosedit
428 1657 583 1708 annosxvi,
594 1658 697 1698 menses
708 1656 750 1713 xv,
762 1643 819 1697 dies
833 1654 872 1696 xa.
884 1639 948 1694 Fuit
1002 1654 1076 1711 pam,
1092 1645 1279 1717 conscriptas,
1296 1653 1324 1704 et
1344 1648 1473 1720 vulgatas
1499 1663 1561 1706 essa
1585 1664 1602 1707 a
1618 1651 1681 1708 viro
1706 1652 1736 1709 in
1750 1649 1825 1706 Urbe

119 1747 205 1797 aetem
221 1736 387 1808 temporibus
401 1735 558 1797 dnestesii,
574 1732 725 1794 Theodosii,
749 1731 844 1786 neonis
865 1733 983 1798 atquess
1002 1736 1132 1788 versante
1146 1734 1200 1790 suh
1214 1735 1243 1790 S.
1257 1736 1396 1808 Gregorio
1406 1740 1439 1809 ll,
1454 1741 1482 1794 et
1496 1738 1718 1797 administrante
1732 1739 1825 1797 archi·

119 1828 295 1886 doastumini
307 1825 517 1892 Augustorum
531 1821 581 1879 ubi
602 1827 715 1877 matum
732 1816 818 1876 refert
833 1821 946 1887 tempus
1000 1834 1066 1875 vurn
1078 1823 1281 1894 apostolicum,
1297 1831 1349 1881 aut
1359 1826 1648 1886 bibliothecaecuram
1664 1833 1793 1900 gerente:
1806 1842 1823 1885 a

122 1917 308 1990 pontificatus
322 1915 386 1972 sine
399 1912 469 1969 ullis
483 1910 565 1968 actis.
582 1912 624 1966 Ex
642 1923 698 1981 quo
711 1907 871 1979 colligitur,
889 1920 946 1963 au·
1002 1923 1058 1979 quo
1071 1910 1142 1966 t'itae
1157 1912 1202 1967 SS.
1217 1913 1349 1984 Gregorii
1369 1916 1436 1971 liet
1454 1917 1490 1971 lll
1510 1915 1747 1986 posteorumdem
1769 1915 1826 1974 ab·

120 2015 223 2064 ctorem
246 2004 399 2061 inchoasse
413 2001 529 2074 quidem
551 2000 645 2056 Vitam
671 1996 874 2070 Gregorii‚sed
889 2008 946 2052 non
1001 1997 1073 2054 itum
1094 1998 1210 2071 adjectae
1232 2000 1359 2059 luerunt.

122 2094 289 2163 absolvisse,
305 2093 376 2148 dum
390 2090 474 2147 Liber
489 2087 667 2146 Pontihcalis
678 2086 796 2158 prodiit.
814 2086 946 2141 Putarem
1035 2085 1061 2147 8.
1079 2090 1158 2146 visas
1172 2097 1267 2147 autem
1288 2090 1455 2161 pontificum
1470 2093 1661 2149 Romanorum
1673 2106 1690 2148 a
1700 2093 1729 2149 s,
1742 2094 1825 2151 petro

127 2185 212 2255 igitur
234 2186 304 2252 post
322 2179 434 2236 obitum
455 2177 635 2235 Constantini
660 2174 805 2246 prodiisse
829 2173 947 2229 Librum
1001 2176 1036 2231 ad
1053 2177 1099 2233 SS.
1113 2179 1284 2251 Gregorium
1299 2181 1323 2236 ll
1337 2183 1366 2237 et
1379 2181 1416 2236 lll
1429 2178 1503 2252 (quae
1518 2185 1586 2237 sunt
1602 2194 1668 2252 pars
1681 2182 1785 2253 potior,
1798 2189 1826 2239 et

126 2270 332 2340 Pontidealem,
347 2267 422 2340 quod
438 2268 555 2324 omnino
570 2265 704 2323 convenit
720 2264 759 2320 iis
778 2277 840 2335 quae
861 2275 948 2332 supra
1004 2267 1095 2336 prima
1109 2268 1195 2324 istius
1210 2268 1400 2341 collectionis)
1415 2276 1557 2327 auxerunt
1569 2270 1825 2342 appendicesduaa,

123 2362 287 2418 notavimus
297 2359 333 2415 de
342 2356 506 2414 Venerabili
524 2356 607 2427 Beda,
619 2368 635 2411 a
648 2353 842 2427 quoomntum
855 2351 948 2422 primo
1002 2355 1126 2411 subinde
1140 2357 1254 2428 additae,
1271 2372 1335 2429 quas
1348 2358 1488 2429 appellari
1511 2359 1598 2416 etiam
1620 2365 1742 2431 possunt
1761 2374 1826 2430 pars

125 2449 205 2505 tiber
216 2445 398 2504 beatificatis
408 2445 515 2502 citatus
527 2444 679 2514 reperitur.
690 2442 769 2497 Vixit
785 2440 862 2497 enim
876 2438 949 2494 Beda
1002 2445 1091 2501 altera
1099 2452 1127 2502 et
1138 2447 1222 2502 tertia
1230 2446 1559 2520 collectionlsejusden.
1575 2448 1667 2520 lllam,
1677 2462 1778 2520 nempe
1785 2463 1824 2506 se·

123 2538 244 2594 ahanno
256 2533 412 2607 6i3usque
428 2533 462 2590 ad
474 2546 580 2589 annum
592 2528 646 2588 735
657 2550 665 2600 3
678 2544 802 2600 cumque
813 2529 949 2600 postGre
1003 2534 1125 2591 cundam
1144 2541 1261 2608 partem,
1273 2536 1378 2594 tribuit
1389 2536 1611 2595 schelestratius
1622 2551 1762 2610 anonymo
1774 2538 1828 2595 all-

124 2627 202 2699 gorii
215 2624 335 2681 sacuam
351 2622 561 2695 pontificatum,
578 2621 629 2692 qui
652 2633 728 2676 auno
739 2614 793 2674 itt
807 2617 905 2689 caepit,
922 2619 950 2672 et
1003 2621 1325 2694 cuiexclerollomano,
1337 2624 1385 2681 cui
1396 2626 1545 2684 archivum
1560 2626 1682 2697 patebat.
1693 2628 1733 2683 Ea
1745 2639 1828 2683 com-

127 2730 204 2773 anno
216 2711 264 2771 'lat
289 2713 388 2785 desiit,
404 2710 584 2769 Venerabilis
597 2710 670 2766 Beda
691 2713 836 2779 superstes
849 2704 948 2775 tuerit,
1004 2711 1140 2783 plectitur
1150 2713 1230 2769 Vitas
1239 2714 1382 2770 zacharia
1392 2719 1420 2771 et
1428 2715 1565 2785 Stephani
1575 2718 1622 2772 lli.
1634 2716 1759 2772 Tertiam
1776 2729 1829 2774 seu

126 2805 243 2861 Librum
257 2802 452 2860 Pontificalem
476 2801 573 2857 videre
585 2806 613 2856 et
622 2800 713 2856 citare
725 2797 829 2868 potuit.
848 2797 885 2852 Ut
897 2795 949 2866 igi·
1004 2806 1175 2872 postremam
1200 2809 1307 2873 partem
1322 2803 1382 2859 sive
1402 2803 1587 2876 appendicem
1607 2806 1735 2878 assignat
1746 2818 1829 2861 com-

128 2898 306 2951 turmentem
317 2891 543 2963 neamaperiam
555 2889 591 2946 de
601 2889 680 2945 Libri
691 2885 870 2945 Pontidealis
882 2889 950 2941 tem
1005 2889 1147 2961 pluribus,
1158 2891 1325 2964 plerumque
1335 2892 1498 2951 viventibus
1508 2894 1715 2952 aetateillorum
1729 2894 1828 2965 ponti-

125 2982 397 3054 pore,quoprimum
410 2980 539 3036 inlucem
554 2978 673 3051 prodiit,
682 2977 782 3048 paucis
792 2975 947 3032 absolvam.
1004 2979 1099 3052 licum,
1114 2995 1235 3053 quorum
1248 2982 1428 3053 scripserunt
1441 2983 1535 3040 Vitas:
1563 2985 1603 3041 ita
1619 2988 1651 3042 ut
1666 2985 1725 3041 haec
1737 2985 1823 3042 tertia

125 3071 302 3128 Crediderim
314 3075 380 3127 ante
394 3064 565 3125 aunum732
575 3066 687 3139 publici
701 3066 779 3137 juvis
792 3063 909 3128 factum.
921 3069 949 3120 el
963 3081 988 3144 c
1003 3084 1069 3140 pars
1083 3072 1175 3142 possit
1189 3073 1274 3129 etiarn
1288 3073 1352 3144 jure
1365 3073 1512 3131 subdividi
1525 3075 1554 3130 in
1568 3074 1674 3147 plures,
1691 3075 1716 3131 si
1734 3080 1829 3132 essent

126 3159 364 3217 baiccollectioni
374 3158 560 3231 appendicem
570 3161 665 3228 postea
678 3155 713 3214 ab
723 3156 822 3213 eedem
832 3158 949 3211 auctore
1004 3165 1098 3231 partes
1110 3175 1161 3233 pro
1174 3163 1349 3233 scriptorum
1360 3176 1479 3220 numero
1490 3163 1662 3221 dividenda.
1674 3164 1828 3221 Anastasio

124 3250 300 3320 adjunctam,
327 3262 391 3320 quae
415 3247 494 3304 Vitas
522 3246 654 3318 Gregorii
675 3247 700 3302 ll
722 3251 750 3302 et
765 3243 897 3316 Gregorii
913 3244 949 3300 111
1004 3254 1098 3308 autem
1115 3251 1252 3308 monacho
1278 3256 1306 3309 et
1331 3250 1555 3310 bibliothecario
1570 3252 1826 3323 sedisapostolicae

126 3338 378 3410 complectebatur.
389 3337 470 3409 Quod
482 3336 656 3394 firmaturex
665 3335 704 3393 iis
714 3350 777 3409 quae
786 3333 951 3392 observavit
1004 3335 1047 3409 (ut
1061 3340 1198 3398 Panvinio
1212 3341 1332 3416 dicitur)
1342 3343 1435 3399 Vitam
1448 3343 1559 3399 Nicolai
1577 3342 1663 3412 primi
1678 3354 1740 3397 esse
1749 3340 1829 3396 assi-

125 3430 217 3484 baeas
228 3427 403 3485 llolstenius.
419 3428 488 3484 Cum
504 3427 581 3483 enim
597 3440 694 3484 omnes
714 3424 883 3498 pontitlcum
897 3424 952 3482 Vi·
1007 3430 1147 3501 gnaudam
1157 3445 1212 3489 non
1223 3431 1379 3502 diffitetur3
1393 3433 1441 3488 cui
1451 3430 1624 3487 Guillelmus
1634 3427 1829 3499 bibliotheca-

125 3524 168 3573 tas
182 3516 285 3574 sedulo
299 3517 497 3588 persolvisset,
512 3516 670 3588 adnotavit,
685 3521 763 3590 gesta
779 3513 950 3586 pontificum
1006 3517 1069 3574 rius
1083 3519 1156 3574 duas
1171 3525 1327 3590 postremas
1350 3518 1465 3587 adjecit,
1483 3517 1512 3571 in
1534 3515 1627 3572 codici
1644 3515 1828 3573 Fabrottiano

125 3620 140 3661 a
154 3608 238 3662 Petro
259 3606 389 3677 apostolo
414 3619 505 3678 usque
520 3608 555 3664 ad
568 3606 744 3676 Zachariam,
769 3603 900 3677 Gregorii
915 3604 951 3659 lll
1005 3618 1172 3675 expressas,
1187 3621 1251 3663 cum
1266 3603 1548 3663 velseriaauscodex
1558 3604 1694 3661 desiisset
1717 3604 1747 3660 in
1763 3604 1828 3661 Vita

127 3709 343 3762 successorum,
353 3695 449 3751 eodem
461 3695 579 3751 omnino
588 3695 662 3766 stylo
672 3695 799 3767 adeoque
807 3693 844 3751 ab
853 3692 951 3749 eodem
1006 3693 1117 3749 Nicolai
1134 3709 1183 3764 per
1206 3693 1389 3750 anastasium
1403 3697 1551 3764 contexta3
1570 3693 1637 3749 inde
1653 3693 1698 3749 illi
1720 3693 1830 3764 placuit

126 3785 254 3841 ductore
266 3783 427 3854 conscripta
444 3781 570 3841 inisse.»
1008 3794 1109 3839 nomen
1119 3783 1264 3840 anastasii
1276 3782 1403 3841 tribuere
1414 3783 1554 3840 universae
1563 3782 1738 3853 collectioni,
1753 3781 1828 3853 quod

159 3871 338 3930 i.llamdem
352 3877 462 3930 aetatem
482 3873 597 3946 colligit
618 3871 841 3929 schelestratius
865 3871 951 3941 (ibid.
1006 3880 1067 3929 erat
1104 3873 1167 3943 ejus
1204 3873 1335 3930 coronidi
1377 3872 1574 3931 tantummodo
1609 3871 1831 3930 accommodan-

130 3977 205 4018 num.
223 3960 251 4034 l)
262 3977 298 4020 ex
313 3963 408 4034 ipsius
418 3963 488 4020 libri
501 3963 597 4020 verbis
610 3963 640 4018 in
653 3963 718 4020 llita
735 3961 838 4018 Leonis
850 3974 952 4018 secun-
1006 3961 1085 4018 dura.

126 4053 166 4108 di.
179 4054 230 4107 llic
244 4055 365 4125 suscepit
383 4053 512 4109 sanctem
530 4055 640 4111 Sectam
655 4052 806 4121 senodum,
822 4066 882 4121 quae
901 4066 953 4122 per
1042 4047 1070 4106 9.
1080 4052 1146 4108 Post
1155 4052 1317 4124 assignatas
1329 4051 1499 4109 auctoribus
1510 4050 1601 4108 octavi
1614 4055 1643 4108 et
1651 4050 1719 4108 noni
1729 4046 1829 4107 saculi

127 4143 175 4195 lica·
191 4142 396 4212 prouidentiam
408 4156 499 4199 nunna
510 4144 542 4198 ia
562 4143 646 4211 nepte
661 4141 731 4196 Urbe
753 4140 888 4195 celebrate
902 4143 950 4194 est.
1008 4145 1102 4211 partes
1113 4141 1243 4213 singulas
1254 4141 1359 4212 operis,
1371 4142 1448 4213 quod
1462 4140 1638 4211 recudimus,
1654 4137 1831 4211 quaeretali-

127 4229 320 4303 «Camenim,
348 4231 457 4303 inquit,
467 4238 568 4288 auctor
579 4235 709 4301 testetur,
722 4231 817 4300 Nuper
829 4228 860 4284 in
880 4227 950 4285 urbe
1008 4231 1075 4303 quis
1090 4245 1146 4287 non
1163 4231 1318 4303 immerito,
1332 4230 1507 4288 curllamasi
1522 4228 1621 4286 libera
1637 4226 1833 4301 pluribusdi-

124 4318 445 4390 constantinopolitana
457 4319 627 4377 celebratam
641 4318 732 4377 tuisse
749 4322 857 4376 sextam
871 4330 952 4388 syno
1007 4323 1099 4391 catur,
1115 4327 1143 4376 et
1158 4320 1296 4377 habeatur
1308 4321 1334 4377 is
1351 4321 1401 4392 qui
1415 4319 1495 4377 Vitas
1511 4318 1677 4391 pontiacum
1690 4319 1772 4375 illius
1786 4317 1832 4373 de

127 4407 210 4478 dum,
221 4407 363 4466 celebrata
372 4414 467 4466 autem
478 4410 606 4467 sitsexta
616 4410 743 4481 synodus
760 4406 953 4480 subagatho-
968 4422 1153 4495 Dccssorum
1170 4411 1382 4482 complectitur,
1395 4409 1464 4466 licet
1474 4409 1567 4480 stylus
1579 4409 1831 4479 prodatauctorem

126 4511 172 4566 ne,
187 4497 291 4554 leonis
305 4498 425 4555 mundi
440 4500 657 4570 predecessore,
673 4511 748 4555 anno
773 4495 835 4569 684,
852 4501 953 4554 auctor
1008 4498 1062 4555 sub
1074 4500 1212 4570 Gregorio
1223 4501 1246 4555 ll
1258 4505 1319 4557 tum
1331 4499 1393 4563 has,
1403 4502 1464 4558 tum
1476 4498 1604 4570 reliquas
1614 4497 1733 4569 prioris,
1743 4509 1828 4568 quam

125 4588 187 4643 haec
201 4586 327 4644 scribere
338 4587 440 4646 debuit
454 4601 511 4645 non
537 4589 636 4660 procul
661 4602 678 4645 a
694 4589 749 4645 tine
764 4588 880 4659 septimi
896 4601 953 4644 sae-
1007 4588 1146 4658 diximus,
1161 4589 1252 4660 partis
1267 4590 1346 4646 Vitas
1357 4587 1610 4646 conscribentem?
1625 4586 1833 4657 aperuitcau-
1862 4590 1878 4609 ‘

124 4676 197 4748 culi,
211 4681 265 4733 etc.
282 4695 296 4728 s
311 4678 399 4734 Addit
411 4678 565 4752 indicium,
580 4693 631 4750 par
641 4693 677 4736 ex
689 4679 754 4736 Vita
766 4679 901 4749 Cononis,
917 4676 953 4733 de
1008 4694 1068 4737 sam
1083 4680 1190 4737 erroris
1202 4693 1276 4751 sape
1289 4679 1423 4736 laudatus
1432 4677 1666 4749 schelestratius,
1677 4677 1833 4734 ostendeus

125 4765 212 4833 cujus
233 4766 430 4836 assumptione
451 4767 486 4823 ad
507 4767 717 4838 pontificatum,
743 4781 807 4838 quae
831 4765 954 4838 contigit
1008 4783 1114 4840 eaquae
1123 4769 1258 4840 leguntur
1269 4769 1298 4825 in
1310 4769 1382 4825 Vitis
1391 4768 1559 4840 pontillcum
1570 4766 1717 4833 indicatis,
1734 4767 1833 4832 etqua

126 4865 203 4908 anno
213 4851 276 4925 686,
295 4854 335 4912 ita
350 4854 465 4912 scribit:
480 4857 515 4910 bt
528 4859 624 4911 missos
639 4859 744 4928 pariter
754 4871 811 4910 uae
824 4871 886 4911 cvm
896 4857 955 4911 cle-
1010 4859 1133 4929 priorem
1145 4863 1252 4926 partem
1267 4858 1449 4914 constituunt
1465 4857 1552 4914 istius
1566 4851 1756 4920 collectionis,
1777 4849 1834 4905 de-

125 4944 204 5011 riea's,
220 4947 244 4997 et
253 4944 356 5013 populo
371 4944 409 4999 ad
422 4945 678 5001 eecettcutissimum
696 4945 863 5001 Theodorum
878 4960 954 5000 eaor·
1009 4946 1118 5016 seripta
1130 4942 1222 5001 tuisse
1237 4944 1355 5000 ineunte
1367 4950 1466 5002 octavo
1481 4942 1586 5000 saculo
1610 4938 1729 4995 totidem
1743 4936 1831 4995 terme

125 5030 216 5092 chum,
244 5043 341 5088 ursos
357 5046 415 5105 ssa,
438 5034 640 5090 dicesserunt«
664 5033 792 5092 Nounda
805 5040 882 5105 sunt,
900 5035 953 5106 ait,
1009 5028 1832 5105 verbisexduplicicatalogolongeantiquioriantistitum

126 5119 186 5174 baec
201 5119 287 5176 verba
301 5127 330 5176 ut
341 5137 399 5178 mes
412 5127 459 5181 est.
475 5125 537 5181 Non
550 5124 627 5181 enim
640 5123 718 5181 dixit
729 5127 830 5181 auctor
844 5128 875 5178 ot
892 5140 955 5179 mo·
1009 5127 1141 5182 flomaaae
1151 5123 1237 5195 sedis,
1249 5120 1507 5192 adhucsuperstite
1517 5118 1547 5176 in
1560 5117 1835 5177 membranisl’rinr

124 5211 164 5263 ris
188 5210 256 5276 tuit,
272 5208 360 5266 velut
370 5215 432 5283 pieri
449 5214 563 5286 solebat,
583 5214 633 5271 sed
655 5219 686 5270 ut
696 5231 753 5270 mos
765 5219 821 5283 est;
837 5213 955 5286 signin·
1009 5219 1103 5272 auteur
1117 5228 1152 5273 ex
1168 5213 1214 5269 bis
1225 5210 1338 5271 duobus
1347 5209 1500 5282 catalogis,
1515 5209 1647 5266 indicans
1661 5211 1772 5263 aetatem
1791 5205 1834 5262 ti-

127 5312 198 5355 eans
213 5298 275 5357 illis
288 5299 385 5359 verbis
398 5303 575 5361 hancllitam
590 5306 782 5375 conscriptam
794 5303 885 5362 tuisse
898 5317 955 5377 quo
1009 5304 1083 5361 bcrii
1101 5319 1188 5376 papa,
1203 5302 1253 5375 qui
1268 5304 1420 5359 Damasum
1444 5300 1548 5358 habuit
1560 5308 1750 5357 successorem
1764 5309 1834 5367 pro-

126 5394 255 5457 tempore
266 5389 301 5446 ad
315 5392 454 5450 exarchos
468 5394 504 5452 de
519 5393 658 5451 electione
672 5393 739 5452 novi
755 5393 903 5465 pontidcis
915 5407 954 5450 re
1009 5395 1130 5466 xlmam,
1143 5393 1321 5451 occasionem
1336 5389 1477 5449 reterendi
1488 5389 1522 5447 ad
1537 5388 1666 5445 eumdem
1679 5386 1833 5445 Damasum

125 5475 272 5536 terebant:
308 5480 438 5554 adeoque
469 5489 540 5542 tunc
570 5497 636 5541 cum
668 5485 785 5542 exarchi
816 5486 955 5542 Ravennae
1010 5490 1269 5555 papam,tanquam
1281 5483 1316 5541 ad
1327 5485 1472 5541 auctorem
1486 5480 1638 5537 contextus
1660 5479 1712 5535 aut
1724 5488 1834 5549 appro-

124 5571 218 5624 erant.
231 5568 361 5629 Fuerunt
373 5576 470 5632 autem
493 5574 629 5633 ducentis
652 5573 742 5634 ferme
765 5574 860 5635 annis.
876 5576 954 5634 Lon·
1010 5573 1137 5633 battonis
1146 5572 1229 5631 illius
1237 5572 1375 5646 catalogi,
1393 5569 1501 5630 obtulit
1510 5565 1608 5627 raucio
1620 5566 1668 5627 cul
1687 5564 1835 5639 sequioris
