3892 6136
98 196 126 261 m

114 328 182 394 lani
217 346 408 416 imperotores,
449 350 588 413 Consules,
630 352 770 407 Romano-
799 353 878 407 Anni

100 402 143 463 Pit·
157 412 213 466 lul.
251 432 323 477 ruan.
351 433 393 472 res
421 424 510 486 postte,
542 426 568 477 et
593 423 761 479 documenta.
800 426 831 479 U.
848 425 876 480 G.

111 478 205 547 napoli.
777 500 840 550 uate
856 502 883 551 et

126 542 184 624 Q
764 567 893 635 postam.

220 663 301 719 Febr.
318 664 447 719 eumdem
465 665 633 737 principem.

254 751 352 807 Julius
380 753 536 810 Frontinus
561 755 590 811 in
616 757 764 816 Britannia

221 841 331 897 Silures
341 841 447 898 domat.
459 843 549 900 Tacit.
562 844 592 901 in
603 846 666 902 Vita
675 847 764 919 Agri-

221 929 299 986 colae.

132 1214 191 1272 9790
255 1215 326 1286 lmp.
342 1215 411 1271 Caes.
429 1216 622 1286 Vespasianus
635 1219 708 1290 Aug.
722 1225 759 1276 tr.
805 1218 859 1276 899

135 1304 179 1367 99
219 1320 245 1375 p.
258 1301 287 1376 7,
302 1302 330 1360 8.
805 1308 860 1366 830

140 1397 165 1449 T
217 1430 295 1486 Coss·
326 1395 395 1477 imp.
418 1394 609 1462 Vespasianus
621 1396 694 1467 nug.
710 1411 761 1453 ιιιι

323 1466 406 1520 Titus
421 1463 502 1535 vesp.
521 1465 540 1520 l.
555 1467 627 1537 Aug.
646 1482 682 1522 vu

252 1555 294 1610 Ex
313 1553 376 1609 Kal.
397 1552 467 1608 Julii
490 1553 626 1610 suffectus
642 1556 673 1610 T.
694 1557 763 1613 Fla-

218 1643 284 1699 uius
303 1641 488 1697 Domitianus
503 1656 542 1712 rr,
559 1647 586 1698 et
600 1642 650 1698 Cn.
666 1643 762 1702 lulius

216 1730 361 1804 Agricola.

251 1819 340 1877 Vetus
372 1819 447 1890 lapis
476 1821 551 1890 apud
578 1821 697 1878 Panvin.
736 1831 763 1880 et

217 1909 327 1967 nummi
343 1908 419 1979 apud
435 1908 585 1965 Oeconem.

251 1998 385 2071 Agricola
406 2002 471 2068 post
487 1997 650 2055 absolutum
671 2000 767 2073 magi-

217 2093 339 2145 stratum
351 2087 519 2143 consulatus
532 2086 644 2144 suffecti
656 2090 764 2147 missus

219 2179 249 2233 in
269 2175 458 2245 Britanniam,
485 2189 570 2246 quam
593 2178 763 2249 paulopost

220 2265 306 2322 lerme
331 2265 493 2321 uuiversum
522 2264 647 2337 subegit.
671 2268 760 2324 Tacit.

221 2353 418 2425 inelusliita.

129 2435 190 2498 liat
257 2446 326 2515 lmp.
341 2442 410 2499 Cas.
426 2443 619 2513 Vespasianus
632 2445 706 2518 bug.
724 2450 759 2503 tr.
807 2446 860 2504 830

135 2524 183 2593 ³,3
220 2549 246 2605 p.
258 2531 286 2603 8,
299 2529 342 2589 9.“
807 2533 856 2592 83l

138 2617 175 2672 li.
219 2659 295 2716 cm
324 2622 692 2751 issgeoioffiuspcgmmodus

351 2735 357 2748 .
419 2709 434 2746 v
471 2709 484 2749 s
522 2709 546 2749 rr
583 2709 617 2749 us

253 2783 339 2854 lapis
357 2783 431 2853 apud
451 2781 537 2852 Spon.
562 2786 631 2838 sect.
659 2779 683 2852 9,
706 2788 760 2840 art.

221 2869 247 2941 9,
265 2873 295 2928 in
311 2872 407 2927 vinea.

253 2960 402 3030 ilontalto,
417 2959 502 3017 bodie
515 2959 546 3015 in
562 2962 667 3018 blusaeo
680 2959 760 3017 Alex.

221 3053 298 3109 card.
319 3049 434 3106 Albani.

255 3143 327 3198 Lues
351 3141 452 3211 ingens
473 3139 578 3207 Roma,
601 3139 641 3196 ita
662 3145 694 3195 ut
714 3155 764 3210 per

221 3231 282 3287 dies
292 3228 426 3301 singulos
436 3227 761 3286 ellerreuturbominum

221 3318 363 3375 amillia.
391 3317 546 3373 Suetonius
567 3324 595 3374 et
621 3318 762 3375 Eusebius

219 3411 246 3465 in
261 3410 368 3466 ebron.

100 3476 191 3553 ⁴792
255 3503 325 3570 imp.
340 3499 410 3554 Caes.
427 3496 620 3567 Vespasianus
633 3495 706 3567 Aug.
723 3502 760 3552 tr.
807 3493 856 3552 839

103 3568 146 3646 ⁴,
167 3584 182 3641 ι
218 3604 244 3659 p.
259 3585 287 3659 a,
304 3586 347 3644 ro.
808 3582 862 3641 saa

134 3671 170 3723 ⁰
218 3714 297 3771 aa.
325 3675 486 3804 latitia:
499 3676 695 3819 aliialii:
709 3688 760 3800 ll:

256 3838 372 3894 Nummi
393 3838 466 3907 apurl
487 3836 591 3891 Oecon.
607 3842 635 3891 et
649 3836 762 3891 bledio-

221 3929 301 3985 barb.
314 3934 342 3984 et
354 3928 507 3997 inscriptio
522 3927 597 3996 apud
612 3925 761 3981 Fleetvoocl

222 4033 282 4092 pag.
315 4015 362 4088 78,
394 4016 444 4073 ubi
469 4015 641 4085 corrigenda
664 4021 707 4069 est
730 4028 764 4069 ex

221 4108 345 4165 nummis
360 4106 428 4163 trib.
447 4113 504 4176 pot.
521 4103 548 4159 9.

254 4197 447 4266 vespasianus
456 4195 530 4265 bug.
546 4193 621 4249 obiit
635 4207 686 4248 mu
700 4191 764 4248 Kal.

219 4285 288 4342 iulii
305 4299 412 4341 annum
433 4298 520 4356 agens
535 4285 630 4339 aetatis
648 4281 693 4351 69,
709 4297 765 4339 su-

219 4389 326 4447 perque
352 4388 476 4430 mensem
503 4387 536 4428 ae
564 4373 640 4429 diem
670 4371 763 4441 septi·

221 4478 307 4519 mum.
324 4463 441 4520 Sueten.
463 4476 487 4517 c.
504 4459 551 4515 99.
566 4460 650 4515 Titus
671 4461 767 4529 impe-

220 4558 262 4608 rat
276 4565 312 4608 ex
326 4552 374 4607 die
387 4564 426 4605 vn
442 4551 503 4605 Kal.
520 4549 576 4605 iul.

254 4640 370 4696 Vesuvii
381 4641 524 4696 eructatio
535 4638 596 4693 Kal.
610 4634 760 4692 Novembr.

220 4743 275 4800 qua
303 4728 419 4785 Plinius
447 4726 609 4798 periit:ex
636 4722 763 4795 Epistola

223 4818 296 4874 Plin.
312 4817 454 4873 iunioris.

98 4928 191 5013 ’9793
253 4966 326 5032 imp.
349 4962 433 5019 Titus
449 4961 524 5033 patri
541 4959 681 5017 successit
696 4958 762 5015 trib.
811 4955 864 5015 839

100 5020 141 5082 5
163 5043 181 5100 ὃ
220 5059 276 5122 pot.
293 5053 321 5122 9,
338 5051 382 5108 99.
812 5045 865 5104 833

98 5110 135 5168 Β
164 5139 186 5191 Α
347 5145 417 5213 lmp.
432 5142 464 5197 Ti
479 5142 540 5198 uiui
557 5143 639 5211 l'esp.
654 5139 675 5194 l.
692 5142 763 5210 Aug.

219 5230 297 5287 Coss.
371 5247 399 5301 p.
416 5246 451 5286 m.
469 5237 504 5285 tr.
521 5246 547 5301 p.
570 5245 608 5300 nt,
623 5231 686 5285 Cos.
702 5244 762 5284 ιἰιι.

344 5322 527 5376 Domitianus
537 5319 701 5376 Caesareos.
713 5333 763 5373 sn.

254 5446 371 5503 Nummi
393 5447 467 5515 apul
486 5445 636 5509 Oeconem,
656 5450 681 5498 ct
703 5447 764 5499 iic-

222 5537 353 5601 rliobarb,
380 5541 409 5591 ct
436 5535 641 5601 inscriptiones
666 5535 766 5589 tiente-

565 222 734 282 CHRONOL.
763 226 902 285 CONSUL.

931 230 975 286 ET
1006 231 1086 287 GAES.
1115 235 1198 327 99099.
1221 237 1294 293 ETC.
1733 239 1787 302 lia

924 358 954 418 A
1003 359 1081 414 Anni
1113 360 1338 423 Christianorum.
1362 363 1517 418 iudeorum
1540 368 1565 419 et
1589 367 1659 434 tini-
1688 367 1767 423 Anni

985 429 1090 501 Olympo.
1143 435 1268 487 timoratos
1295 435 1468 503 populorum,
1496 436 1648 504 Pontifices,
1688 439 1758 491 AErae

1142 506 1234 568 licaes,
1254 520 1297 560 ros
1319 509 1401 572 posta>
1420 510 1445 559 ct
1463 506 1632 560 documento.
1668 506 1769 562 Christi

1105 607 1195 649 annos
1216 609 1254 663 ιιι,
1277 607 1387 650 menses
1406 594 1469 649 dies
1487 609 1514 649 x.
1530 595 1599 651 vide
1614 595 1644 650 in

1104 682 1645 754 arolegomenlsseriemchronolpon-

1105 771 1217 828 tilliom
1226 777 1253 827 et
1263 772 1291 827 in
1303 772 1390 844 notis,
1400 772 1433 828 ad
1446 777 1523 842 troni.
1533 773 1561 828 S.
1570 773 1642 829 Gleti

1104 862 1153 918 ubi
1167 863 1252 919 etlam
1268 863 1367 934 agitur
1377 862 1412 919 cle
1428 863 1578 920 vacatione
1592 864 1645 919 lto

1102 965 1192 1008 mance
1213 951 1292 1008 seclis
1313 965 1404 1023 usque
1425 951 1460 1008 acl
1480 951 1528 1009 alie
1545 965 1583 1007 xv
1598 953 1644 1008 Fe

1101 1039 1213 1097 bruarii
1228 1040 1297 1096 anni
1314 1041 1473 1113 sequentis.

989 1130 1064 1200 Olym
1131 1130 1227 1187 Cletus
1240 1129 1348 1189 electus
1360 1130 1515 1187 Clementis
1529 1144 1638 1188 succes·
1697 1127 1732 1186 ii

1002 1215 1055 1275 993
1101 1234 1149 1276 sor
1168 1220 1198 1275 in
1218 1219 1359 1276 cathedra
1381 1221 1506 1276 Romana
1525 1219 1645 1277 colloca·

1013 1323 1040 1364 ιι
1100 1315 1150 1365 tur
1174 1310 1222 1364 die
1245 1310 1394 1365 Dominica
1426 1307 1459 1364 l6
1483 1309 1643 1379 Februarii,

995 1404 1063 1453 elea
1099 1413 1184 1469 quam
1206 1412 1241 1454 ex
1260 1412 1293 1454 ea
1314 1398 1362 1454 die
1383 1400 1478 1454 tenuit
1497 1399 1582 1454 annis
1602 1413 1642 1464 ιιι,

981 1488 1076 1542 diebos
1097 1500 1221 1556 mensu,
1242 1488 1344 1544 cliebus
1364 1502 1392 1556 ιι,
1406 1502 1440 1543 ex
1460 1487 1507 1542 bis
1519 1501 1594 1543 coss.
1607 1488 1643 1542 ad

1006 1583 1054 1632 ost
1101 1577 1239 1634 Consules
1272 1591 1318 1633 an.
1351 1575 1397 1633 83.
1423 1577 1493 1633 Vide
1518 1576 1645 1648 prolego-

917 1671 944 1731 Β
982 1665 1079 1735 Olpmp
1104 1673 1225 1724 menaea
1240 1671 1322 1723 nous
1336 1672 1477 1736 utsupra.

1003 1753 1057 1812 ate

1024 2532 1033 2569 1
1135 2514 1206 2571 oleti
1223 2513 1248 2584 9,
1264 2513 1291 2571 2.
1696 2508 1733 2567 78

1018 2621 1039 2658 ιι
1134 2606 1202 2661 Tres
1216 2604 1301 2661 urbes
1315 2605 1399 2676 Cypri
1416 2605 1580 2660 terraemotu

1101 2702 1251 2751 corruunt.
1266 2694 1369 2750 Euseb.
1382 2691 1513 2749 Orosius.

921 2988 946 3050 C

1020 3488 1040 3526 ιι
1135 3468 1207 3525 Gleti
1219 3466 1247 3537 9,
1260 3463 1287 3524 5.
1698 3458 1735 3517 la

1012 3577 1044 3614 ιιι
1099 3556 1246 3628 Templum
1258 3556 1413 3611 Ventorum
1428 3549 1590 3606 Antiochiae

1101 3645 1281 3703 construitur
1308 3656 1323 3697 a
1347 3640 1531 3712 Vespasiano,
1558 3651 1645 3710 prope

1103 3736 1258 3791 tbeatrum.

1100 3827 1142 3882 lo.
1159 3822 1262 3881 Malaia
1274 3835 1329 3894 pag
1340 3818 1403 3878 339.

919 4350 946 4410 D

1015 5011 1047 5049 111
1137 4993 1209 5047 Cleti
1222 4991 1250 5061 3,
1265 4989 1291 5045 i.
1702 4979 1738 5037 80

1017 5096 1044 5138 tn
1139 5083 1210 5135 Dum
1224 5077 1333 5134 etbnici
1345 5075 1566 5148 superstitiones
1578 5071 1637 5129 rui·
1684 5073 1744 5128 ltiss

1099 5176 1180 5226 iuras
1217 5169 1247 5224 in
1285 5165 1427 5237 Capitolio
1470 5165 1647 5223 instaurant.

1114 5261 1210 5317 cletus
1233 5259 1386 5314 itomanam
1410 5255 1564 5312 Ecclesiam
1590 5255 1651 5309 Pre-

1103 5349 1231 5420 sbyterio
1248 5347 1365 5419 perenni
1387 5360 1453 5401 xxv.
1474 5343 1648 5401 Titularium

1122 5453 1157 5493 ex
1169 5438 1245 5492 Petri
1259 5437 1311 5506 lp.
1327 5440 1467 5506 praecepto
1482 5435 1585 5490 munit.
1600 5433 1650 5485 De·

1104 5526 1212 5582 dicatio
1232 5523 1447 5594 limpbitbeatri
1469 5537 1501 5577 ac
1517 5522 1649 5574 Tberma·
