3892 6136
117 271 185 332 4079

728 277 904 332 tststtstt
925 276 1195 332 ltlltlloltlectltlt

1758 270 1817 332 4084

196 399 276 460 dum
312 401 435 461 multos
468 400 569 461 libros
603 401 672 461 zelo
705 399 783 462 fidei
817 400 1016 462 Christianae
1052 398 1227 475 religionis
1261 381 1449 477 ascriberet,
1484 393 1654 470 martyrio
1687 413 1816 458 corona

154 497 173 556 5
194 498 259 557 tur.
286 497 391 560 aliie
418 494 501 577 feeit
524 500 649 578 septen
674 498 828 577 repiones
850 498 963 560 dividi
989 497 1136 559 notoriis
1161 494 1322 574 fidelibus
1340 495 1512 575 Ecclesia,
1538 497 1601 580 qni
1621 498 1723 577 qesta
1741 512 1817 557 nntr-

194 596 313 671 tprnnn
343 594 492 658 sollicite
524 599 556 658 et
591 597 722 659 errriose
750 597 985 677 nnnsqnisqne
1010 612 1072 675 per
1101 595 1272 675 repienen
1302 611 1400 656 snnn
1426 594 1618 676 diiiqenter
1641 594 1816 676 perquire·
1862 598 1866 613 '

195 694 284 753 rent.
323 691 385 753 Hic
423 690 500 753 fecit
539 692 622 754 duas
657 693 826 773 epistolas,
860 711 934 772 quae
969 692 1146 753 Catholicae
1172 689 1186 731 b
1216 692 1444 753 nominantur.
1483 692 1548 754 Hic
1588 710 1633 754 ex
1668 696 1817 773 precepto
1864 720 1866 729 ·

195 786 285 849 beati
327 789 415 850 Petri
455 791 599 868 suscepit
637 790 819 852 Ecclesiam
855 794 888 852 et
925 787 1156 871 pontificatum
1194 787 1455 867 gubernandum
1481 800 1494 831 ⁶
1524 789 1615 852 sicut
1650 789 1684 851 ei
1723 787 1817 850 fuerat
1864 854 1866 865 ,

197 903 217 946 a
256 887 397 948 Domino
440 889 520 949 Jesu
562 889 692 950 Christo
740 887 900 949 cathedra
939 888 1065 949 tradita
1104 886 1156 949 vel
1198 887 1385 949 commissa.
1435 888 1561 951 Tamen
1609 888 1648 949 in
1689 888 1817 968 epistola
1864 876 1866 919 ³

138 985 173 1044 10
192 1001 267 1064 quae
293 983 335 1045 ad
358 985 519 1047 iacobum
545 986 669 1067 scripta
693 990 754 1064 est,
776 987 920 1066 qualiter
947 986 978 1047 ei
1006 1004 1027 1046 a
1053 984 1149 1046 beato
1177 986 1272 1047 Petro
1298 985 1476 1048 commissa
1498 991 1549 1049 est
1574 987 1743 1065 Ecclesia,
1772 1003 1817 1048 44·
1864 998 1866 1043 4

198 1081 304 1155 peries
327 1079 353 1141 d.
386 1081 462 1144 Ideo
492 1083 597 1144 Linus
626 1085 659 1144 et
690 1085 802 1144 cletus
835 1087 913 1144 ante
945 1098 1022 1144 eum
1053 1082 1317 1161 conscribuntur,
1347 1097 1385 1144 eo
1416 1083 1503 1162 quod
1525 1083 1569 1145 ab
1598 1084 1675 1164 ipso
1700 1083 1818 1146 Princi-

197 1193 238 1258 pe
275 1181 497 1259 apostolorum
533 1180 576 1241 ad
613 1180 837 1242 ministerium
878 1180 1079 1242 sacerdotale
1118 1179 1346 1242 exhibendum
1384 1185 1463 1242 sunt
1500 1181 1652 1262 episcopi
1692 1180 1818 1243 ordina-

197 1275 234 1335 ti.
272 1277 341 1339 Hic
373 1276 457 1357 feeit
494 1279 728 1340 ordinationes
758 1277 843 1340 duas
876 1293 934 1357 per
965 1293 1115 1340 mensem
1148 1277 1360 1340 Decembrem
1388 1299 1394 1338 :
1418 1278 1642 1360 presbyteros
1679 1295 1717 1356 rr,
1751 1279 1818 1343 din-

198 1389 295 1435 44444
329 1392 362 1446 11,
402 1375 572 1456 episcopos
599 1392 665 1455 per
703 1376 839 1437 diverso
872 1374 944 1439 ioco
980 1393 1025 1436 rx.
1071 1375 1160 1438 Obiit
1196 1378 1332 1453 nioripr
1366 1392 1455 1437 drino
1492 1376 1652 1455 Projeni
1687 1393 1736 1453 nr,
1770 1379 1819 1458 qni
1864 1454 1866 1461 Ι

142 1470 178 1532 15
197 1470 298 1532 etiam
333 1471 490 1552 sepniins
517 1475 567 1534 444
597 1473 636 1534 in
671 1472 810 1549 Gracia,
829 1484 842 1513 0
862 1490 919 1533 rur
938 1472 1114 1535 Kalendas
1140 1471 1150 1512 f
1176 1472 1375 1551 Decembris,
1410 1476 1441 1534 ei
1472 1473 1622 1536 44444444
1655 1473 1820 1559 episeopo·
1863 1470 1866 1539 l

199 1572 258 1630 ins
279 1569 351 1631 dies
370 1586 444 1630 xxn
458 1580 483 1628 4.

700 1695 945 1757 CATALOGUS
968 1696 1046 1757 SUB
1065 1695 1245 1757 LIBERIO.

159 1820 312 1882 Clemens
334 1819 434 1880 annis
455 1821 485 1898 9,
506 1816 647 1880 mensib.
673 1821 721 1897 11,
742 1818 860 1881 diebus
881 1822 928 1881 12.
950 1821 1028 1883 Fuit
1047 1819 1251 1901 temporibus
1270 1821 1386 1883 Galbae
1408 1824 1441 1882 et
1465 1820 1688 1900 Vespasiani,
1707 1837 1730 1881 a
1750 1837 1818 1882 oon-

120 1918 232 1980 sulatu
258 1917 412 1980 Trachali
432 1920 464 1981 et
485 1916 605 1995 Italici,
628 1932 734 1996 usque
756 1919 964 1996 Vespasiano
986 1936 1031 1979 vrr
1051 1921 1084 1980 et
1106 1919 1190 1980 Tito.

691 2086 830 2132 NOTULAE
851 2088 1059 2133 MARGINALES
1080 2089 1252 2132 FABRO'I'FI.

154 2233 169 2264 ⁸
195 2223 264 2278 Vidi
288 2222 389 2276 Dnron.
416 2221 454 2275 ad
480 2236 546 2275 ann.
572 2219 617 2276 98.
643 2219 658 2261 b
686 2220 716 2283 C,
744 2223 898 2277 canonica.
930 2223 1000 2279 Vide
1026 2224 1092 2277 Dor.
1122 2238 1188 2278 nnn.
1217 2221 1289 2280 sse
1316 2223 1451 2280 Ecclesia
1478 2222 1681 2296 gubernandae
1715 2221 1819 2292 pontii-

119 2301 225 2349 catum.
245 2292 259 2333 d
283 2293 363 2360 Quod
383 2294 412 2347 in
432 2292 565 2361 epistola,
586 2300 639 2348 444.
661 2286 830 2362 reperietbr.
861 2295 929 2349 Vide
947 2294 1039 2348 Boron
1064 2295 1102 2349 ed
1120 2312 1186 2350 ann.
1208 2293 1270 2350 690
1295 2296 1362 2352 Vide
1381 2297 1481 2350 Boron.
1502 2295 1656 2362 liortprol¹
1682 2293 1712 2348 d.
1727 2290 1820 2350 93144

119 2365 203 2419 nent.
226 2362 238 2404 f
259 2363 290 2425 C,
310 2375 340 2418 44
359 2364 422 2418 liei.
440 2374 455 2415 8
474 2365 517 2428 lt,
534 2365 630 2434 plnres
649 2379 753 2419 menses
773 2370 798 2419 44
816 2365 885 2418 dies.

771 2508 911 2569 VARIAE
931 2509 1172 2574 LECTIONES.

250 2634 336 2703 Apud
355 2635 513 2688 Fabrottum
531 2648 565 2687 es
583 2633 671 2686 codice
688 2631 807 2685 14444444.

153 2740 234 2795 Num.
251 2737 277 2808 4,
296 2740 346 2793 lin.
366 2737 392 2809 3,
408 2742 440 2801 D,
460 2737 572 2808 Tragali
592 2743 620 2792 44
638 2737 743 2792 Italici.
761 2738 810 2790 lin.
827 2735 852 2792 4.
869 2739 900 2804 Β,
916 2743 945 2793 44

117 2809 291 2866 Christiana
307 2811 389 2881 relig.
405 2811 455 2864 lin.
473 2807 515 2877 i3,
529 2810 560 2874 D,
576 2808 623 2862 hic
639 2806 707 2863 iecit
720 2809 803 2878 duas,
817 2815 870 2864 etc.

234 2918 278 2970 En
292 2917 381 2970 codice
395 2918 486 2984 Regio,
502 2917 644 2970 Macerino
658 2921 683 2968 44
698 2916 821 2969 Theano.

151 3024 213 3077 Lin.
234 3021 261 3090 3,
282 3038 297 3078 4
316 3036 396 3079 cons.
418 3023 541 3084 Tragali.
563 3025 627 3084 Deo.
648 3028 672 3076 et
690 3023 729 3076 44.
750 3022 830 3083 ibid,
852 3036 944 3091 usque
996 3026 1066 3094 jano

1209 2637 1254 2689 4444
1272 2635 1357 2689 altero
1376 2634 1465 2688 codiee
1487 2635 1617 2689 Theano.

1033 2743 1095 2796 Lin.
1107 2738 1133 2809 3,
1148 2754 1239 2810 usque
1249 2741 1417 2809 Vespasiani
1428 2740 1468 2794 lX
1479 2746 1508 2796 44
1516 2741 1588 2796 Titi.
1601 2742 1654 2796 lin.
1666 2740 1697 2812 5,
1710 2741 1757 2796 bic
1766 2739 1823 2796 iecit

998 2825 1038 2866 vn
1052 2812 1193 2881 regiones,
1207 2821 1234 2867 ct
1244 2812 1347 2866 divisit
1357 2817 1416 2866 not.
1429 2811 1518 2879 lind,
1531 2813 1730 2882 perquireret.
1742 2811 1788 2864 4444.
1799 2808 1822 2877 44,

999 2884 1127 2950 suscepit
1137 2882 1269 2938 Ecclesia
1284 2882 1480 2951 pontiflcntun
1494 2883 1707 2952 gubernande.
1722 2884 1769 2937 lin.
1785 2879 1820 2951 44,

1000 2955 1063 3008 ideo
1079 2963 1232 3078 propterea
1257 2956 1287 3008 L.
1303 2956 1342 3007 lin
1364 2952 1407 3023 43,
1427 2953 1566 3008 diaconos
1586 2951 1615 3009 2.
1634 2955 1686 3009 lin.
1703 2952 1746 3010 44.
1760 2955 1821 3010 444-

1080 3025 1150 3094 ’,4
1166 3025 1252 3079 etiam
1269 3040 1291 3080 s.
1309 3030 1353 3080 est
1370 3025 1398 3079 in
1411 3025 1461 3080 Gr.
1476 3037 1525 3079 rur
1542 3025 1577 3078 ll.
1592 3026 1628 3079 D.
1641 3027 1725 3082 Tunc
1737 3037 1822 3082 44444-

118 3094 152 3149 444
171 3095 284 3163 vespas.
303 3108 331 3148 nt
348 3102 375 3149 et
389 3088 496 3150 Titum.
514 3095 565 3150 llic
584 3093 653 3149 44444
673 3107 712 3147 vn
729 3094 870 3163 regiones,
892 3093 942 3146 lin.
998 3097 1040 3151 vit
1055 3109 1099 3164 ep.
1115 3097 1145 3151 d.
1162 3093 1207 3151 44.

116 3165 144 3220 8.
161 3179 185 3219 s.
204 3165 336 3220 Ecclesia
357 3166 555 3234 pontitlcatum
576 3165 643 3235 gub.
665 3165 715 3218 lin.
731 3162 757 3219 9.
774 3178 845 3218 conr.
865 3163 942 3233 quod

117 3236 250 3305 epistola,
267 3251 330 3306 nure
345 3236 381 3290 ab
400 3237 496 3292 eodem
516 3236 660 3291 Clemente
675 3236 709 3290 ad
725 3233 859 3290 iacobum
877 3234 945 3302 epi-

115 3321 234 3375 scopum
252 3307 513 3377 Hierosolymorum
530 3312 639 3376 scripta
652 3312 703 3361 est.
719 3307 767 3359 lin.
782 3303 825 3370 40,
838 3319 942 3360 eornm.

116 3379 155 3432 sit
166 3378 240 3433 Eccl.
252 3379 529 3447 pleniusreperitur.
544 3379 710 3433 ldeoautem
725 3378 823 3432 Linus.
835 3379 885 3429 lin.
899 3373 942 3444 43,

114 3449 190 3504 «linc.
207 3447 224 3503 D
239 3451 288 3503 tin.
306 3446 348 3511 44,
367 3450 427 3504 loca
444 3447 485 3504 45.
500 3450 555 3517 Qui
571 3450 637 3504 durn
657 3448 763 3502 multos
778 3445 869 3502 libros
883 3446 943 3501 zelo

115 3519 287 3575 christianae
303 3521 368 3576 iidei
385 3520 536 3591 religionis
556 3520 721 3583 4444444444,
739 3519 877 3587 martyrio
892 3531 944 3572 co-

119 3597 294 3647 ronatusest
309 3591 509 3661 sabiniano,
525 3599 553 3647 et
568 3591 700 3661 sepultus
717 3592 746 3645 in
765 3590 875 3645 Graecia
894 3602 943 3642 444

118 3661 180 3717 Kal.
197 3664 263 3718 Dec.
279 3671 307 3718 et
321 3677 393 3718 cess.
411 3677 456 3732 ep.

1127 3221 1214 3290 Apud
1232 3221 1403 3276 holstenium
1422 3225 1448 3275 44
1465 3220 1709 3277 844444444444444.

1034 3353 1094 3405 Lin.
1112 3347 1139 3417 3,
1162 3350 1264 3410 Votis,
1279 3347 1350 3402 Flor.
1371 3348 1426 3400 duo
1440 3352 1466 3400 44
1480 3348 1567 3408 Coss,
1588 3347 1725 3419 Tragali.
1740 3345 1814 3403 nni

998 3424 1117 3481 Cossis..
1129 3426 1157 3476 44
1167 3420 1279 3474 divisit.
1290 3419 1352 3471 Lin.
1364 3418 1424 3471 eorl.
1437 3419 1522 3482 rior„
1537 3417 1678 3474 Ecclesiae
1690 3407 1825 3489 pontifics:

999 3502 1071 3549 tum.
1086 3493 1148 3545 Lin.
1167 3488 1209 3559 44,
1225 3489 1339 3558 Traiani
1357 3490 1400 3543 lll.
1418 3490 1591 3557 intelligitur
1606 3493 1710 3546 tertius
1730 3505 1817 3545 444444-

1000 3569 1083 3622 totns.

785 3789 909 3851 NOTAE
927 3780 1159 3847 VARIORUM.

371 3929 396 3985 Α
416 3931 689 3986 SCHELESTRATE.

154 4056 240 4111 Plura
252 4055 282 4110 in
292 4053 434 4109 Clemente
446 4059 543 4109 narret
554 4061 655 4110 444444
666 4053 744 4109 Libri
757 4054 947 4121 Pontidetlis,

120 4142 183 4198 nuae
204 4125 323 4181 aliunde
341 4138 425 4193 quam
450 4138 484 4179 ex
506 4128 630 4180 secundo
652 4126 780 4196 catalogo
799 4127 949 4194 desumpta

99 4205 199 4266 ¹sunt,
222 4209 314 4265 neque
337 4196 365 4250 id
386 4196 479 4262 ipsum
502 4196 646 4250 occultat:
666 4208 728 4250 narn
752 4211 814 4263 nnn
830 4196 864 4250 de
884 4196 950 4251 Cle-

122 4267 226 4324 rnentis
250 4265 417 4336 pontificatu
438 4263 534 4326 444444,
550 4281 584 4320 ex
597 4265 720 4336 epistola
740 4268 898 4323 Clementis
913 4267 947 4321 ad

120 4338 255 4395 iacobum
278 4352 309 4393 se
332 4338 526 4404 desumpsisse
547 4335 678 4392 affirmat.
699 4337 835 4405 Quamvis
855 4347 948 4394 autern

121 4408 883 4481 epistolaillasnpposititiasit,antiquissimntarnen
896 4416 949 4477 est,

121 4493 150 4539 44
161 4480 254 4538 44444444
267 4486 376 4536 aetatem
391 4487 516 4549 superat,
526 4481 668 4550 jamquea
681 4480 758 4535 tertii
771 4481 867 4535 sarculi
884 4481 948 4548 tine,

122 4561 173 4610 aut
187 4553 273 4608 initio
285 4553 380 4621 quarti
397 4552 451 4607 sub
466 4552 618 4607 Clementis
635 4553 749 4607 nornine
762 4550 951 4607 circumiere-

124 4627 219 4682 batur.
233 4626 300 4694 Qua
313 4630 407 4678 nutem
420 4624 449 4678 in
460 4624 603 4678 Clemente
614 4624 770 4679 traduntur
783 4624 811 4678 in
822 4625 950 4679 editione

123 4696 280 4762 anastasii,
298 4696 326 4748 in
350 4695 429 4750 Petro
448 4694 622 4749 exhibentur
636 4708 651 4748 4
667 4694 781 4750 duobus
799 4694 950 4749 codicibus

123 4767 310 4829 Florentinis,
325 4766 513 4830 cassiniensi,
531 4767 571 4820 uti
583 4771 610 4821 et
625 4768 777 4834 4444444444,
792 4767 911 4822 l'huano
923 4772 950 4820 et

125 4839 216 4895 altero
232 4837 397 4907 llarquardi
414 4837 539 4892 Freheri.

285 4957 362 5000 NOTAE
384 4956 411 4997 ltt
432 4956 587 5000 ctrttoeett
608 4957 786 4998 steterentin.

162 5054 291 5108 Clemens
306 5050 403 5117 tertio,
418 5051 514 5105 Cletus
527 5056 630 5120 quarto
643 5050 704 5105 loco
720 5056 867 5118 ponuntur
877 5067 884 5115 3
896 5063 952 5119 qua

127 5121 952 5192 veneratione,ignoraturzcnmcanonmissaetrnditionern

126 5196 260 5253 Ecclesiae
281 5195 415 5248 ltonranre
436 5192 480 5246 his
500 5193 595 5246 verbis
613 5193 764 5246 exhibeat:
780 5193 853 5252 Lini,
875 5194 951 5255 cleti,

127 5268 279 5322 Clementis.
288 5264 385 5317 -VV.
396 5262 447 5316 CC.
460 5263 655 5317 henschenius
665 5269 693 5317 et
705 5261 913 5330 papebrochius
922 5266 950 5318 in

128 5340 254 5393 editione
270 5334 391 5404 catalogi
409 5334 512 5387 Felicis
527 5333 561 5389 lV
575 5334 745 5388 Clementem
761 5338 949 5390 antedictum

128 5405 951 5476 44444444444,44444444444444444.4444444444444344444,

129 5492 213 5546 quem
229 5478 362 5547 pluribus
376 5475 523 5530 mensibus
540 5488 623 5543 penes
638 5491 679 5531 rne
694 5477 791 5536 hebui.
809 5484 836 5531 44
850 5492 884 5532 ex
895 5493 952 5548 quo

131 5549 222 5617 prima
235 5545 718 5616 4444444444444444444444444444444
731 5547 950 5616 44444444444444,

964 3925 1099 3988 Alnzius
1122 3924 1150 3978 in
1175 3920 1251 3977 notis
1274 3920 1308 3975 ad
1330 3933 1374 3974 me
1396 3919 1514 3975 missis:
1533 3919 1630 3977 dietus
1649 3910 1825 3993 ponitnrmt‘

1003 3998 1173 4053 Cierrtentem.

1306 4062 1521 4118 nutassent.
1616 4077 1619 4085 ¹

1042 4157 1127 4209 Linea
1139 4152 1166 4207 ii.
1179 4182 1215 4192 —
1225 4154 1275 4205 llic
1286 4155 1351 4217 feeit
1365 4157 1464 4220 septem
1476 4154 1606 4218 regiones
1618 4154 1714 4208 dividi
1727 4153 1826 4210 44444444

1005 4227 1129 4296 4444444444
1147 4225 1270 4277 Ecclesia
1285 4226 1333 4291 qni
1347 4231 1423 4289 pestu-
1440 4234 1599 4291 rnortprnm
1619 4227 1739 4280 sollicite
1751 4231 1826 4280 44444·

1005 4301 1075 4352 riose
1090 4297 1278 4363 rrnnsqnisqne
1291 4311 1342 4363 per
1357 4296 1491 4361 regionem
1509 4310 1592 4349 strom
1609 4297 1824 4366 diripenterper·

1005 4372 1155 4438 ponerent.
1172 4368 1194 4420 4
1212 4367 1356 4420 Clemente
1376 4365 1512 4434 pontifice
1533 4367 1646 4422 notarii
1670 4381 1723 4436 per
1736 4372 1823 4436 septen

1005 4439 1137 4510 regiones
1147 4437 1232 4493 Urbis
1242 4437 1389 4505 dispositi,
1400 4438 1448 4505 qui
1462 4444 1541 4505 gesta
1554 4446 1719 4507 martyrum
1730 4436 1823 4496 scribe·

1007 4517 1078 4579 rent,
1104 4517 1131 4563 44
1154 4510 1267 4563 inacta
1293 4508 1424 4563 Ecclesia
1446 4505 1599 4563 referrent.
1623 4511 1738 4566 Notarii
1760 4510 1823 4565 44444

1005 4582 1160 4649 scriptores
1185 4582 1235 4649 qui
1257 4578 1406 4633 celerrime
1428 4592 1476 4647 per
1499 4587 1584 4633 netas
1608 4579 1822 4637 scribebantbe

1006 4653 1113 4723 quibus
1128 4651 1269 4706 Martialis
1287 4650 1353 4704 libr.
1370 4663 1429 4719 niv,
1445 4650 1537 4721 epigr.
1552 4648 1629 4706 208:

1091 4759 1197 4808 Currant
1215 4756 1291 4805 rerba
1307 4756 1375 4813 licet,
1394 4771 1484 4804 munus
1501 4760 1541 4805 cst
1555 4759 1676 4808 velocior
1687 4759 1751 4808 illis:

1099 4821 1218 4869 Nondum
1236 4819 1422 4879 linguosuurn,
1440 4821 1528 4867 dextra
1544 4823 1650 4881 peregit
1668 4835 1746 4884 opus.

1007 4910 1074 4965 inde
1088 4909 1158 4963 dicti
1176 4908 1292 4973 notarii,
1310 4908 1385 4977 qtrod
1403 4921 1450 4975 per
1470 4913 1552 4963 notas
1568 4924 1635 4979 quse
1648 4909 1819 4981 4444444444-

1008 4990 1065 5044 tur,
1080 4980 1238 5035 celeritatis
1251 4991 1337 5032 causa
1351 4979 1520 5033 seriberent.
1533 4981 1709 5052 Augustin,
1719 4981 1820 5038 debor-

1008 5055 1077 5106 trin.
1101 5051 1262 5105 Christiana
1285 5049 1352 5103 libr.
1376 5063 1408 5119 11,
1431 5064 1492 5117 cap.
1510 5048 1603 5104 262«
1629 5055 1667 5107 lix
1688 5066 1721 5108 eo
1739 5059 1821 5123 genere

1009 5129 1077 5177 sunt
1092 5122 1176 5176 etiarn
1200 5128 1282 5189 rrotae,
1299 5133 1369 5188 oues
1385 5121 1434 5189 qui
1453 5120 1635 5191 didicerunt,
1655 5127 1767 5192 proprie
1775 5122 1821 5190 jau

1010 5193 1115 5248 notarii
1127 5191 1317 5261 appellantur.
1333 5210 1346 5239 o
1361 5192 1417 5246 Hoc
1427 5205 1529 5262 genere
1540 5194 1720 5263 scriptorum
1733 5191 1821 5263 pussitt

1010 5265 1055 5320 usi
1073 5272 1141 5318 sunt
1155 5271 1272 5317 veteres.
1294 5264 1456 5332 llieronym.
1480 5263 1508 5317 in
1530 5264 1636 5319 isaiam
1657 5278 1722 5335 cap.
1739 5277 1784 5319 rrn
1797 5262 1821 5315 in

1010 5335 1111 5405 Prolog
1127 5353 1133 5388 :
1152 5354 1165 5385 r
1187 5334 1335 5389 Dictamus
1352 5333 1420 5400 44444,
1438 5346 1494 5389 non
1515 5334 1690 5401 scribimus,
1706 5339 1822 5392 44444444

1009 5409 1186 5462 notariorum
1199 5419 1282 5460 nranu
1292 5405 1385 5460 currit
1395 5405 1498 5459 oratio.
1512 5423 1525 5454 n
1537 5406 1615 5460 litem
1626 5407 1661 5462 ad
1674 5407 1823 5476 hlipiunet

1007 5478 1170 5547 augustin:
1190 5497 1201 5527 «
1219 5477 1247 5530 Si
1264 5482 1356 5530 autern
1377 5476 1517 5531 Dominus
1538 5478 1627 5539 siren
1646 5477 1788 5545 tribuerit,
1800 5479 1823 5529 et

1009 5549 1186 5603 notariorum
1203 5546 1388 5601 habuerimus
1399 5549 1520 5615 copton.
1537 5551 1640 5614 paucis
1654 5547 1823 5606 lucubratio-

128 5619 225 5673 cletus
255 5618 357 5671 o'rdine
383 5612 496 5684 tertius,
528 5623 555 5672 et
579 5617 708 5671 Clernens
735 5621 836 5674 ordine
860 5635 951 5688 quar·
1007 5618 1823 5689 ninusresponnebtnus.nldenrsunugusrinntcnn-

130 5698 177 5744 tus
204 5686 401 5742 exnibeantur.
432 5690 534 5743 Eodem
562 5693 657 5743 autem
688 5689 769 5743 modo
797 5692 952 5746 exhibetur
969 5661 1068 5746 Bdent
1086 5691 1178 5745 Latini
1200 5690 1340 5743 sermonis
1362 5689 1389 5743 in
1409 5692 1461 5743 ista
1483 5691 1636 5757 provincia
1656 5693 1820 5749 notariorum

129 5760 226 5814 cletus
248 5757 277 5810 in
303 5769 353 5809 ms.
382 5758 410 5810 in
438 5759 536 5836 codice
554 5758 728 5829 colbertino,
753 5773 787 5815 ex
813 5776 869 5831 quo
895 5762 952 5818 Da·
1008 5761 1134 5831 patimur
1144 5760 1304 5829 penuriam.
1323 5778 1335 5809 »
1351 5762 1425 5816 ldem
1438 5773 1528 5830 genus
1540 5764 1720 5831 scriptorum
1735 5758 1820 5830 maiori
