<?xml version="1.0" encoding="UTF-8"?>
<!DOCTYPE html PUBLIC "-//W3C//DTD XHTML 1.0 Transitional//EN"
    "http://www.w3.org/TR/xhtml1/DTD/xhtml1-transitional.dtd">
<html xmlns="http://www.w3.org/1999/xhtml" xml:lang="en" lang="en">
 <head>
  <title>
</title>
<meta http-equiv="Content-Type" content="text/html;charset=utf-8" />
  <meta name='ocr-system' content='tesseract 3.04.00' />
  <meta name='ocr-capabilities' content='ocr_page ocr_carea ocr_par ocr_line ocrx_word'/>
</head>
<body>
  <div class='ocr_page' id='page_1' title='image "./patrologiaecurs48unkngoog_0068.png"; bbox 0 0 3892 6136; ppageno 0'>
   <div class='ocr_carea' id='block_1_1' title="bbox 67 269 1870 347">
    <p class='ocr_par' dir='ltr' id='par_1_1' title="bbox 67 269 1870 347">
     <span class='ocr_line' id='line_1_1' title="bbox 67 269 1870 347; baseline 0.011 -19"><span class='ocrx_word' id='word_1_1' title='bbox 67 269 119 329; x_wconf 76' lang='lat' dir='ltr'><strong>las</strong></span> <span class='ocrx_word' id='word_1_2' title='bbox 618 277 720 336; x_wconf 76' lang='lat' dir='ltr'><strong>norm</strong></span> <span class='ocrx_word' id='word_1_3' title='bbox 740 277 777 334; x_wconf 85' lang='lat' dir='ltr'><strong>ln</strong></span> <span class='ocrx_word' id='word_1_4' title='bbox 795 275 1004 335; x_wconf 84' lang='lat' dir='ltr'><strong>CATALOGUM</strong></span> <span class='ocrx_word' id='word_1_5' title='bbox 1026 277 1109 334; x_wconf 86' lang='grc'>44044.</span> <span class='ocrx_word' id='word_1_6' title='bbox 1130 279 1230 337; x_wconf 85' lang='grc' dir='ltr'><strong>ΡΟΝΤ.</strong></span> <span class='ocrx_word' id='word_1_7' title='bbox 1720 284 1773 347; x_wconf 68' lang='grc'><strong>496</strong></span> <span class='ocrx_word' id='word_1_8' title='bbox 1866 338 1870 346; x_wconf 91' lang='grc'><strong>.</strong></span> 
     </span>
    </p>
   </div>
   <div class='ocr_carea' id='block_1_2' title="bbox 60 396 1773 3048">
    <p class='ocr_par' dir='ltr' id='par_1_2' title="bbox 60 396 1773 3048">
     <span class='ocr_line' id='line_1_2' title="bbox 66 396 1771 481; baseline 0.011 -32"><span class='ocrx_word' id='word_1_9' title='bbox 66 396 162 452; x_wconf 83' lang='lat' dir='ltr'><strong>lendes</strong></span> <span class='ocrx_word' id='word_1_10' title='bbox 183 397 307 469; x_wconf 86' lang='lat' dir='ltr'><strong>Aprilis,</strong></span> <span class='ocrx_word' id='word_1_11' title='bbox 331 404 404 470; x_wconf 78' lang='lat' dir='ltr'><strong>feria</strong></span> <span class='ocrx_word' id='word_1_12' title='bbox 423 417 451 471; x_wconf 82' lang='lat' dir='ltr'><strong>v,</strong></span> <span class='ocrx_word' id='word_1_13' title='bbox 476 405 567 474; x_wconf 87' lang='lat' dir='ltr'><strong>primo</strong></span> <span class='ocrx_word' id='word_1_14' title='bbox 590 419 651 460; x_wconf 84' lang='lat' dir='ltr'><strong>uero</strong></span> <span class='ocrx_word' id='word_1_15' title='bbox 672 403 837 472; x_wconf 71' lang='lat' dir='ltr'><strong>azymorum</strong></span> <span class='ocrx_word' id='word_1_16' title='bbox 860 401 935 461; x_wconf 88' lang='lat' dir='ltr'><strong>dieA</strong></span> <span class='ocrx_word' id='word_1_17' title='bbox 950 405 1109 467; x_wconf 84' lang='lat' dir='ltr'><strong>auctoritas,</strong></span> <span class='ocrx_word' id='word_1_18' title='bbox 1119 409 1212 461; x_wconf 88' lang='lat' dir='ltr'><strong>octauo</strong></span> <span class='ocrx_word' id='word_1_19' title='bbox 1221 406 1359 462; x_wconf 91' lang='lat' dir='ltr'><strong>Kalendas</strong></span> <span class='ocrx_word' id='word_1_20' title='bbox 1372 407 1480 478; x_wconf 85' lang='lat' dir='ltr'><strong>Aprilis</strong></span> <span class='ocrx_word' id='word_1_21' title='bbox 1489 415 1630 481; x_wconf 85' lang='lat' dir='ltr'><strong>conceptus</strong></span> <span class='ocrx_word' id='word_1_22' title='bbox 1639 412 1771 477; x_wconf 74' lang='lat' dir='ltr'><strong>maditus,</strong></span> 
     </span>
     <span class='ocr_line' id='line_1_3' title="bbox 64 487 1772 566; baseline 0.012 -28"><span class='ocrx_word' id='word_1_23' title='bbox 64 487 195 541; x_wconf 81' lang='lat' dir='ltr'><strong><em>Dominus</em></strong></span> <span class='ocrx_word' id='word_1_24' title='bbox 209 494 305 545; x_wconf 85' lang='lat' dir='ltr'><strong>noster</strong></span> <span class='ocrx_word' id='word_1_25' title='bbox 320 493 399 546; x_wconf 83' lang='lat' dir='ltr'><strong>iesus</strong></span> <span class='ocrx_word' id='word_1_26' title='bbox 419 492 542 547; x_wconf 83' lang='lat' dir='ltr'><strong>Christus</strong></span> <span class='ocrx_word' id='word_1_27' title='bbox 554 508 661 548; x_wconf 84' lang='lat' dir='ltr'><strong>sanans</strong></span> <span class='ocrx_word' id='word_1_28' title='bbox 677 508 738 547; x_wconf 87' lang='lat' dir='ltr'><strong>cum</strong></span> <span class='ocrx_word' id='word_1_29' title='bbox 749 490 892 560; x_wconf 77' lang='lat' dir='ltr'><strong><em>discipulis</em></strong></span> <span class='ocrx_word' id='word_1_30' title='bbox 948 506 1004 560; x_wconf 88' lang='lat' dir='ltr'><strong>quo</strong></span> <span class='ocrx_word' id='word_1_31' title='bbox 1020 496 1046 546; x_wconf 88' lang='lat' dir='ltr'><strong>et</strong></span> <span class='ocrx_word' id='word_1_32' title='bbox 1060 508 1170 562; x_wconf 87' lang='lat' dir='ltr'><strong>pessus.</strong></span> <span class='ocrx_word' id='word_1_33' title='bbox 1187 494 1266 551; x_wconf 81' lang='lat' dir='ltr'>Licet</span> <span class='ocrx_word' id='word_1_34' title='bbox 1279 508 1346 551; x_wconf 87' lang='lat' dir='ltr'><strong>vero</strong></span> <span class='ocrx_word' id='word_1_35' title='bbox 1366 496 1526 566; x_wconf 81' lang='lat' dir='ltr'><strong>passionem</strong></span> <span class='ocrx_word' id='word_1_36' title='bbox 1548 497 1709 556; x_wconf 77' lang='lat' dir='ltr'><strong>inchoatam</strong></span> <span class='ocrx_word' id='word_1_37' title='bbox 1723 501 1772 558; x_wconf 85' lang='lat' dir='ltr'><strong>die</strong></span> 
     </span>
     <span class='ocr_line' id='line_1_4' title="bbox 63 577 1768 659; baseline 0.01 -32"><span class='ocrx_word' id='word_1_38' title='bbox 63 577 129 637; x_wconf 85' lang='lat' dir='ltr'><strong>suis,</strong></span> <span class='ocrx_word' id='word_1_39' title='bbox 144 582 299 646; x_wconf 78' lang='lat' dir='ltr'><strong>postquam</strong></span> <span class='ocrx_word' id='word_1_40' title='bbox 318 584 363 634; x_wconf 89' lang='lat' dir='ltr'><strong>sui</strong></span> <span class='ocrx_word' id='word_1_41' title='bbox 378 585 498 650; x_wconf 81' lang='lat' dir='ltr'><strong>eorporis</strong></span> <span class='ocrx_word' id='word_1_42' title='bbox 519 588 544 636; x_wconf 89' lang='lat' dir='ltr'><strong>et</strong></span> <span class='ocrx_word' id='word_1_43' title='bbox 557 583 702 650; x_wconf 77' lang='lat' dir='ltr'><strong>sanguinis</strong></span> <span class='ocrx_word' id='word_1_44' title='bbox 721 583 893 636; x_wconf 86' lang='lat' dir='ltr'><strong>sacramenta</strong></span> <span class='ocrx_word' id='word_1_45' title='bbox 948 592 1000 634; x_wconf 83' lang='lat' dir='ltr'><strong>van</strong></span> <span class='ocrx_word' id='word_1_46' title='bbox 1023 581 1164 638; x_wconf 84' lang='lat' dir='ltr'><strong>Kalendas</strong></span> <span class='ocrx_word' id='word_1_47' title='bbox 1188 581 1261 639; x_wconf 83' lang='lat' dir='ltr'><strong>teria</strong></span> <span class='ocrx_word' id='word_1_48' title='bbox 1283 583 1394 655; x_wconf 89' lang='lat' dir='ltr'><strong>quinta,</strong></span> <span class='ocrx_word' id='word_1_49' title='bbox 1419 583 1449 640; x_wconf 92' lang='lat' dir='ltr'><strong>in</strong></span> <span class='ocrx_word' id='word_1_50' title='bbox 1471 585 1555 641; x_wconf 91' lang='lat' dir='ltr'><strong>horto</strong></span> <span class='ocrx_word' id='word_1_51' title='bbox 1575 585 1768 659; x_wconf 86' lang='lat' dir='ltr'><strong>Gethsemaal,</strong></span> 
     </span>
     <span class='ocr_line' id='line_1_5' title="bbox 61 666 1773 743; baseline 0.009 -27"><span class='ocrx_word' id='word_1_52' title='bbox 61 666 202 733; x_wconf 72' lang='lat' dir='ltr'><strong>missorii,</strong></span> <span class='ocrx_word' id='word_1_53' title='bbox 221 667 262 721; x_wconf 86' lang='lat' dir='ltr'><strong>ad</strong></span> <span class='ocrx_word' id='word_1_54' title='bbox 279 673 397 724; x_wconf 76' lang='lat' dir='ltr'><strong>mntem</strong></span> <span class='ocrx_word' id='word_1_55' title='bbox 414 669 520 733; x_wconf 84' lang='lat' dir='ltr'><strong>oliveti,</strong></span> <span class='ocrx_word' id='word_1_56' title='bbox 543 672 613 725; x_wconf 87' lang='lat' dir='ltr'><strong>sieut</strong></span> <span class='ocrx_word' id='word_1_57' title='bbox 629 670 780 737; x_wconf 82' lang='lat' dir='ltr'><strong>Euenpelia</strong></span> <span class='ocrx_word' id='word_1_58' title='bbox 798 672 892 723; x_wconf 86' lang='lat' dir='ltr'><strong>saneta</strong></span> <span class='ocrx_word' id='word_1_59' title='bbox 947 666 1111 725; x_wconf 81' lang='lat' dir='ltr'><strong>contuderit</strong></span> <span class='ocrx_word' id='word_1_60' title='bbox 1122 676 1190 726; x_wconf 86' lang='lat' dir='ltr'><strong>aetas</strong></span> <span class='ocrx_word' id='word_1_61' title='bbox 1200 671 1342 741; x_wconf 88' lang='lat' dir='ltr'><strong>posterior</strong></span> <span class='ocrx_word' id='word_1_62' title='bbox 1351 686 1414 729; x_wconf 89' lang='lat' dir='ltr'><strong>eum</strong></span> <span class='ocrx_word' id='word_1_63' title='bbox 1430 672 1562 743; x_wconf 81' lang='lat' dir='ltr'><strong>passione</strong></span> <span class='ocrx_word' id='word_1_64' title='bbox 1573 672 1603 729; x_wconf 91' lang='lat' dir='ltr'><strong>in</strong></span> <span class='ocrx_word' id='word_1_65' title='bbox 1613 686 1699 731; x_wconf 88' lang='lat' dir='ltr'><strong>cruce</strong></span> <span class='ocrx_word' id='word_1_66' title='bbox 1707 687 1773 731; x_wconf 89' lang='lat' dir='ltr'><strong>eoa·</strong></span> 
     </span>
     <span class='ocr_line' id='line_1_6' title="bbox 63 756 1771 832; baseline 0.008 -26"><span class='ocrx_word' id='word_1_67' title='bbox 63 756 209 817; x_wconf 70' lang='lat' dir='ltr'><strong>testantur,</strong></span> <span class='ocrx_word' id='word_1_68' title='bbox 228 771 405 824; x_wconf 87' lang='lat' dir='ltr'><strong>proqressus,</strong></span> <span class='ocrx_word' id='word_1_69' title='bbox 426 759 518 827; x_wconf 80' lang='lat' dir='ltr'><strong>ibique</strong></span> <span class='ocrx_word' id='word_1_70' title='bbox 538 759 662 813; x_wconf 87' lang='lat' dir='ltr'><strong>detentus</strong></span> <span class='ocrx_word' id='word_1_71' title='bbox 684 760 724 812; x_wconf 90' lang='lat' dir='ltr'><strong>est</strong></span> <span class='ocrx_word' id='word_1_72' title='bbox 743 773 761 811; x_wconf 91' lang='lat' dir='ltr'><strong>a</strong></span> <span class='ocrx_word' id='word_1_73' title='bbox 777 757 890 819; x_wconf 81' lang='lat' dir='ltr'><strong>iudeis,</strong></span> <span class='ocrx_word' id='word_1_74' title='bbox 946 764 1088 813; x_wconf 90' lang='lat' dir='ltr'><strong>summata</strong></span> <span class='ocrx_word' id='word_1_75' title='bbox 1100 758 1147 814; x_wconf 88' lang='lat' dir='ltr'><strong>die</strong></span> <span class='ocrx_word' id='word_1_76' title='bbox 1159 773 1200 815; x_wconf 86' lang='lat' dir='ltr'><strong>vn</strong></span> <span class='ocrx_word' id='word_1_77' title='bbox 1212 759 1363 832; x_wconf 88' lang='lat' dir='ltr'><strong>Kalendas,</strong></span> <span class='ocrx_word' id='word_1_78' title='bbox 1378 760 1450 817; x_wconf 83' lang='lat' dir='ltr'><strong>teria</strong></span> <span class='ocrx_word' id='word_1_79' title='bbox 1462 775 1503 832; x_wconf 83' lang='lat' dir='ltr'><strong>vl,</strong></span> <span class='ocrx_word' id='word_1_80' title='bbox 1518 762 1548 818; x_wconf 93' lang='lat' dir='ltr'><strong>in</strong></span> <span class='ocrx_word' id='word_1_81' title='bbox 1561 766 1657 819; x_wconf 86' lang='lat' dir='ltr'><strong>monte</strong></span> <span class='ocrx_word' id='word_1_82' title='bbox 1667 762 1771 820; x_wconf 83' lang='lat' dir='ltr'><strong>caira-</strong></span> 
     </span>
     <span class='ocr_line' id='line_1_7' title="bbox 63 842 1771 920; baseline 0.008 -24"><span class='ocrx_word' id='word_1_83' title='bbox 63 842 188 897; x_wconf 85' lang='lat' dir='ltr'><strong>iradente</strong></span> <span class='ocrx_word' id='word_1_84' title='bbox 200 844 348 915; x_wconf 82' lang='lat' dir='ltr'><strong>discipulo.</strong></span> <span class='ocrx_word' id='word_1_85' title='bbox 364 847 467 902; x_wconf 88' lang='lat' dir='ltr'><strong>Dehine</strong></span> <span class='ocrx_word' id='word_1_86' title='bbox 478 851 556 901; x_wconf 84' lang='lat' dir='ltr'><strong>saeta</strong></span> <span class='ocrx_word' id='word_1_87' title='bbox 570 849 643 915; x_wconf 78' lang='lat' dir='ltr'><strong>seria</strong></span> <span class='ocrx_word' id='word_1_88' title='bbox 657 846 846 915; x_wconf 85' lang='lat' dir='ltr'><strong>subsequente,</strong></span> <span class='ocrx_word' id='word_1_89' title='bbox 859 845 890 898; x_wconf 89' lang='lat' dir='ltr'><strong>id</strong></span> <span class='ocrx_word' id='word_1_90' title='bbox 948 845 998 900; x_wconf 85' lang='lat' dir='ltr'><strong>riae</strong></span> <span class='ocrx_word' id='word_1_91' title='bbox 1014 863 1022 913; x_wconf 74' lang='grc' dir='ltr'><strong>ς</strong></span> <span class='ocrx_word' id='word_1_92' title='bbox 1037 850 1159 903; x_wconf 79' lang='lat' dir='ltr'><strong>attamen</strong></span> <span class='ocrx_word' id='word_1_93' title='bbox 1184 848 1340 917; x_wconf 77' lang='lat' dir='ltr'><strong>Victorino,</strong></span> <span class='ocrx_word' id='word_1_94' title='bbox 1369 849 1412 906; x_wconf 92' lang='lat' dir='ltr'><strong>uti</strong></span> <span class='ocrx_word' id='word_1_95' title='bbox 1438 849 1576 920; x_wconf 75' lang='lat' dir='ltr'><strong>vidimuS,</strong></span> <span class='ocrx_word' id='word_1_96' title='bbox 1602 854 1631 907; x_wconf 86' lang='lat' dir='ltr'><strong>et</strong></span> <span class='ocrx_word' id='word_1_97' title='bbox 1650 864 1716 908; x_wconf 88' lang='lat' dir='ltr'><strong>cnm</strong></span> <span class='ocrx_word' id='word_1_98' title='bbox 1737 864 1771 909; x_wconf 84' lang='lat' dir='ltr'><strong>co</strong></span> 
     </span>
     <span class='ocr_line' id='line_1_8' title="bbox 63 932 1772 1008; baseline 0.008 -24"><span class='ocrx_word' id='word_1_99' title='bbox 63 936 99 984; x_wconf 82' lang='lat' dir='ltr'><strong>est</strong></span> <span class='ocrx_word' id='word_1_100' title='bbox 117 944 156 986; x_wconf 80' lang='lat' dir='ltr'><strong>vn</strong></span> <span class='ocrx_word' id='word_1_101' title='bbox 176 932 322 988; x_wconf 81' lang='lat' dir='ltr'><strong>Kalendas</strong></span> <span class='ocrx_word' id='word_1_102' title='bbox 343 935 463 1004; x_wconf 76' lang='lat' dir='ltr'><strong>Aprilis,</strong></span> <span class='ocrx_word' id='word_1_103' title='bbox 483 938 628 1005; x_wconf 72' lang='lat' dir='ltr'><strong>amicitiores</strong></span> <span class='ocrx_word' id='word_1_104' title='bbox 645 938 684 989; x_wconf 86' lang='lat' dir='ltr'><strong>est</strong></span> <span class='ocrx_word' id='word_1_105' title='bbox 702 939 728 989; x_wconf 90' lang='lat' dir='ltr'><strong>et</strong></span> <span class='ocrx_word' id='word_1_106' title='bbox 748 933 870 1004; x_wconf 89' lang='lat' dir='ltr'><strong>sepultus</strong></span> <span class='ocrx_word' id='word_1_107' title='bbox 880 951 889 999; x_wconf 70' lang='grc' dir='ltr'><strong><em>ς</em></strong></span> <span class='ocrx_word' id='word_1_108' title='bbox 944 932 1111 1003; x_wconf 78' lang='lat' dir='ltr'><strong>chronologi</strong></span> <span class='ocrx_word' id='word_1_109' title='bbox 1124 935 1660 1008; x_wconf 81' lang='lat' dir='ltr'><strong>diligentioresdistiuguuntdiemvni</strong></span> <span class='ocrx_word' id='word_1_110' title='bbox 1672 938 1772 996; x_wconf 86' lang='lat' dir='ltr'><strong>Kalen·</strong></span> 
     </span>
     <span class='ocr_line' id='line_1_9' title="bbox 62 1020 1768 1097; baseline 0.007 -24"><span class='ocrx_word' id='word_1_111' title='bbox 62 1021 141 1074; x_wconf 78' lang='lat' dir='ltr'><strong>terna</strong></span> <span class='ocrx_word' id='word_1_112' title='bbox 154 1021 214 1084; x_wconf 86' lang='lat' dir='ltr'><strong>die,</strong></span> <span class='ocrx_word' id='word_1_113' title='bbox 230 1022 279 1076; x_wconf 84' lang='lat' dir='ltr'><strong>noe</strong></span> <span class='ocrx_word' id='word_1_114' title='bbox 294 1028 335 1077; x_wconf 89' lang='lat' dir='ltr'><strong>est</strong></span> <span class='ocrx_word' id='word_1_115' title='bbox 349 1037 365 1076; x_wconf 88' lang='lat' dir='ltr'>v</span> <span class='ocrx_word' id='word_1_116' title='bbox 380 1024 519 1078; x_wconf 81' lang='lat' dir='ltr'><strong>Kalendas</strong></span> <span class='ocrx_word' id='word_1_117' title='bbox 534 1024 652 1093; x_wconf 79' lang='lat' dir='ltr'><strong>Aprilis,</strong></span> <span class='ocrx_word' id='word_1_118' title='bbox 668 1025 809 1080; x_wconf 74' lang='lat' dir='ltr'><strong>dominica</strong></span> <span class='ocrx_word' id='word_1_119' title='bbox 823 1036 891 1075; x_wconf 80' lang='lat' dir='ltr'><strong>sne·</strong></span> <span class='ocrx_word' id='word_1_120' title='bbox 944 1020 996 1076; x_wconf 89' lang='lat' dir='ltr'><strong>das</strong></span> <span class='ocrx_word' id='word_1_121' title='bbox 1010 1021 1157 1079; x_wconf 80' lang='lat' dir='ltr'><strong>Passionis</strong></span> <span class='ocrx_word' id='word_1_122' title='bbox 1178 1025 1296 1081; x_wconf 88' lang='lat' dir='ltr'><strong>initium</strong></span> <span class='ocrx_word' id='word_1_123' title='bbox 1312 1025 1342 1081; x_wconf 91' lang='lat' dir='ltr'><strong>in</strong></span> <span class='ocrx_word' id='word_1_124' title='bbox 1360 1024 1453 1093; x_wconf 87' lang='lat' dir='ltr'><strong>horto,</strong></span> <span class='ocrx_word' id='word_1_125' title='bbox 1469 1026 1548 1082; x_wconf 88' lang='lat' dir='ltr'><strong>adie</strong></span> <span class='ocrx_word' id='word_1_126' title='bbox 1560 1039 1600 1082; x_wconf 82' lang='lat' dir='ltr'><strong>rn</strong></span> <span class='ocrx_word' id='word_1_127' title='bbox 1616 1027 1768 1097; x_wconf 77' lang='lat' dir='ltr'><strong>Kalendas,</strong></span> 
     </span>
     <span class='ocr_line' id='line_1_10' title="bbox 60 1110 1769 1186; baseline 0.006 -23"><span class='ocrx_word' id='word_1_128' title='bbox 60 1110 889 1182; x_wconf 73' lang='lat' dir='ltr'><strong>rmiramormis.veroasuntvmteriisuhilarumsancti</strong></span> <span class='ocrx_word' id='word_1_129' title='bbox 945 1110 1092 1167; x_wconf 85' lang='lat' dir='ltr'><strong>Passionis</strong></span> <span class='ocrx_word' id='word_1_130' title='bbox 1122 1113 1244 1169; x_wconf 91' lang='lat' dir='ltr'><strong>termino</strong></span> <span class='ocrx_word' id='word_1_131' title='bbox 1272 1114 1303 1168; x_wconf 91' lang='lat' dir='ltr'><strong>in</strong></span> <span class='ocrx_word' id='word_1_132' title='bbox 1331 1113 1481 1185; x_wconf 85' lang='lat' dir='ltr'><strong>Golgotha.</strong></span> <span class='ocrx_word' id='word_1_133' title='bbox 1505 1116 1541 1170; x_wconf 85' lang='lat' dir='ltr'><strong>Et</strong></span> <span class='ocrx_word' id='word_1_134' title='bbox 1567 1115 1769 1186; x_wconf 77' lang='lat' dir='ltr'><strong>castigatiores</strong></span> 
     </span>
     <span class='ocr_line' id='line_1_11' title="bbox 62 1196 1769 1274; baseline 0.006 -23"><span class='ocrx_word' id='word_1_135' title='bbox 62 1196 163 1253; x_wconf 68' lang='lat' dir='ltr'><strong>uanis</strong></span> <span class='ocrx_word' id='word_1_136' title='bbox 176 1197 274 1269; x_wconf 80' lang='lat' dir='ltr'><strong>Kagai</strong></span> <span class='ocrx_word' id='word_1_137' title='bbox 286 1202 356 1256; x_wconf 91' lang='lat' dir='ltr'><strong>tunc</strong></span> <span class='ocrx_word' id='word_1_138' title='bbox 369 1200 614 1268; x_wconf 84' lang='lat' dir='ltr'><strong>archidiaconum,</strong></span> <span class='ocrx_word' id='word_1_139' title='bbox 626 1199 891 1256; x_wconf 87' lang='lat' dir='ltr'><strong>deindesneeesse-</strong></span> <span class='ocrx_word' id='word_1_140' title='bbox 946 1198 1086 1256; x_wconf 82' lang='lat' dir='ltr'><strong>Lactamii</strong></span> <span class='ocrx_word' id='word_1_141' title='bbox 1103 1200 1246 1257; x_wconf 89' lang='lat' dir='ltr'><strong>editiones</strong></span> <span class='ocrx_word' id='word_1_142' title='bbox 1263 1200 1317 1274; x_wconf 89' lang='lat' dir='ltr'><strong>(uli</strong></span> <span class='ocrx_word' id='word_1_143' title='bbox 1337 1204 1541 1274; x_wconf 80' lang='lat' dir='ltr'><strong>Lugdunenses</strong></span> <span class='ocrx_word' id='word_1_144' title='bbox 1559 1203 1633 1272; x_wconf 80' lang='lat' dir='ltr'><strong>due,</strong></span> <span class='ocrx_word' id='word_1_145' title='bbox 1650 1204 1769 1261; x_wconf 90' lang='lat' dir='ltr'><strong>loannis</strong></span> 
     </span>
     <span class='ocr_line' id='line_1_12' title="bbox 62 1285 1766 1362; baseline 0.006 -22"><span class='ocrx_word' id='word_1_146' title='bbox 62 1297 128 1355; x_wconf 80' lang='lat' dir='ltr'><strong>mm,</strong></span> <span class='ocrx_word' id='word_1_147' title='bbox 153 1285 185 1340; x_wconf 91' lang='lat' dir='ltr'><strong>in</strong></span> <span class='ocrx_word' id='word_1_148' title='bbox 207 1285 377 1356; x_wconf 78' lang='lat' dir='ltr'><strong>praelatione</strong></span> <span class='ocrx_word' id='word_1_149' title='bbox 399 1287 541 1357; x_wconf 87' lang='lat' dir='ltr'><strong>paschalis</strong></span> <span class='ocrx_word' id='word_1_150' title='bbox 562 1288 648 1360; x_wconf 84' lang='lat' dir='ltr'><strong>Festi,</strong></span> <span class='ocrx_word' id='word_1_151' title='bbox 667 1288 744 1344; x_wconf 89' lang='lat' dir='ltr'><strong>edita</strong></span> <span class='ocrx_word' id='word_1_152' title='bbox 763 1301 814 1358; x_wconf 91' lang='lat' dir='ltr'><strong>per</strong></span> <span class='ocrx_word' id='word_1_153' title='bbox 831 1287 891 1342; x_wconf 89' lang='lat' dir='ltr'><strong>Bu·</strong></span> <span class='ocrx_word' id='word_1_154' title='bbox 927 1289 1093 1360; x_wconf 21' lang='lat' dir='ltr'><strong>,Parrasii</strong></span> <span class='ocrx_word' id='word_1_155' title='bbox 1107 1303 1182 1345; x_wconf 88' lang='lat' dir='ltr'><strong>anno</strong></span> <span class='ocrx_word' id='word_1_156' title='bbox 1195 1287 1274 1359; x_wconf 78' lang='lat' dir='ltr'><strong>titii,</strong></span> <span class='ocrx_word' id='word_1_157' title='bbox 1288 1295 1317 1346; x_wconf 92' lang='lat' dir='ltr'><strong>et</strong></span> <span class='ocrx_word' id='word_1_158' title='bbox 1328 1291 1441 1347; x_wconf 80' lang='lat' dir='ltr'><strong>Thema</strong></span> <span class='ocrx_word' id='word_1_159' title='bbox 1455 1290 1583 1347; x_wconf 74' lang='grc'>90044000</span> <span class='ocrx_word' id='word_1_160' title='bbox 1596 1305 1671 1348; x_wconf 90' lang='lat' dir='ltr'><strong>anno</strong></span> <span class='ocrx_word' id='word_1_161' title='bbox 1687 1290 1766 1362; x_wconf 81' lang='lat' dir='ltr'><strong>leat,</strong></span> 
     </span>
     <span class='ocr_line' id='line_1_13' title="bbox 61 1373 1769 1449; baseline 0.004 -19"><span class='ocrx_word' id='word_1_162' title='bbox 61 1373 205 1442; x_wconf 88' lang='lat' dir='ltr'><strong>cherium,</strong></span> <span class='ocrx_word' id='word_1_163' title='bbox 223 1388 289 1447; x_wconf 78' lang='lat' dir='ltr'><strong>pag.</strong></span> <span class='ocrx_word' id='word_1_164' title='bbox 305 1374 323 1431; x_wconf 88' lang='grc'>9</span> <span class='ocrx_word' id='word_1_165' title='bbox 944 1392 1008 1448; x_wconf 72' lang='lat' dir='ltr'><strong>quse</strong></span> <span class='ocrx_word' id='word_1_166' title='bbox 1025 1378 1163 1435; x_wconf 88' lang='lat' dir='ltr'><strong>dicuntur</strong></span> <span class='ocrx_word' id='word_1_167' title='bbox 1177 1395 1211 1433; x_wconf 85' lang='lat' dir='ltr'><strong>ee</strong></span> <span class='ocrx_word' id='word_1_168' title='bbox 1228 1380 1281 1449; x_wconf 75' lang='lat' dir='ltr'><strong>fide</strong></span> <span class='ocrx_word' id='word_1_169' title='bbox 1296 1384 1322 1433; x_wconf 88' lang='lat' dir='ltr'><strong>et</strong></span> <span class='ocrx_word' id='word_1_170' title='bbox 1339 1382 1500 1435; x_wconf 81' lang='lat' dir='ltr'><strong>auctoritate</strong></span> <span class='ocrx_word' id='word_1_171' title='bbox 1519 1380 1651 1436; x_wconf 82' lang='lat' dir='ltr'><strong>librorum</strong></span> <span class='ocrx_word' id='word_1_172' title='bbox 1665 1397 1769 1437; x_wconf 89' lang='lat' dir='ltr'><strong>manu-</strong></span> 
     </span>
     <span class='ocr_line' id='line_1_14' title="bbox 91 1463 1768 1539; baseline 0.005 -21"><span class='ocrx_word' id='word_1_173' title='bbox 91 1464 133 1518; x_wconf 82' lang='lat' dir='ltr'><strong>Ne</strong></span> <span class='ocrx_word' id='word_1_174' title='bbox 157 1469 256 1519; x_wconf 72' lang='lat' dir='ltr'><strong>umen</strong></span> <span class='ocrx_word' id='word_1_175' title='bbox 282 1463 411 1521; x_wconf 75' lang='lat' dir='ltr'><strong>differam</strong></span> <span class='ocrx_word' id='word_1_176' title='bbox 436 1465 579 1537; x_wconf 87' lang='lat' dir='ltr'><strong>specimen</strong></span> <span class='ocrx_word' id='word_1_177' title='bbox 600 1465 718 1538; x_wconf 83' lang='lat' dir='ltr'><strong>aliquod</strong></span> <span class='ocrx_word' id='word_1_178' title='bbox 743 1465 890 1522; x_wconf 79' lang='lat' dir='ltr'><strong>firmitatis</strong></span> <span class='ocrx_word' id='word_1_179' title='bbox 943 1468 1105 1536; x_wconf 79' lang='lat' dir='ltr'><strong>scriptorum</strong></span> <span class='ocrx_word' id='word_1_180' title='bbox 1129 1468 1508 1539; x_wconf 82' lang='lat' dir='ltr'><strong>emendatae,lih.1v,eap.</strong></span> <span class='ocrx_word' id='word_1_181' title='bbox 1534 1467 1577 1539; x_wconf 86' lang='grc'><strong>40,</strong></span> <span class='ocrx_word' id='word_1_182' title='bbox 1602 1469 1768 1526; x_wconf 87' lang='lat' dir='ltr'><strong>divinarum</strong></span> 
     </span>
     <span class='ocr_line' id='line_1_15' title="bbox 62 1551 1769 1627; baseline 0.004 -19"><span class='ocrx_word' id='word_1_183' title='bbox 62 1551 126 1608; x_wconf 86' lang='lat' dir='ltr'><strong>dare</strong></span> <span class='ocrx_word' id='word_1_184' title='bbox 138 1551 232 1622; x_wconf 83' lang='lat' dir='ltr'><strong>hujus</strong></span> <span class='ocrx_word' id='word_1_185' title='bbox 246 1553 450 1627; x_wconf 83' lang='lat' dir='ltr'><strong>chronologiae,</strong></span> <span class='ocrx_word' id='word_1_186' title='bbox 468 1556 543 1611; x_wconf 88' lang='lat' dir='ltr'><strong>unde</strong></span> <span class='ocrx_word' id='word_1_187' title='bbox 558 1556 632 1611; x_wconf 86' lang='lat' dir='ltr'><strong>ratio</strong></span> <span class='ocrx_word' id='word_1_188' title='bbox 647 1559 805 1625; x_wconf 90' lang='lat' dir='ltr'><strong>temporum</strong></span> <span class='ocrx_word' id='word_1_189' title='bbox 822 1566 890 1625; x_wconf 90' lang='lat' dir='ltr'><strong>pon·</strong></span> <span class='ocrx_word' id='word_1_190' title='bbox 943 1555 1163 1612; x_wconf 85' lang='lat' dir='ltr'><strong>institutionum</strong></span> <span class='ocrx_word' id='word_1_191' title='bbox 1188 1556 1248 1612; x_wconf 74' lang='lat' dir='ltr'><strong>haee</strong></span> <span class='ocrx_word' id='word_1_192' title='bbox 1267 1556 1372 1613; x_wconf 89' lang='lat' dir='ltr'><strong>hahent</strong></span> <span class='ocrx_word' id='word_1_193' title='bbox 1390 1574 1398 1613; x_wconf 73' lang='grc' dir='ltr'><strong><em>ε</em></strong></span> <span class='ocrx_word' id='word_1_194' title='bbox 1416 1557 1524 1612; x_wconf 77' lang='lat' dir='ltr'><strong>deinde</strong></span> <span class='ocrx_word' id='word_1_195' title='bbox 1545 1558 1695 1614; x_wconf 86' lang='lat' dir='ltr'><strong>tetrarchas</strong></span> <span class='ocrx_word' id='word_1_196' title='bbox 1713 1558 1769 1614; x_wconf 80' lang='lat' dir='ltr'><strong>lta-</strong></span> 
     </span>
     <span class='ocr_line' id='line_1_16' title="bbox 62 1641 1768 1717; baseline 0.003 -21"><span class='ocrx_word' id='word_1_197' title='bbox 62 1641 177 1697; x_wconf 84' lang='lat' dir='ltr'><strong>titlcalis</strong></span> <span class='ocrx_word' id='word_1_198' title='bbox 199 1641 332 1699; x_wconf 79' lang='lat' dir='ltr'><strong>historia</strong></span> <span class='ocrx_word' id='word_1_199' title='bbox 351 1643 469 1700; x_wconf 90' lang='lat' dir='ltr'><strong>initium</strong></span> <span class='ocrx_word' id='word_1_200' title='bbox 489 1645 581 1712; x_wconf 86' lang='lat' dir='ltr'><strong>ducit,</strong></span> <span class='ocrx_word' id='word_1_201' title='bbox 601 1645 631 1700; x_wconf 92' lang='lat' dir='ltr'><strong>in</strong></span> <span class='ocrx_word' id='word_1_202' title='bbox 646 1644 771 1701; x_wconf 88' lang='lat' dir='ltr'><strong>medium</strong></span> <span class='ocrx_word' id='word_1_203' title='bbox 790 1642 888 1714; x_wconf 88' lang='lat' dir='ltr'><strong>proie-</strong></span> <span class='ocrx_word' id='word_1_204' title='bbox 944 1643 1060 1698; x_wconf 84' lang='lat' dir='ltr'><strong>buerunt</strong></span> <span class='ocrx_word' id='word_1_205' title='bbox 1073 1642 1182 1717; x_wconf 80' lang='lat' dir='ltr'><strong>(ludaei)</strong></span> <span class='ocrx_word' id='word_1_206' title='bbox 1194 1661 1278 1715; x_wconf 88' lang='lat' dir='ltr'><strong>usque</strong></span> <span class='ocrx_word' id='word_1_207' title='bbox 1293 1645 1481 1713; x_wconf 79' lang='lat' dir='ltr'><strong>adlterodem,</strong></span> <span class='ocrx_word' id='word_1_208' title='bbox 1493 1646 1666 1715; x_wconf 83' lang='lat' dir='ltr'><strong>quisuitsuo</strong></span> <span class='ocrx_word' id='word_1_209' title='bbox 1678 1649 1768 1717; x_wconf 86' lang='lat' dir='ltr'><strong>impe-</strong></span> 
     </span>
     <span class='ocr_line' id='line_1_17' title="bbox 63 1715 1768 1803; baseline 0.004 -18"><span class='ocrx_word' id='word_1_210' title='bbox 63 1742 128 1800; x_wconf 81' lang='lat' dir='ltr'><strong>rem,</strong></span> <span class='ocrx_word' id='word_1_211' title='bbox 151 1730 198 1786; x_wconf 83' lang='lat' dir='ltr'><strong>vel</strong></span> <span class='ocrx_word' id='word_1_212' title='bbox 220 1730 356 1787; x_wconf 85' lang='lat' dir='ltr'><strong>indicabo</strong></span> <span class='ocrx_word' id='word_1_213' title='bbox 375 1746 486 1788; x_wconf 88' lang='lat' dir='ltr'><strong>summa</strong></span> <span class='ocrx_word' id='word_1_214' title='bbox 506 1732 606 1789; x_wconf 89' lang='lat' dir='ltr'><strong>saltem</strong></span> <span class='ocrx_word' id='word_1_215' title='bbox 624 1733 719 1803; x_wconf 89' lang='lat' dir='ltr'><strong>capita</strong></span> <span class='ocrx_word' id='word_1_216' title='bbox 738 1731 888 1802; x_wconf 88' lang='lat' dir='ltr'><strong>probatio-</strong></span> <span class='ocrx_word' id='word_1_217' title='bbox 901 1715 927 1777; x_wconf 84' lang='lat' dir='ltr'>B</span> <span class='ocrx_word' id='word_1_218' title='bbox 942 1733 984 1786; x_wconf 85' lang='lat' dir='ltr'><strong>rie</strong></span> <span class='ocrx_word' id='word_1_219' title='bbox 1000 1733 1102 1787; x_wconf 82' lang='lat' dir='ltr'><strong>Tiberii</strong></span> <span class='ocrx_word' id='word_1_220' title='bbox 1115 1733 1240 1796; x_wconf 79' lang='lat' dir='ltr'><strong>Caesaris,</strong></span> <span class='ocrx_word' id='word_1_221' title='bbox 1258 1735 1337 1802; x_wconf 86' lang='lat' dir='ltr'><strong>eujus</strong></span> <span class='ocrx_word' id='word_1_222' title='bbox 1353 1748 1426 1788; x_wconf 89' lang='lat' dir='ltr'><strong>anno</strong></span> <span class='ocrx_word' id='word_1_223' title='bbox 1445 1736 1540 1803; x_wconf 87' lang='lat' dir='ltr'><strong>quinto</strong></span> <span class='ocrx_word' id='word_1_224' title='bbox 1555 1734 1666 1798; x_wconf 85' lang='lat' dir='ltr'><strong>decimo,</strong></span> <span class='ocrx_word' id='word_1_225' title='bbox 1681 1735 1714 1789; x_wconf 87' lang='lat' dir='ltr'><strong>id</strong></span> <span class='ocrx_word' id='word_1_226' title='bbox 1727 1739 1768 1792; x_wconf 85' lang='lat' dir='ltr'><strong>est</strong></span> 
     </span>
     <span class='ocr_line' id='line_1_18' title="bbox 63 1818 1768 1893; baseline 0.002 -18"><span class='ocrx_word' id='word_1_227' title='bbox 63 1831 136 1888; x_wconf 89' lang='lat' dir='ltr'><strong>aum,</strong></span> <span class='ocrx_word' id='word_1_228' title='bbox 147 1818 263 1889; x_wconf 88' lang='lat' dir='ltr'><strong>quihus</strong></span> <span class='ocrx_word' id='word_1_229' title='bbox 272 1819 437 1876; x_wconf 81' lang='lat' dir='ltr'><strong>Victoriana</strong></span> <span class='ocrx_word' id='word_1_230' title='bbox 449 1821 634 1878; x_wconf 78' lang='lat' dir='ltr'><strong>chronotaxis</strong></span> <span class='ocrx_word' id='word_1_231' title='bbox 645 1835 677 1876; x_wconf 90' lang='lat' dir='ltr'><strong>ae</strong></span> <span class='ocrx_word' id='word_1_232' title='bbox 689 1827 785 1878; x_wconf 90' lang='lat' dir='ltr'><strong>nostra</strong></span> <span class='ocrx_word' id='word_1_233' title='bbox 795 1820 887 1876; x_wconf 89' lang='lat' dir='ltr'><strong>solide</strong></span> <span class='ocrx_word' id='word_1_234' title='bbox 943 1821 1048 1875; x_wconf 86' lang='lat' dir='ltr'><strong>duobus</strong></span> <span class='ocrx_word' id='word_1_235' title='bbox 1064 1821 1183 1875; x_wconf 82' lang='lat' dir='ltr'><strong>Geminis</strong></span> <span class='ocrx_word' id='word_1_236' title='bbox 1202 1822 1368 1885; x_wconf 82' lang='lat' dir='ltr'><strong>consulibus,</strong></span> <span class='ocrx_word' id='word_1_237' title='bbox 1385 1821 1534 1877; x_wconf 85' lang='lat' dir='ltr'><strong>antediem</strong></span> <span class='ocrx_word' id='word_1_238' title='bbox 1551 1824 1694 1893; x_wconf 82' lang='lat' dir='ltr'><strong>septimam</strong></span> <span class='ocrx_word' id='word_1_239' title='bbox 1705 1824 1768 1878; x_wconf 87' lang='lat' dir='ltr'><strong>Ka·</strong></span> 
     </span>
     <span class='ocr_line' id='line_1_19' title="bbox 62 1907 1765 1981; baseline 0.001 -19"><span class='ocrx_word' id='word_1_240' title='bbox 62 1907 209 1978; x_wconf 88' lang='lat' dir='ltr'><strong>inuititur,</strong></span> <span class='ocrx_word' id='word_1_241' title='bbox 233 1911 263 1964; x_wconf 90' lang='lat' dir='ltr'><strong>et</strong></span> <span class='ocrx_word' id='word_1_242' title='bbox 284 1913 423 1979; x_wconf 90' lang='lat' dir='ltr'><strong>quantum</strong></span> <span class='ocrx_word' id='word_1_243' title='bbox 445 1909 555 1981; x_wconf 87' lang='lat' dir='ltr'><strong>patitur</strong></span> <span class='ocrx_word' id='word_1_244' title='bbox 578 1910 707 1966; x_wconf 74' lang='lat' dir='ltr'><strong>historiae</strong></span> <span class='ocrx_word' id='word_1_245' title='bbox 727 1911 813 1981; x_wconf 88' lang='lat' dir='ltr'><strong>ratio,</strong></span> <span class='ocrx_word' id='word_1_246' title='bbox 835 1910 887 1966; x_wconf 91' lang='lat' dir='ltr'><strong>de-</strong></span> <span class='ocrx_word' id='word_1_247' title='bbox 943 1909 1038 1964; x_wconf 88' lang='lat' dir='ltr'><strong>lendas</strong></span> <span class='ocrx_word' id='word_1_248' title='bbox 1069 1909 1177 1979; x_wconf 78' lang='lat' dir='ltr'><strong>Aprilis</strong></span> <span class='ocrx_word' id='word_1_249' title='bbox 1208 1910 1297 1964; x_wconf 80' lang='lat' dir='ltr'><strong>iudei</strong></span> <span class='ocrx_word' id='word_1_250' title='bbox 1326 1910 1462 1966; x_wconf 80' lang='lat' dir='ltr'><strong>christum</strong></span> <span class='ocrx_word' id='word_1_251' title='bbox 1493 1912 1568 1964; x_wconf 85' lang='lat' dir='ltr'><strong>eruci</strong></span> <span class='ocrx_word' id='word_1_252' title='bbox 1604 1912 1765 1980; x_wconf 71' lang='lat' dir='ltr'><strong>armarunt</strong></span> 
     </span>
     <span class='ocr_line' id='line_1_20' title="bbox 63 1996 1766 2070; baseline 0.002 -19"><span class='ocrx_word' id='word_1_253' title='bbox 63 1999 248 2053; x_wconf 84' lang='lat' dir='ltr'><strong>monstratur.</strong></span> <span class='ocrx_word' id='word_1_254' title='bbox 942 1999 1089 2055; x_wconf 87' lang='lat' dir='ltr'><strong>Betuleius</strong></span> <span class='ocrx_word' id='word_1_255' title='bbox 1105 2011 1228 2070; x_wconf 89' lang='lat' dir='ltr'><strong>quoque,</strong></span> <span class='ocrx_word' id='word_1_256' title='bbox 1245 2011 1353 2055; x_wconf 89' lang='lat' dir='ltr'><strong>necnon</strong></span> <span class='ocrx_word' id='word_1_257' title='bbox 1368 1997 1420 2054; x_wconf 88' lang='lat' dir='ltr'><strong>alii</strong></span> <span class='ocrx_word' id='word_1_258' title='bbox 1435 1996 1592 2068; x_wconf 88' lang='lat' dir='ltr'><strong>scriptores</strong></span> <span class='ocrx_word' id='word_1_259' title='bbox 1604 1998 1766 2070; x_wconf 78' lang='lat' dir='ltr'><strong>observant,</strong></span> 
     </span>
     <span class='ocr_line' id='line_1_21' title="bbox 91 2085 1768 2159; baseline 0.002 -20"><span class='ocrx_word' id='word_1_260' title='bbox 91 2086 122 2140; x_wconf 90' lang='lat' dir='ltr'><strong>lu</strong></span> <span class='ocrx_word' id='word_1_261' title='bbox 132 2085 247 2156; x_wconf 90' lang='lat' dir='ltr'><strong>epocha</strong></span> <span class='ocrx_word' id='word_1_262' title='bbox 263 2086 409 2156; x_wconf 83' lang='lat' dir='ltr'><strong>passionis</strong></span> <span class='ocrx_word' id='word_1_263' title='bbox 423 2087 529 2143; x_wconf 85' lang='lat' dir='ltr'><strong>Christi</strong></span> <span class='ocrx_word' id='word_1_264' title='bbox 546 2088 730 2158; x_wconf 87' lang='lat' dir='ltr'><strong>stabilienda,</strong></span> <span class='ocrx_word' id='word_1_265' title='bbox 746 2088 804 2145; x_wconf 92' lang='lat' dir='ltr'><strong>duo</strong></span> <span class='ocrx_word' id='word_1_266' title='bbox 819 2092 888 2143; x_wconf 89' lang='lat' dir='ltr'><strong>snut</strong></span> <span class='ocrx_word' id='word_1_267' title='bbox 943 2088 972 2144; x_wconf 86' lang='lat' dir='ltr'><strong>in</strong></span> <span class='ocrx_word' id='word_1_268' title='bbox 989 2088 1160 2145; x_wconf 88' lang='lat' dir='ltr'><strong>melioribus</strong></span> <span class='ocrx_word' id='word_1_269' title='bbox 1179 2088 1319 2143; x_wconf 88' lang='lat' dir='ltr'><strong>Lactantii</strong></span> <span class='ocrx_word' id='word_1_270' title='bbox 1341 2086 1520 2143; x_wconf 85' lang='lat' dir='ltr'><strong>editionibus</strong></span> <span class='ocrx_word' id='word_1_271' title='bbox 1534 2086 1601 2159; x_wconf 83' lang='lat' dir='ltr'><strong>legi,</strong></span> <span class='ocrx_word' id='word_1_272' title='bbox 1618 2087 1768 2142; x_wconf 86' lang='lat' dir='ltr'><strong>antediem</strong></span> 
     </span>
     <span class='ocr_line' id='line_1_22' title="bbox 63 2173 1767 2248; baseline 0.001 -19"><span class='ocrx_word' id='word_1_273' title='bbox 63 2175 233 2231; x_wconf 78' lang='lat' dir='ltr'><strong>summitate</strong></span> <span class='ocrx_word' id='word_1_274' title='bbox 253 2176 353 2232; x_wconf 82' lang='lat' dir='ltr'><strong>divina</strong></span> <span class='ocrx_word' id='word_1_275' title='bbox 369 2177 453 2234; x_wconf 87' lang='lat' dir='ltr'><strong>nohis</strong></span> <span class='ocrx_word' id='word_1_276' title='bbox 472 2177 572 2233; x_wconf 87' lang='lat' dir='ltr'><strong>traditi</strong></span> <span class='ocrx_word' id='word_1_277' title='bbox 593 2178 771 2233; x_wconf 86' lang='lat' dir='ltr'><strong>characteres</strong></span> <span class='ocrx_word' id='word_1_278' title='bbox 785 2189 887 2234; x_wconf 73' lang='lat' dir='ltr'><strong>neem·</strong></span> <span class='ocrx_word' id='word_1_279' title='bbox 941 2180 1083 2248; x_wconf 87' lang='lat' dir='ltr'><strong>septimam</strong></span> <span class='ocrx_word' id='word_1_280' title='bbox 1100 2178 1261 2244; x_wconf 88' lang='lat' dir='ltr'><strong>Kalendas;</strong></span> <span class='ocrx_word' id='word_1_281' title='bbox 1276 2175 1344 2232; x_wconf 89' lang='lat' dir='ltr'><strong>lieet</strong></span> <span class='ocrx_word' id='word_1_282' title='bbox 1361 2175 1412 2232; x_wconf 89' lang='lat' dir='ltr'><strong>alii</strong></span> <span class='ocrx_word' id='word_1_283' title='bbox 1432 2173 1584 2247; x_wconf 78' lang='lat' dir='ltr'><strong>preferant</strong></span> <span class='ocrx_word' id='word_1_284' title='bbox 1602 2188 1651 2230; x_wconf 88' lang='lat' dir='ltr'><strong>eas</strong></span> <span class='ocrx_word' id='word_1_285' title='bbox 1669 2188 1767 2246; x_wconf 76' lang='lat' dir='ltr'><strong>quat</strong></span> 
     </span>
     <span class='ocr_line' id='line_1_23' title="bbox 62 2262 1415 2337; baseline 0 -19"><span class='ocrx_word' id='word_1_286' title='bbox 62 2263 131 2319; x_wconf 86' lang='lat' dir='ltr'><strong>sario</strong></span> <span class='ocrx_word' id='word_1_287' title='bbox 146 2262 336 2327; x_wconf 82' lang='lat' dir='ltr'><strong>observandi.</strong></span> <span class='ocrx_word' id='word_1_288' title='bbox 352 2277 453 2337; x_wconf 87' lang='lat' dir='ltr'><strong>nempe</strong></span> <span class='ocrx_word' id='word_1_289' title='bbox 472 2265 620 2322; x_wconf 89' lang='lat' dir='ltr'><strong>Paschalis</strong></span> <span class='ocrx_word' id='word_1_290' title='bbox 633 2265 796 2322; x_wconf 87' lang='lat' dir='ltr'><strong>ludaeorum</strong></span> <span class='ocrx_word' id='word_1_291' title='bbox 811 2265 884 2335; x_wconf 88' lang='lat' dir='ltr'><strong>dies,</strong></span> <span class='ocrx_word' id='word_1_292' title='bbox 941 2264 1083 2321; x_wconf 90' lang='lat' dir='ltr'><strong>Kalendas</strong></span> <span class='ocrx_word' id='word_1_293' title='bbox 1102 2265 1292 2336; x_wconf 89' lang='lat' dir='ltr'><strong>perscriptum</strong></span> <span class='ocrx_word' id='word_1_294' title='bbox 1310 2264 1415 2320; x_wconf 89' lang='lat' dir='ltr'><strong>habent</strong></span> 
     </span>
     <span class='ocr_line' id='line_1_24' title="bbox 63 2350 1766 2424; baseline 0.001 -16"><span class='ocrx_word' id='word_1_295' title='bbox 63 2364 104 2408; x_wconf 89' lang='lat' dir='ltr'><strong>seu</strong></span> <span class='ocrx_word' id='word_1_296' title='bbox 116 2351 228 2406; x_wconf 82' lang='lat' dir='ltr'><strong>decima</strong></span> <span class='ocrx_word' id='word_1_297' title='bbox 250 2358 352 2422; x_wconf 88' lang='lat' dir='ltr'><strong>quarta</strong></span> <span class='ocrx_word' id='word_1_298' title='bbox 363 2354 421 2408; x_wconf 85' lang='lat' dir='ltr'><strong>dies</strong></span> <span class='ocrx_word' id='word_1_299' title='bbox 440 2355 512 2408; x_wconf 81' lang='lat' dir='ltr'><strong>luna</strong></span> <span class='ocrx_word' id='word_1_300' title='bbox 531 2356 631 2408; x_wconf 83' lang='lat' dir='ltr'><strong>mensis</strong></span> <span class='ocrx_word' id='word_1_301' title='bbox 646 2356 742 2424; x_wconf 87' lang='lat' dir='ltr'><strong>primi,</strong></span> <span class='ocrx_word' id='word_1_302' title='bbox 763 2365 818 2423; x_wconf 88' lang='lat' dir='ltr'><strong>qua</strong></span> <span class='ocrx_word' id='word_1_303' title='bbox 834 2365 888 2408; x_wconf 88' lang='lat' dir='ltr'><strong>ue-</strong></span> <span class='ocrx_word' id='word_1_304' title='bbox 976 2353 1147 2410; x_wconf 85' lang='lat' dir='ltr'><strong>KPatribus</strong></span> <span class='ocrx_word' id='word_1_305' title='bbox 1167 2358 1262 2409; x_wconf 87' lang='lat' dir='ltr'><strong>autem</strong></span> <span class='ocrx_word' id='word_1_306' title='bbox 1282 2352 1391 2409; x_wconf 82' lang='lat' dir='ltr'><strong>Graeeis</strong></span> <span class='ocrx_word' id='word_1_307' title='bbox 1403 2352 1431 2407; x_wconf 88' lang='lat' dir='ltr'><strong>S.</strong></span> <span class='ocrx_word' id='word_1_308' title='bbox 1452 2351 1574 2408; x_wconf 88' lang='lat' dir='ltr'><strong>loannes</strong></span> <span class='ocrx_word' id='word_1_309' title='bbox 1591 2350 1766 2423; x_wconf 76' lang='lat' dir='ltr'><strong>chrysosto-</strong></span> 
     </span>
     <span class='ocr_line' id='line_1_25' title="bbox 62 2438 1766 2513; baseline 0.001 -16"><span class='ocrx_word' id='word_1_310' title='bbox 62 2453 129 2497; x_wconf 82' lang='lat' dir='ltr'><strong>eesse</strong></span> <span class='ocrx_word' id='word_1_311' title='bbox 141 2445 209 2497; x_wconf 87' lang='lat' dir='ltr'><strong>erat</strong></span> <span class='ocrx_word' id='word_1_312' title='bbox 219 2454 329 2513; x_wconf 82' lang='lat' dir='ltr'><strong>agnum</strong></span> <span class='ocrx_word' id='word_1_313' title='bbox 345 2442 488 2499; x_wconf 88' lang='lat' dir='ltr'><strong>immolari</strong></span> <span class='ocrx_word' id='word_1_314' title='bbox 502 2461 510 2512; x_wconf 81' lang='lat'>3</span> <span class='ocrx_word' id='word_1_315' title='bbox 522 2447 550 2498; x_wconf 91' lang='lat' dir='ltr'><strong>et</strong></span> <span class='ocrx_word' id='word_1_316' title='bbox 563 2441 634 2498; x_wconf 88' lang='lat' dir='ltr'><strong>teria</strong></span> <span class='ocrx_word' id='word_1_317' title='bbox 644 2456 672 2511; x_wconf 85' lang='lat' dir='ltr'><strong>v,</strong></span> <span class='ocrx_word' id='word_1_318' title='bbox 687 2455 773 2499; x_wconf 85' lang='lat' dir='ltr'><strong>eoenae</strong></span> <span class='ocrx_word' id='word_1_319' title='bbox 785 2442 887 2498; x_wconf 83' lang='lat' dir='ltr'><strong>Domi·</strong></span> <span class='ocrx_word' id='word_1_320' title='bbox 942 2456 1006 2498; x_wconf 89' lang='lat' dir='ltr'><strong>mus</strong></span> <span class='ocrx_word' id='word_1_321' title='bbox 1018 2443 1047 2498; x_wconf 90' lang='lat' dir='ltr'><strong>in</strong></span> <span class='ocrx_word' id='word_1_322' title='bbox 1060 2442 1180 2500; x_wconf 88' lang='lat' dir='ltr'><strong>homilia</strong></span> <span class='ocrx_word' id='word_1_323' title='bbox 1188 2442 1224 2498; x_wconf 92' lang='lat' dir='ltr'><strong>de</strong></span> <span class='ocrx_word' id='word_1_324' title='bbox 1234 2441 1327 2498; x_wconf 78' lang='lat' dir='ltr'><strong>Natis.</strong></span> <span class='ocrx_word' id='word_1_325' title='bbox 1336 2441 1363 2497; x_wconf 87' lang='lat' dir='ltr'><strong>S.</strong></span> <span class='ocrx_word' id='word_1_326' title='bbox 1374 2440 1494 2499; x_wconf 87' lang='lat' dir='ltr'><strong>loannis</strong></span> <span class='ocrx_word' id='word_1_327' title='bbox 1502 2439 1636 2511; x_wconf 80' lang='lat' dir='ltr'><strong>Baptistae</strong></span> <span class='ocrx_word' id='word_1_328' title='bbox 1644 2438 1766 2512; x_wconf 86' lang='lat' dir='ltr'><strong>loquens</strong></span> 
     </span>
     <span class='ocr_line' id='line_1_26' title="bbox 62 2530 1768 2603; baseline 0 -17"><span class='ocrx_word' id='word_1_329' title='bbox 62 2530 124 2586; x_wconf 80' lang='lat' dir='ltr'><strong>nica</strong></span> <span class='ocrx_word' id='word_1_330' title='bbox 131 2534 263 2601; x_wconf 90' lang='lat' dir='ltr'><strong>tempus,</strong></span> <span class='ocrx_word' id='word_1_331' title='bbox 272 2544 306 2587; x_wconf 88' lang='lat' dir='ltr'><strong>ae</strong></span> <span class='ocrx_word' id='word_1_332' title='bbox 315 2531 458 2601; x_wconf 88' lang='lat' dir='ltr'><strong>passionis</strong></span> <span class='ocrx_word' id='word_1_333' title='bbox 469 2531 598 2600; x_wconf 91' lang='lat' dir='ltr'><strong>initium,</strong></span> <span class='ocrx_word' id='word_1_334' title='bbox 608 2532 782 2602; x_wconf 83' lang='lat' dir='ltr'><strong>quaedeinde</strong></span> <span class='ocrx_word' id='word_1_335' title='bbox 791 2532 887 2602; x_wconf 88' lang='lat' dir='ltr'><strong>passio</strong></span> <span class='ocrx_word' id='word_1_336' title='bbox 940 2533 976 2589; x_wconf 92' lang='lat' dir='ltr'><strong>de</strong></span> <span class='ocrx_word' id='word_1_337' title='bbox 990 2531 1220 2588; x_wconf 72' lang='lat' dir='ltr'><strong>annuntiatione</strong></span> <span class='ocrx_word' id='word_1_338' title='bbox 1233 2532 1363 2603; x_wconf 80' lang='lat' dir='ltr'><strong>Deiparae</strong></span> <span class='ocrx_word' id='word_1_339' title='bbox 1376 2530 1508 2603; x_wconf 86' lang='lat' dir='ltr'><strong>Virginis</strong></span> <span class='ocrx_word' id='word_1_340' title='bbox 1523 2530 1565 2586; x_wconf 90' lang='lat' dir='ltr'><strong>ait</strong></span> <span class='ocrx_word' id='word_1_341' title='bbox 1580 2547 1587 2584; x_wconf 77' lang='grc' dir='ltr'><strong>ε</strong></span> <span class='ocrx_word' id='word_1_342' title='bbox 1604 2530 1668 2585; x_wconf 82' lang='lat' dir='ltr'><strong>Fuit</strong></span> <span class='ocrx_word' id='word_1_343' title='bbox 1681 2531 1768 2598; x_wconf 81' lang='lat' dir='ltr'><strong>iqnur</strong></span> 
     </span>
     <span class='ocr_line' id='line_1_27' title="bbox 61 2620 1766 2692; baseline -0.001 -16"><span class='ocrx_word' id='word_1_344' title='bbox 61 2620 253 2689; x_wconf 84' lang='lat' dir='ltr'><strong>compleretur</strong></span> <span class='ocrx_word' id='word_1_345' title='bbox 268 2620 408 2690; x_wconf 88' lang='lat' dir='ltr'><strong>postridie</strong></span> <span class='ocrx_word' id='word_1_346' title='bbox 424 2621 454 2676; x_wconf 91' lang='lat' dir='ltr'><strong>in</strong></span> <span class='ocrx_word' id='word_1_347' title='bbox 466 2635 551 2677; x_wconf 88' lang='lat' dir='ltr'><strong>cruce</strong></span> <span class='ocrx_word' id='word_1_348' title='bbox 566 2620 638 2677; x_wconf 83' lang='lat' dir='ltr'><strong>teria</strong></span> <span class='ocrx_word' id='word_1_349' title='bbox 653 2635 693 2689; x_wconf 84' lang='lat' dir='ltr'><strong>vt,</strong></span> <span class='ocrx_word' id='word_1_350' title='bbox 710 2626 752 2692; x_wconf 87' lang='lat' dir='ltr'><strong>ut,</strong></span> <span class='ocrx_word' id='word_1_351' title='bbox 764 2621 887 2678; x_wconf 87' lang='lat' dir='ltr'><strong>Sabbato</strong></span> <span class='ocrx_word' id='word_1_352' title='bbox 941 2621 1052 2692; x_wconf 87' lang='lat' dir='ltr'><strong>quando</strong></span> <span class='ocrx_word' id='word_1_353' title='bbox 1078 2621 1133 2675; x_wconf 83' lang='lat' dir='ltr'><strong>iaee</strong></span> <span class='ocrx_word' id='word_1_354' title='bbox 1160 2621 1274 2687; x_wconf 87' lang='lat' dir='ltr'><strong>onqelus</strong></span> <span class='ocrx_word' id='word_1_355' title='bbox 1300 2620 1338 2674; x_wconf 90' lang='lat' dir='ltr'><strong>ad</strong></span> <span class='ocrx_word' id='word_1_356' title='bbox 1362 2621 1482 2676; x_wconf 79' lang='lat' dir='ltr'><strong>Mariam</strong></span> <span class='ocrx_word' id='word_1_357' title='bbox 1508 2621 1687 2674; x_wconf 82' lang='lat' dir='ltr'><strong>annuntiavit</strong></span> <span class='ocrx_word' id='word_1_358' title='bbox 1712 2631 1766 2676; x_wconf 81' lang='lat' dir='ltr'><strong>vall</strong></span> 
     </span>
     <span class='ocr_line' id='line_1_28' title="bbox 62 2706 1768 2780; baseline 0 -16"><span class='ocrx_word' id='word_1_359' title='bbox 62 2708 144 2779; x_wconf 85' lang='lat' dir='ltr'><strong>quieti</strong></span> <span class='ocrx_word' id='word_1_360' title='bbox 160 2710 245 2778; x_wconf 89' lang='lat' dir='ltr'><strong>dato,</strong></span> <span class='ocrx_word' id='word_1_361' title='bbox 260 2708 346 2764; x_wconf 88' lang='lat' dir='ltr'><strong>tertia</strong></span> <span class='ocrx_word' id='word_1_362' title='bbox 360 2708 419 2779; x_wconf 83' lang='lat' dir='ltr'><strong>die,</strong></span> <span class='ocrx_word' id='word_1_363' title='bbox 434 2713 568 2778; x_wconf 80' lang='lat' dir='ltr'><strong>quaerat</strong></span> <span class='ocrx_word' id='word_1_364' title='bbox 579 2709 740 2779; x_wconf 87' lang='lat' dir='ltr'><strong>Domiuiea,</strong></span> <span class='ocrx_word' id='word_1_365' title='bbox 753 2708 887 2766; x_wconf 84' lang='lat' dir='ltr'><strong>Christus</strong></span> <span class='ocrx_word' id='word_1_366' title='bbox 940 2706 1079 2766; x_wconf 80' lang='lat' dir='ltr'><strong>Kalendas</strong></span> <span class='ocrx_word' id='word_1_367' title='bbox 1097 2710 1215 2780; x_wconf 82' lang='lat' dir='ltr'><strong>Aprilis,</strong></span> <span class='ocrx_word' id='word_1_368' title='bbox 1233 2724 1322 2764; x_wconf 88' lang='lat' dir='ltr'><strong>mense</strong></span> <span class='ocrx_word' id='word_1_369' title='bbox 1340 2710 1451 2771; x_wconf 81' lang='lat' dir='ltr'><strong>Martio,</strong></span> <span class='ocrx_word' id='word_1_370' title='bbox 1468 2709 1517 2777; x_wconf 92' lang='lat' dir='ltr'><strong>qui</strong></span> <span class='ocrx_word' id='word_1_371' title='bbox 1533 2712 1573 2762; x_wconf 93' lang='lat' dir='ltr'><strong>est</strong></span> <span class='ocrx_word' id='word_1_372' title='bbox 1587 2707 1644 2763; x_wconf 86' lang='lat' dir='ltr'><strong>dies</strong></span> <span class='ocrx_word' id='word_1_373' title='bbox 1658 2707 1768 2764; x_wconf 73' lang='lat' dir='ltr'><strong>Pascha</strong></span> 
     </span>
     <span class='ocr_line' id='line_1_29' title="bbox 61 2795 1766 2870; baseline 0 -19"><span class='ocrx_word' id='word_1_374' title='bbox 61 2808 73 2851; x_wconf 82' lang='lat' dir='ltr'><strong>a</strong></span> <span class='ocrx_word' id='word_1_375' title='bbox 85 2798 213 2854; x_wconf 85' lang='lat' dir='ltr'><strong>mortuis</strong></span> <span class='ocrx_word' id='word_1_376' title='bbox 230 2801 403 2870; x_wconf 87' lang='lat' dir='ltr'><strong>resurgeret.</strong></span> <span class='ocrx_word' id='word_1_377' title='bbox 940 2801 1050 2855; x_wconf 86' lang='lat' dir='ltr'><strong>Domini</strong></span> <span class='ocrx_word' id='word_1_378' title='bbox 1057 2803 1083 2854; x_wconf 89' lang='lat' dir='ltr'><strong>ei</strong></span> <span class='ocrx_word' id='word_1_379' title='bbox 1093 2800 1273 2868; x_wconf 87' lang='lat' dir='ltr'><strong>conceptionis</strong></span> <span class='ocrx_word' id='word_1_380' title='bbox 1282 2798 1352 2867; x_wconf 80' lang='lat' dir='ltr'><strong>ejus.</strong></span> <span class='ocrx_word' id='word_1_381' title='bbox 1364 2798 1398 2852; x_wconf 84' lang='lat' dir='ltr'><strong>in</strong></span> <span class='ocrx_word' id='word_1_382' title='bbox 1407 2812 1463 2867; x_wconf 87' lang='lat' dir='ltr'><strong>que</strong></span> <span class='ocrx_word' id='word_1_383' title='bbox 1475 2797 1546 2851; x_wconf 87' lang='lat' dir='ltr'><strong>enim</strong></span> <span class='ocrx_word' id='word_1_384' title='bbox 1556 2795 1601 2851; x_wconf 88' lang='lat' dir='ltr'><strong>die</strong></span> <span class='ocrx_word' id='word_1_385' title='bbox 1612 2800 1766 2867; x_wconf 88' lang='lat' dir='ltr'><strong>conceptus,</strong></span> 
     </span>
     <span class='ocr_line' id='line_1_30' title="bbox 88 2883 1767 2958; baseline -0.001 -17"><span class='ocrx_word' id='word_1_386' title='bbox 88 2885 138 2941; x_wconf 84' lang='lat' dir='ltr'><strong>His</strong></span> <span class='ocrx_word' id='word_1_387' title='bbox 149 2884 272 2942; x_wconf 89' lang='lat' dir='ltr'><strong>duobus</strong></span> <span class='ocrx_word' id='word_1_388' title='bbox 286 2885 406 2942; x_wconf 87' lang='lat' dir='ltr'><strong>iudiciis</strong></span> <span class='ocrx_word' id='word_1_389' title='bbox 419 2890 589 2958; x_wconf 88' lang='lat' dir='ltr'><strong>temporum,</strong></span> <span class='ocrx_word' id='word_1_390' title='bbox 603 2886 703 2943; x_wconf 87' lang='lat' dir='ltr'><strong>divina</strong></span> <span class='ocrx_word' id='word_1_391' title='bbox 714 2886 886 2944; x_wconf 86' lang='lat' dir='ltr'><strong>auctoritate</strong></span> <span class='ocrx_word' id='word_1_392' title='bbox 941 2892 971 2944; x_wconf 91' lang='lat' dir='ltr'><strong>in</strong></span> <span class='ocrx_word' id='word_1_393' title='bbox 983 2889 1077 2944; x_wconf 85' lang='lat' dir='ltr'><strong>eadem</strong></span> <span class='ocrx_word' id='word_1_394' title='bbox 1091 2892 1118 2943; x_wconf 88' lang='lat' dir='ltr'><strong>et</strong></span> <span class='ocrx_word' id='word_1_395' title='bbox 1125 2902 1227 2958; x_wconf 89' lang='lat' dir='ltr'><strong>passus</strong></span> <span class='ocrx_word' id='word_1_396' title='bbox 1244 2890 1291 2943; x_wconf 88' lang='lat' dir='ltr'><strong>est.</strong></span> <span class='ocrx_word' id='word_1_397' title='bbox 1307 2887 1334 2942; x_wconf 90' lang='lat' dir='ltr'><strong>S.</strong></span> <span class='ocrx_word' id='word_1_398' title='bbox 1351 2886 1499 2942; x_wconf 89' lang='lat' dir='ltr'><strong>Proterius</strong></span> <span class='ocrx_word' id='word_1_399' title='bbox 1511 2897 1544 2941; x_wconf 81' lang='lat' dir='ltr'><strong>ex</strong></span> <span class='ocrx_word' id='word_1_400' title='bbox 1560 2883 1767 2940; x_wconf 80' lang='lat' dir='ltr'><strong>Alexandrinis</strong></span> 
     </span>
     <span class='ocr_line' id='line_1_31' title="bbox 61 2972 1769 3048; baseline 0.002 -21"><span class='ocrx_word' id='word_1_401' title='bbox 61 2972 177 3033; x_wconf 76' lang='lat' dir='ltr'><strong>armatis</strong></span> <span class='ocrx_word' id='word_1_402' title='bbox 204 2974 236 3030; x_wconf 88' lang='lat' dir='ltr'><strong>iu</strong></span> <span class='ocrx_word' id='word_1_403' title='bbox 257 2974 423 3046; x_wconf 77' lang='lat' dir='ltr'><strong>Evangelio,</strong></span> <span class='ocrx_word' id='word_1_404' title='bbox 447 2976 505 3032; x_wconf 91' lang='lat' dir='ltr'><strong>duo</strong></span> <span class='ocrx_word' id='word_1_405' title='bbox 526 2975 585 3031; x_wconf 88' lang='lat' dir='ltr'><strong>alia</strong></span> <span class='ocrx_word' id='word_1_406' title='bbox 606 2976 753 3043; x_wconf 85' lang='lat' dir='ltr'><strong>accedam,</strong></span> <span class='ocrx_word' id='word_1_407' title='bbox 775 2988 831 3032; x_wconf 89' lang='lat' dir='ltr'><strong>nou</strong></span> <span class='ocrx_word' id='word_1_408' title='bbox 854 2987 892 3030; x_wconf 87' lang='lat' dir='ltr'><strong>ea</strong></span> <span class='ocrx_word' id='word_1_409' title='bbox 942 2978 972 3034; x_wconf 91' lang='lat' dir='ltr'><strong>in</strong></span> <span class='ocrx_word' id='word_1_410' title='bbox 983 2977 1105 3048; x_wconf 86' lang='lat' dir='ltr'><strong>epistola</strong></span> <span class='ocrx_word' id='word_1_411' title='bbox 1120 2976 1261 3044; x_wconf 88' lang='lat' dir='ltr'><strong>Paschali,</strong></span> <span class='ocrx_word' id='word_1_412' title='bbox 1277 2976 1312 3033; x_wconf 90' lang='lat' dir='ltr'><strong>ad</strong></span> <span class='ocrx_word' id='word_1_413' title='bbox 1323 2975 1350 3031; x_wconf 91' lang='lat' dir='ltr'><strong>S.</strong></span> <span class='ocrx_word' id='word_1_414' title='bbox 1364 2976 1483 3032; x_wconf 63' lang='lat' dir='ltr'><strong>monem</strong></span> <span class='ocrx_word' id='word_1_415' title='bbox 1498 2976 1632 3046; x_wconf 79' lang='lat' dir='ltr'><strong>Magnum</strong></span> <span class='ocrx_word' id='word_1_416' title='bbox 1649 2973 1769 3044; x_wconf 90' lang='lat' dir='ltr'><strong>perscri-</strong></span> 
     </span>
    </p>
   </div>
   <div class='ocr_carea' id='block_1_3' title="bbox 61 3045 1768 3224">
    <p class='ocr_par' dir='ltr' id='par_1_3' title="bbox 61 3045 1768 3224">
     <span class='ocr_line' id='line_1_32' title="bbox 61 3045 1768 3139; baseline 0.002 -23"><span class='ocrx_word' id='word_1_417' title='bbox 61 3062 170 3131; x_wconf 85' lang='lat' dir='ltr'><strong>quidem</strong></span> <span class='ocrx_word' id='word_1_418' title='bbox 189 3061 367 3118; x_wconf 83' lang='lat' dir='ltr'><strong>revelatione</strong></span> <span class='ocrx_word' id='word_1_419' title='bbox 385 3068 526 3134; x_wconf 88' lang='lat' dir='ltr'><strong>percepta,</strong></span> <span class='ocrx_word' id='word_1_420' title='bbox 547 3063 596 3119; x_wconf 89' lang='lat' dir='ltr'><strong>sed</strong></span> <span class='ocrx_word' id='word_1_421' title='bbox 614 3062 720 3119; x_wconf 90' lang='lat' dir='ltr'><strong>tradita</strong></span> <span class='ocrx_word' id='word_1_422' title='bbox 741 3064 886 3120; x_wconf 89' lang='lat' dir='ltr'><strong>communi</strong></span> <span class='ocrx_word' id='word_1_423' title='bbox 903 3045 1000 3139; x_wconf 83' lang='lat' dir='ltr'><strong>Cpta,</strong></span> <span class='ocrx_word' id='word_1_424' title='bbox 1012 3073 1040 3124; x_wconf 89' lang='lat' dir='ltr'><strong>et</strong></span> <span class='ocrx_word' id='word_1_425' title='bbox 1054 3067 1129 3137; x_wconf 90' lang='lat' dir='ltr'><strong>apud</strong></span> <span class='ocrx_word' id='word_1_426' title='bbox 1142 3066 1313 3122; x_wconf 85' lang='lat' dir='ltr'><strong>Bucherium</strong></span> <span class='ocrx_word' id='word_1_427' title='bbox 1326 3064 1404 3122; x_wconf 90' lang='lat' dir='ltr'><strong>edita</strong></span> <span class='ocrx_word' id='word_1_428' title='bbox 1419 3078 1483 3137; x_wconf 86' lang='lat' dir='ltr'><strong>pag.</strong></span> <span class='ocrx_word' id='word_1_429' title='bbox 1493 3060 1613 3121; x_wconf 71' lang='grc'>83044000</span> <span class='ocrx_word' id='word_1_430' title='bbox 1628 3065 1768 3134; x_wconf 82' lang='lat' dir='ltr'><strong>susceptae</strong></span> 
     </span>
     <span class='ocr_line' id='line_1_33' title="bbox 61 3150 1768 3224; baseline 0.001 -19"><span class='ocrx_word' id='word_1_431' title='bbox 61 3150 888 3224; x_wconf 80' lang='lat' dir='ltr'><strong>estimonieratrum,precipueillorumquiaeeuratiores</strong></span> <span class='ocrx_word' id='word_1_432' title='bbox 942 3158 1039 3212; x_wconf 89' lang='lat' dir='ltr'><strong>earnis</strong></span> <span class='ocrx_word' id='word_1_433' title='bbox 1059 3156 1191 3212; x_wconf 85' lang='lat' dir='ltr'><strong>adivino</strong></span> <span class='ocrx_word' id='word_1_434' title='bbox 1210 3153 1302 3212; x_wconf 81' lang='lat' dir='ltr'><strong>Verba</strong></span> <span class='ocrx_word' id='word_1_435' title='bbox 1320 3169 1385 3211; x_wconf 90' lang='lat' dir='ltr'><strong>cum</strong></span> <span class='ocrx_word' id='word_1_436' title='bbox 1404 3154 1453 3210; x_wconf 90' lang='lat' dir='ltr'><strong>die</strong></span> <span class='ocrx_word' id='word_1_437' title='bbox 1471 3166 1559 3209; x_wconf 76' lang='lat' dir='ltr'><strong>elene</strong></span> <span class='ocrx_word' id='word_1_438' title='bbox 1577 3151 1631 3208; x_wconf 88' lang='lat' dir='ltr'><strong>suh</strong></span> <span class='ocrx_word' id='word_1_439' title='bbox 1650 3163 1768 3222; x_wconf 82' lang='lat' dir='ltr'><strong>vespera</strong></span> 
     </span>
    </p>
   </div>
   <div class='ocr_carea' id='block_1_4' title="bbox 52 3237 1859 5624">
    <p class='ocr_par' dir='ltr' id='par_1_4' title="bbox 52 3237 1859 5624">
     <span class='ocr_line' id='line_1_34' title="bbox 62 3237 1767 3318; baseline -0.001 -24"><span class='ocrx_word' id='word_1_440' title='bbox 62 3237 173 3297; x_wconf 88' lang='lat' dir='ltr'><strong>luerunt</strong></span> <span class='ocrx_word' id='word_1_441' title='bbox 196 3241 226 3296; x_wconf 91' lang='lat' dir='ltr'><strong>in</strong></span> <span class='ocrx_word' id='word_1_442' title='bbox 242 3245 404 3310; x_wconf 88' lang='lat' dir='ltr'><strong>temporum</strong></span> <span class='ocrx_word' id='word_1_443' title='bbox 421 3242 533 3298; x_wconf 88' lang='lat' dir='ltr'><strong>ratione</strong></span> <span class='ocrx_word' id='word_1_444' title='bbox 551 3239 723 3313; x_wconf 88' lang='lat' dir='ltr'><strong>colligenda,</strong></span> <span class='ocrx_word' id='word_1_445' title='bbox 740 3245 769 3297; x_wconf 90' lang='lat' dir='ltr'><strong>et</strong></span> <span class='ocrx_word' id='word_1_446' title='bbox 782 3240 887 3298; x_wconf 81' lang='lat' dir='ltr'><strong>saeculo</strong></span> <span class='ocrx_word' id='word_1_447' title='bbox 942 3245 1088 3318; x_wconf 87' lang='lat' dir='ltr'><strong>passionis</strong></span> <span class='ocrx_word' id='word_1_448' title='bbox 1098 3244 1133 3300; x_wconf 89' lang='lat' dir='ltr'><strong>ab</strong></span> <span class='ocrx_word' id='word_1_449' title='bbox 1143 3257 1175 3299; x_wconf 90' lang='lat' dir='ltr'><strong>eo</strong></span> <span class='ocrx_word' id='word_1_450' title='bbox 1186 3243 1334 3300; x_wconf 84' lang='lat' dir='ltr'><strong>celebratae</strong></span> <span class='ocrx_word' id='word_1_451' title='bbox 1349 3243 1443 3313; x_wconf 90' lang='lat' dir='ltr'><strong>pariat</strong></span> <span class='ocrx_word' id='word_1_452' title='bbox 1453 3241 1500 3298; x_wconf 90' lang='lat' dir='ltr'><strong>his</strong></span> <span class='ocrx_word' id='word_1_453' title='bbox 1511 3241 1606 3298; x_wconf 86' lang='lat' dir='ltr'><strong>verbis</strong></span> <span class='ocrx_word' id='word_1_454' title='bbox 1617 3259 1624 3295; x_wconf 91' lang='lat'><strong>:</strong></span> <span class='ocrx_word' id='word_1_455' title='bbox 1636 3242 1767 3296; x_wconf 84' lang='lat' dir='ltr'><strong>Dominus</strong></span> 
     </span>
     <span class='ocr_line' id='line_1_35' title="bbox 61 3328 1766 3406; baseline -0.001 -22"><span class='ocrx_word' id='word_1_456' title='bbox 61 3329 161 3386; x_wconf 84' lang='lat' dir='ltr'><strong>Christi</strong></span> <span class='ocrx_word' id='word_1_457' title='bbox 178 3330 383 3400; x_wconf 84' lang='lat' dir='ltr'><strong>proximiores.</strong></span> <span class='ocrx_word' id='word_1_458' title='bbox 400 3331 473 3386; x_wconf 90' lang='lat' dir='ltr'><strong>Sunt</strong></span> <span class='ocrx_word' id='word_1_459' title='bbox 487 3343 553 3387; x_wconf 86' lang='lat' dir='ltr'><strong>vero</strong></span> <span class='ocrx_word' id='word_1_460' title='bbox 568 3330 741 3386; x_wconf 82' lang='lat' dir='ltr'><strong>Geminorum</strong></span> <span class='ocrx_word' id='word_1_461' title='bbox 756 3332 887 3386; x_wconf 87' lang='lat' dir='ltr'><strong>consula-</strong></span> <span class='ocrx_word' id='word_1_462' title='bbox 938 3334 1083 3406; x_wconf 87' lang='lat' dir='ltr'><strong>plenitudo</strong></span> <span class='ocrx_word' id='word_1_463' title='bbox 1107 3334 1173 3401; x_wconf 85' lang='lat' dir='ltr'><strong>lepis</strong></span> <span class='ocrx_word' id='word_1_464' title='bbox 1194 3335 1323 3395; x_wconf 74' lang='lat' dir='ltr'><strong>assistens,</strong></span> <span class='ocrx_word' id='word_1_465' title='bbox 1346 3330 1456 3402; x_wconf 91' lang='lat' dir='ltr'><strong>quando</strong></span> <span class='ocrx_word' id='word_1_466' title='bbox 1477 3330 1607 3398; x_wconf 83' lang='lat' dir='ltr'><strong>diqnatus</strong></span> <span class='ocrx_word' id='word_1_467' title='bbox 1629 3333 1669 3383; x_wconf 89' lang='lat' dir='ltr'><strong>est</strong></span> <span class='ocrx_word' id='word_1_468' title='bbox 1689 3328 1766 3382; x_wconf 87' lang='lat' dir='ltr'><strong>homo</strong></span> 
     </span>
     <span class='ocr_line' id='line_1_36' title="bbox 61 3415 1765 3494; baseline -0.003 -22"><span class='ocrx_word' id='word_1_469' title='bbox 61 3423 106 3481; x_wconf 87' lang='lat' dir='ltr'><strong>tas,</strong></span> <span class='ocrx_word' id='word_1_470' title='bbox 122 3417 200 3476; x_wconf 80' lang='lat' dir='ltr'><strong>Pudi</strong></span> <span class='ocrx_word' id='word_1_471' title='bbox 216 3418 375 3475; x_wconf 90' lang='lat' dir='ltr'><strong>seilicetac</strong></span> <span class='ocrx_word' id='word_1_472' title='bbox 388 3419 515 3475; x_wconf 80' lang='lat' dir='ltr'><strong>Rrrbellii</strong></span> <span class='ocrx_word' id='word_1_473' title='bbox 526 3415 612 3490; x_wconf 92' lang='lat' dir='ltr'><strong>(qnod</strong></span> <span class='ocrx_word' id='word_1_474' title='bbox 629 3423 673 3475; x_wconf 90' lang='lat' dir='ltr'><strong>est</strong></span> <span class='ocrx_word' id='word_1_475' title='bbox 691 3419 826 3491; x_wconf 84' lang='lat' dir='ltr'><strong>primum)</strong></span> <span class='ocrx_word' id='word_1_476' title='bbox 839 3437 847 3491; x_wconf 71' lang='grc' dir='ltr'><strong>ς</strong></span> <span class='ocrx_word' id='word_1_477' title='bbox 859 3422 888 3474; x_wconf 90' lang='lat' dir='ltr'><strong>et</strong></span> <span class='ocrx_word' id='word_1_478' title='bbox 941 3426 1011 3494; x_wconf 71' lang='lat' dir='ltr'><strong>tie-ri,</strong></span> <span class='ocrx_word' id='word_1_479' title='bbox 1025 3426 1123 3493; x_wconf 81' lang='lat' dir='ltr'><strong>quieta</strong></span> <span class='ocrx_word' id='word_1_480' title='bbox 1135 3425 1218 3491; x_wconf 79' lang='lat' dir='ltr'><strong>seria,</strong></span> <span class='ocrx_word' id='word_1_481' title='bbox 1235 3423 1339 3476; x_wconf 86' lang='lat' dir='ltr'><strong>decima</strong></span> <span class='ocrx_word' id='word_1_482' title='bbox 1356 3423 1456 3490; x_wconf 90' lang='lat' dir='ltr'><strong>quarta</strong></span> <span class='ocrx_word' id='word_1_483' title='bbox 1473 3420 1540 3471; x_wconf 87' lang='lat' dir='ltr'><strong>luna</strong></span> <span class='ocrx_word' id='word_1_484' title='bbox 1553 3417 1654 3471; x_wconf 83' lang='lat' dir='ltr'><strong>mensis</strong></span> <span class='ocrx_word' id='word_1_485' title='bbox 1669 3416 1765 3484; x_wconf 87' lang='lat' dir='ltr'><strong>primi,</strong></span> 
     </span>
     <span class='ocr_line' id='line_1_37' title="bbox 61 3502 1765 3579; baseline -0.001 -19"><span class='ocrx_word' id='word_1_486' title='bbox 61 3505 115 3561; x_wconf 80' lang='lat' dir='ltr'><strong>diss</strong></span> <span class='ocrx_word' id='word_1_487' title='bbox 130 3519 187 3561; x_wconf 82' lang='lat' dir='ltr'><strong>mu</strong></span> <span class='ocrx_word' id='word_1_488' title='bbox 207 3505 350 3562; x_wconf 89' lang='lat' dir='ltr'><strong>Kalendas</strong></span> <span class='ocrx_word' id='word_1_489' title='bbox 368 3505 478 3576; x_wconf 90' lang='lat' dir='ltr'><strong>Aprilis</strong></span> <span class='ocrx_word' id='word_1_490' title='bbox 498 3507 630 3577; x_wconf 89' lang='lat' dir='ltr'><strong>passione</strong></span> <span class='ocrx_word' id='word_1_491' title='bbox 648 3507 764 3563; x_wconf 89' lang='lat' dir='ltr'><strong>Domini</strong></span> <span class='ocrx_word' id='word_1_492' title='bbox 784 3519 887 3563; x_wconf 65' lang='lat' dir='ltr'><strong>conse</strong></span> <span class='ocrx_word' id='word_1_493' title='bbox 940 3516 971 3567; x_wconf 85' lang='lat' dir='ltr'><strong>in</strong></span> <span class='ocrx_word' id='word_1_494' title='bbox 984 3514 1118 3568; x_wconf 81' lang='lat' dir='ltr'><strong>eoenncmo</strong></span> <span class='ocrx_word' id='word_1_495' title='bbox 1133 3528 1192 3566; x_wconf 87' lang='lat' dir='ltr'><strong>eum</strong></span> <span class='ocrx_word' id='word_1_496' title='bbox 1210 3509 1353 3579; x_wconf 84' lang='lat' dir='ltr'><strong>discipulis</strong></span> <span class='ocrx_word' id='word_1_497' title='bbox 1365 3507 1470 3561; x_wconf 86' lang='lat' dir='ltr'><strong>Pescia</strong></span> <span class='ocrx_word' id='word_1_498' title='bbox 1487 3502 1668 3566; x_wconf 82' lang='lat' dir='ltr'><strong>manducans,</strong></span> <span class='ocrx_word' id='word_1_499' title='bbox 1679 3502 1765 3574; x_wconf 87' lang='lat' dir='ltr'><strong>paulo</strong></span> 
     </span>
     <span class='ocr_line' id='line_1_38' title="bbox 60 3591 1766 3673; baseline -0.001 -24"><span class='ocrx_word' id='word_1_500' title='bbox 60 3599 130 3651; x_wconf 81' lang='lat' dir='ltr'><strong>enta</strong></span> <span class='ocrx_word' id='word_1_501' title='bbox 152 3594 245 3667; x_wconf 82' lang='lat' dir='ltr'><strong>(quod</strong></span> <span class='ocrx_word' id='word_1_502' title='bbox 272 3599 315 3650; x_wconf 87' lang='lat' dir='ltr'><strong>est</strong></span> <span class='ocrx_word' id='word_1_503' title='bbox 342 3595 518 3669; x_wconf 76' lang='lat' dir='ltr'><strong>meandum).</strong></span> <span class='ocrx_word' id='word_1_504' title='bbox 548 3595 684 3652; x_wconf 88' lang='lat' dir='ltr'><strong>Paschale</strong></span> <span class='ocrx_word' id='word_1_505' title='bbox 711 3593 825 3666; x_wconf 86' lang='lat' dir='ltr'><strong>testum,</strong></span> <span class='ocrx_word' id='word_1_506' title='bbox 855 3595 885 3651; x_wconf 91' lang='lat' dir='ltr'><strong>in</strong></span> <span class='ocrx_word' id='word_1_507' title='bbox 937 3601 1119 3673; x_wconf 80' lang='lat' dir='ltr'><strong>posteinie</strong></span> <span class='ocrx_word' id='word_1_508' title='bbox 1138 3599 1260 3653; x_wconf 87' lang='lat' dir='ltr'><strong>traditur</strong></span> <span class='ocrx_word' id='word_1_509' title='bbox 1273 3616 1282 3662; x_wconf 84' lang='lat'><strong>;</strong></span> <span class='ocrx_word' id='word_1_510' title='bbox 1295 3599 1321 3649; x_wconf 85' lang='lat' dir='ltr'><strong>et</strong></span> <span class='ocrx_word' id='word_1_511' title='bbox 1334 3595 1456 3663; x_wconf 85' lang='lat' dir='ltr'><strong>sequenti</strong></span> <span class='ocrx_word' id='word_1_512' title='bbox 1475 3592 1529 3655; x_wconf 87' lang='lat' dir='ltr'><strong>die,</strong></span> <span class='ocrx_word' id='word_1_513' title='bbox 1548 3591 1766 3662; x_wconf 84' lang='lat' dir='ltr'><strong>quintadecima</strong></span> 
     </span>
     <span class='ocr_line' id='line_1_39' title="bbox 60 3681 1767 3757; baseline -0.001 -17"><span class='ocrx_word' id='word_1_514' title='bbox 60 3685 181 3741; x_wconf 80' lang='lat' dir='ltr'><strong>undem</strong></span> <span class='ocrx_word' id='word_1_515' title='bbox 214 3697 358 3754; x_wconf 76' lang='lat' dir='ltr'><strong>vesperam</strong></span> <span class='ocrx_word' id='word_1_516' title='bbox 387 3683 528 3754; x_wconf 88' lang='lat' dir='ltr'><strong>incidens,</strong></span> <span class='ocrx_word' id='word_1_517' title='bbox 553 3699 609 3755; x_wconf 88' lang='lat' dir='ltr'><strong>qua</strong></span> <span class='ocrx_word' id='word_1_518' title='bbox 635 3688 698 3755; x_wconf 91' lang='lat' dir='ltr'><strong>post</strong></span> <span class='ocrx_word' id='word_1_519' title='bbox 722 3696 883 3755; x_wconf 86' lang='lat' dir='ltr'><strong>supremam</strong></span> <span class='ocrx_word' id='word_1_520' title='bbox 940 3693 1007 3744; x_wconf 85' lang='lat' dir='ltr'><strong>iana</strong></span> <span class='ocrx_word' id='word_1_521' title='bbox 1026 3690 1205 3757; x_wconf 76' lang='lat' dir='ltr'><strong>ermipqiinr,</strong></span> <span class='ocrx_word' id='word_1_522' title='bbox 1220 3686 1251 3738; x_wconf 86' lang='lat' dir='ltr'><strong>id</strong></span> <span class='ocrx_word' id='word_1_523' title='bbox 1268 3689 1307 3739; x_wconf 82' lang='lat' dir='ltr'><strong>est</strong></span> <span class='ocrx_word' id='word_1_524' title='bbox 1329 3687 1407 3738; x_wconf 84' lang='lat' dir='ltr'><strong>senia</strong></span> <span class='ocrx_word' id='word_1_525' title='bbox 1426 3684 1508 3750; x_wconf 77' lang='lat' dir='ltr'><strong>seria,</strong></span> <span class='ocrx_word' id='word_1_526' title='bbox 1527 3685 1580 3738; x_wconf 88' lang='lat' dir='ltr'><strong>etc.</strong></span> <span class='ocrx_word' id='word_1_527' title='bbox 1598 3681 1767 3751; x_wconf 87' lang='lat' dir='ltr'><strong>Temperoa</strong></span> 
     </span>
     <span class='ocr_line' id='line_1_40' title="bbox 59 3769 1767 3850; baseline -0.002 -21"><span class='ocrx_word' id='word_1_528' title='bbox 59 3786 161 3830; x_wconf 81' lang='lat' dir='ltr'><strong>ennam</strong></span> <span class='ocrx_word' id='word_1_529' title='bbox 177 3773 465 3830; x_wconf 84' lang='lat' dir='ltr'><strong>ChristusDominus</strong></span> <span class='ocrx_word' id='word_1_530' title='bbox 480 3774 640 3845; x_wconf 87' lang='lat' dir='ltr'><strong>passionem</strong></span> <span class='ocrx_word' id='word_1_531' title='bbox 653 3774 843 3830; x_wconf 87' lang='lat' dir='ltr'><strong>inchoaturus</strong></span> <span class='ocrx_word' id='word_1_532' title='bbox 853 3774 883 3830; x_wconf 91' lang='lat' dir='ltr'><strong>iu</strong></span> <span class='ocrx_word' id='word_1_533' title='bbox 940 3777 1073 3850; x_wconf 88' lang='lat' dir='ltr'><strong>pluribus</strong></span> <span class='ocrx_word' id='word_1_534' title='bbox 1089 3774 1264 3844; x_wconf 79' lang='lat' dir='ltr'><strong>referendis3</strong></span> <span class='ocrx_word' id='word_1_535' title='bbox 1279 3786 1345 3829; x_wconf 89' lang='lat' dir='ltr'><strong>cum</strong></span> <span class='ocrx_word' id='word_1_536' title='bbox 1361 3770 1527 3828; x_wconf 88' lang='lat' dir='ltr'><strong>indicentur</strong></span> <span class='ocrx_word' id='word_1_537' title='bbox 1538 3769 1613 3841; x_wconf 92' lang='lat' dir='ltr'><strong>apud</strong></span> <span class='ocrx_word' id='word_1_538' title='bbox 1629 3771 1667 3825; x_wconf 85' lang='lat' dir='ltr'><strong>La</strong></span> <span class='ocrx_word' id='word_1_539' title='bbox 1682 3769 1767 3826; x_wconf 83' lang='lat' dir='ltr'><strong>oure</strong></span> 
     </span>
     <span class='ocr_line' id='line_1_41' title="bbox 60 3856 1767 3932; baseline -0.003 -14"><span class='ocrx_word' id='word_1_540' title='bbox 60 3862 170 3920; x_wconf 79' lang='lat' dir='ltr'><strong>honum</strong></span> <span class='ocrx_word' id='word_1_541' title='bbox 183 3862 370 3920; x_wconf 83' lang='lat' dir='ltr'><strong>Gethsemam</strong></span> <span class='ocrx_word' id='word_1_542' title='bbox 386 3864 538 3932; x_wconf 87' lang='lat' dir='ltr'><strong>concessit,</strong></span> <span class='ocrx_word' id='word_1_543' title='bbox 559 3862 730 3932; x_wconf 85' lang='lat' dir='ltr'><strong>pariendum</strong></span> <span class='ocrx_word' id='word_1_544' title='bbox 744 3875 805 3919; x_wconf 90' lang='lat' dir='ltr'><strong>esse</strong></span> <span class='ocrx_word' id='word_1_545' title='bbox 817 3876 882 3919; x_wconf 90' lang='lat' dir='ltr'><strong>eum</strong></span> <span class='ocrx_word' id='word_1_546' title='bbox 940 3868 969 3923; x_wconf 88' lang='lat' dir='ltr'><strong>in</strong></span> <span class='ocrx_word' id='word_1_547' title='bbox 980 3866 1058 3922; x_wconf 90' lang='lat' dir='ltr'><strong>notis</strong></span> <span class='ocrx_word' id='word_1_548' title='bbox 1073 3865 1107 3920; x_wconf 87' lang='lat' dir='ltr'><strong>ad</strong></span> <span class='ocrx_word' id='word_1_549' title='bbox 1122 3860 1295 3918; x_wconf 84' lang='lat' dir='ltr'><strong>Tertulliani</strong></span> <span class='ocrx_word' id='word_1_550' title='bbox 1311 3858 1406 3916; x_wconf 90' lang='lat' dir='ltr'><strong>locum</strong></span> <span class='ocrx_word' id='word_1_551' title='bbox 1422 3857 1488 3919; x_wconf 88' lang='lat' dir='ltr'><strong>libr.</strong></span> <span class='ocrx_word' id='word_1_552' title='bbox 1505 3858 1643 3914; x_wconf 84' lang='lat' dir='ltr'><strong>adversus</strong></span> <span class='ocrx_word' id='word_1_553' title='bbox 1653 3856 1767 3914; x_wconf 84' lang='lat' dir='ltr'><strong>ludaeos</strong></span> 
     </span>
     <span class='ocr_line' id='line_1_42' title="bbox 59 3945 1766 4029; baseline -0.005 -20"><span class='ocrx_word' id='word_1_554' title='bbox 59 3959 155 4023; x_wconf 81' lang='lat' dir='ltr'><strong>quarta</strong></span> <span class='ocrx_word' id='word_1_555' title='bbox 177 3953 293 4009; x_wconf 86' lang='lat' dir='ltr'><strong>decima</strong></span> <span class='ocrx_word' id='word_1_556' title='bbox 311 3953 359 4011; x_wconf 90' lang='lat' dir='ltr'><strong>die</strong></span> <span class='ocrx_word' id='word_1_557' title='bbox 379 3953 465 4024; x_wconf 85' lang='lat' dir='ltr'><strong>lunae,</strong></span> <span class='ocrx_word' id='word_1_558' title='bbox 483 3956 512 4008; x_wconf 90' lang='lat' dir='ltr'><strong>et</strong></span> <span class='ocrx_word' id='word_1_559' title='bbox 530 3966 581 4008; x_wconf 80' lang='lat' dir='ltr'><strong>vin</strong></span> <span class='ocrx_word' id='word_1_560' title='bbox 602 3952 743 4008; x_wconf 84' lang='lat' dir='ltr'><strong>Kalendas</strong></span> <span class='ocrx_word' id='word_1_561' title='bbox 760 3951 881 4023; x_wconf 86' lang='lat' dir='ltr'><strong>Aprilis,</strong></span> <span class='ocrx_word' id='word_1_562' title='bbox 938 3970 1000 4029; x_wconf 82' lang='lat' dir='ltr'><strong>pag.</strong></span> <span class='ocrx_word' id='word_1_563' title='bbox 1021 3951 1072 4010; x_wconf 83' lang='grc'><strong>440</strong></span> <span class='ocrx_word' id='word_1_564' title='bbox 1087 3948 1511 4020; x_wconf 77' lang='lat' dir='ltr'><strong>illiuseditionis30tapudlt.</strong></span> <span class='ocrx_word' id='word_1_565' title='bbox 1527 3948 1557 4002; x_wconf 89' lang='lat' dir='ltr'><strong>P.</strong></span> <span class='ocrx_word' id='word_1_566' title='bbox 1575 3945 1766 4017; x_wconf 84' lang='lat' dir='ltr'><strong>leNourryin</strong></span> 
     </span>
     <span class='ocr_line' id='line_1_43' title="bbox 57 4035 1768 4114; baseline -0.002 -18"><span class='ocrx_word' id='word_1_567' title='bbox 57 4040 171 4114; x_wconf 76' lang='lat' dir='ltr'><strong>collegit</strong></span> <span class='ocrx_word' id='word_1_568' title='bbox 185 4041 359 4112; x_wconf 84' lang='lat' dir='ltr'><strong>Hippolytus</strong></span> <span class='ocrx_word' id='word_1_569' title='bbox 374 4045 491 4112; x_wconf 85' lang='lat' dir='ltr'><strong>martyr,</strong></span> <span class='ocrx_word' id='word_1_570' title='bbox 513 4041 553 4097; x_wconf 86' lang='lat' dir='ltr'><strong>ita</strong></span> <span class='ocrx_word' id='word_1_571' title='bbox 569 4041 693 4096; x_wconf 89' lang='lat' dir='ltr'><strong>incisum</strong></span> <span class='ocrx_word' id='word_1_572' title='bbox 716 4040 883 4112; x_wconf 88' lang='lat' dir='ltr'><strong>relinquens</strong></span> <span class='ocrx_word' id='word_1_573' title='bbox 938 4045 1016 4101; x_wconf 88' lang='lat' dir='ltr'><strong>notis</strong></span> <span class='ocrx_word' id='word_1_574' title='bbox 1026 4043 1060 4100; x_wconf 88' lang='lat' dir='ltr'><strong>ad</strong></span> <span class='ocrx_word' id='word_1_575' title='bbox 1074 4042 1181 4097; x_wconf 87' lang='lat' dir='ltr'><strong>librum</strong></span> <span class='ocrx_word' id='word_1_576' title='bbox 1197 4039 1277 4096; x_wconf 89' lang='lat' dir='ltr'><strong>Lucii</strong></span> <span class='ocrx_word' id='word_1_577' title='bbox 1288 4037 1398 4095; x_wconf 87' lang='lat' dir='ltr'><strong>caecilii</strong></span> <span class='ocrx_word' id='word_1_578' title='bbox 1408 4035 1596 4094; x_wconf 82' lang='lat' dir='ltr'><strong>dellortibus</strong></span> <span class='ocrx_word' id='word_1_579' title='bbox 1606 4037 1768 4107; x_wconf 92' lang='lat' dir='ltr'><strong>persecuto.</strong></span> 
     </span>
     <span class='ocr_line' id='line_1_44' title="bbox 56 4123 1766 4201; baseline -0.004 -17"><span class='ocrx_word' id='word_1_580' title='bbox 56 4125 883 4201; x_wconf 78' lang='lat' dir='ltr'><strong>mnoaeraevulgarisaiiordmemrascnatumsuperio·</strong></span> <span class='ocrx_word' id='word_1_581' title='bbox 938 4148 1013 4200; x_wconf 89' lang='lat' dir='ltr'><strong>rum,</strong></span> <span class='ocrx_word' id='word_1_582' title='bbox 1036 4145 1098 4201; x_wconf 86' lang='lat' dir='ltr'><strong>cap.</strong></span> <span class='ocrx_word' id='word_1_583' title='bbox 1120 4127 1146 4189; x_wconf 85' lang='lat' dir='ltr'><strong>l.</strong></span> <span class='ocrx_word' id='word_1_584' title='bbox 1173 4142 1235 4201; x_wconf 88' lang='lat' dir='ltr'><strong>pag.</strong></span> <span class='ocrx_word' id='word_1_585' title='bbox 1262 4125 1323 4193; x_wconf 89' lang='grc'>459,</span> <span class='ocrx_word' id='word_1_586' title='bbox 1344 4139 1408 4196; x_wconf 87' lang='lat' dir='ltr'><strong>quae</strong></span> <span class='ocrx_word' id='word_1_587' title='bbox 1431 4123 1527 4181; x_wconf 85' lang='lat' dir='ltr'><strong>insius</strong></span> <span class='ocrx_word' id='word_1_588' title='bbox 1552 4136 1711 4195; x_wconf 87' lang='lat' dir='ltr'><strong>prosequor</strong></span> <span class='ocrx_word' id='word_1_589' title='bbox 1733 4134 1766 4179; x_wconf 87' lang='lat' dir='ltr'><strong>ac</strong></span> 
     </span>
     <span class='ocr_line' id='line_1_45' title="bbox 55 4211 1859 4294; baseline -0.004 -21"><span class='ocrx_word' id='word_1_590' title='bbox 55 4231 115 4276; x_wconf 87' lang='lat' dir='ltr'><strong>mm</strong></span> <span class='ocrx_word' id='word_1_591' title='bbox 131 4219 165 4275; x_wconf 91' lang='lat' dir='ltr'><strong>iu</strong></span> <span class='ocrx_word' id='word_1_592' title='bbox 179 4231 235 4274; x_wconf 90' lang='lat' dir='ltr'><strong>suo</strong></span> <span class='ocrx_word' id='word_1_593' title='bbox 248 4217 333 4289; x_wconf 83' lang='lat' dir='ltr'><strong>cyclo</strong></span> <span class='ocrx_word' id='word_1_594' title='bbox 938 4221 1110 4294; x_wconf 83' lang='lat' dir='ltr'><strong>diligentius</strong></span> <span class='ocrx_word' id='word_1_595' title='bbox 1125 4217 1255 4288; x_wconf 83' lang='lat' dir='ltr'><strong>expendo</strong></span> <span class='ocrx_word' id='word_1_596' title='bbox 1265 4217 1295 4272; x_wconf 91' lang='lat' dir='ltr'><strong>in</strong></span> <span class='ocrx_word' id='word_1_597' title='bbox 1311 4214 1521 4271; x_wconf 85' lang='lat' dir='ltr'><strong>Dissertatioue</strong></span> <span class='ocrx_word' id='word_1_598' title='bbox 1529 4213 1565 4269; x_wconf 90' lang='lat' dir='ltr'><strong>de</strong></span> <span class='ocrx_word' id='word_1_599' title='bbox 1579 4211 1694 4283; x_wconf 87' lang='lat' dir='ltr'><strong>Epoeha</strong></span> <span class='ocrx_word' id='word_1_600' title='bbox 1704 4212 1765 4267; x_wconf 88' lang='lat' dir='ltr'><strong>Do-</strong></span> <span class='ocrx_word' id='word_1_601' title='bbox 1843 4218 1859 4230; x_wconf 67' lang='grc'><strong>“</strong></span> 
     </span>
     <span class='ocr_line' id='line_1_46' title="bbox 107 4299 1767 4367; baseline -0.005 -5"><span class='ocrx_word' id='word_1_602' title='bbox 107 4307 134 4362; x_wconf 85' lang='lat' dir='ltr'><strong>ll</strong></span> <span class='ocrx_word' id='word_1_603' title='bbox 154 4307 240 4364; x_wconf 78' lang='grc' dir='ltr'>ιΑΛ.</span> <span class='ocrx_word' id='word_1_604' title='bbox 261 4306 384 4362; x_wconf 85' lang='grc' dir='ltr'>ΑΠΡΕΙ</span> <span class='ocrx_word' id='word_1_605' title='bbox 490 4307 548 4363; x_wconf 86' lang='lat' dir='ltr'><strong>DIE</strong></span> <span class='ocrx_word' id='word_1_606' title='bbox 567 4307 831 4364; x_wconf 82' lang='lat' dir='ltr'><strong>VlilKALAPiiiL</strong></span> <span class='ocrx_word' id='word_1_607' title='bbox 940 4311 1054 4367; x_wconf 76' lang='lat' dir='ltr'><strong>minicae</strong></span> <span class='ocrx_word' id='word_1_608' title='bbox 1076 4307 1225 4364; x_wconf 89' lang='lat' dir='ltr'><strong>Passionis</strong></span> <span class='ocrx_word' id='word_1_609' title='bbox 1247 4306 1387 4361; x_wconf 82' lang='lat' dir='ltr'><strong>inchoata</strong></span> <span class='ocrx_word' id='word_1_610' title='bbox 1407 4306 1482 4358; x_wconf 88' lang='lat' dir='ltr'><strong>reete</strong></span> <span class='ocrx_word' id='word_1_611' title='bbox 1500 4301 1702 4358; x_wconf 90' lang='lat' dir='ltr'><strong>constituenda</strong></span> <span class='ocrx_word' id='word_1_612' title='bbox 1718 4299 1767 4356; x_wconf 90' lang='lat' dir='ltr'><strong>die</strong></span> 
     </span>
     <span class='ocr_line' id='line_1_47' title="bbox 159 4387 1764 4466; baseline -0.004 -15"><span class='ocrx_word' id='word_1_613' title='bbox 159 4394 299 4452; x_wconf 85' lang='grc' dir='ltr'><strong>ΠΑΘΟΣ</strong></span> <span class='ocrx_word' id='word_1_614' title='bbox 318 4395 360 4450; x_wconf 86' lang='lat' dir='ltr'><strong>Xe</strong></span> <span class='ocrx_word' id='word_1_615' title='bbox 485 4393 603 4451; x_wconf 86' lang='lat' dir='ltr'><strong>PASSlO</strong></span> <span class='ocrx_word' id='word_1_616' title='bbox 628 4396 769 4453; x_wconf 77' lang='lat' dir='ltr'><strong>CHRISTI.</strong></span> <span class='ocrx_word' id='word_1_617' title='bbox 896 4388 991 4456; x_wconf 83' lang='lat' dir='ltr'><strong>Drnt</strong></span> <span class='ocrx_word' id='word_1_618' title='bbox 1007 4397 1159 4466; x_wconf 88' lang='lat' dir='ltr'><strong>Kalendas,</strong></span> <span class='ocrx_word' id='word_1_619' title='bbox 1171 4402 1199 4452; x_wconf 92' lang='lat' dir='ltr'><strong>et</strong></span> <span class='ocrx_word' id='word_1_620' title='bbox 1210 4393 1354 4466; x_wconf 91' lang='lat' dir='ltr'><strong>passionis</strong></span> <span class='ocrx_word' id='word_1_621' title='bbox 1365 4393 1579 4460; x_wconf 77' lang='lat' dir='ltr'><strong>consummatae,</strong></span> <span class='ocrx_word' id='word_1_622' title='bbox 1593 4387 1764 4446; x_wconf 85' lang='lat' dir='ltr'><strong>sivecruci-</strong></span> 
     </span>
     <span class='ocr_line' id='line_1_48' title="bbox 86 4476 1766 4555; baseline -0.007 -12"><span class='ocrx_word' id='word_1_623' title='bbox 86 4485 176 4543; x_wconf 86' lang='lat' dir='ltr'><strong>Plura</strong></span> <span class='ocrx_word' id='word_1_624' title='bbox 191 4484 226 4540; x_wconf 92' lang='lat' dir='ltr'><strong>ad</strong></span> <span class='ocrx_word' id='word_1_625' title='bbox 244 4498 308 4540; x_wconf 89' lang='lat' dir='ltr'><strong>eum</strong></span> <span class='ocrx_word' id='word_1_626' title='bbox 323 4482 438 4554; x_wconf 83' lang='lat' dir='ltr'><strong>Cyelum</strong></span> <span class='ocrx_word' id='word_1_627' title='bbox 458 4484 569 4541; x_wconf 91' lang='lat' dir='ltr'><strong>contuli</strong></span> <span class='ocrx_word' id='word_1_628' title='bbox 587 4485 616 4539; x_wconf 91' lang='lat' dir='ltr'><strong>in</strong></span> <span class='ocrx_word' id='word_1_629' title='bbox 631 4484 835 4541; x_wconf 88' lang='lat' dir='ltr'><strong>dissertatione</strong></span> <span class='ocrx_word' id='word_1_630' title='bbox 848 4487 883 4543; x_wconf 90' lang='lat' dir='ltr'><strong>de</strong></span> <span class='ocrx_word' id='word_1_631' title='bbox 939 4489 1067 4555; x_wconf 80' lang='lat' dir='ltr'><strong>ixionis,</strong></span> <span class='ocrx_word' id='word_1_632' title='bbox 1083 4487 1132 4543; x_wconf 90' lang='lat' dir='ltr'><strong>die</strong></span> <span class='ocrx_word' id='word_1_633' title='bbox 1145 4499 1186 4540; x_wconf 84' lang='lat' dir='ltr'><strong>vn</strong></span> <span class='ocrx_word' id='word_1_634' title='bbox 1202 4483 1344 4540; x_wconf 86' lang='lat' dir='ltr'><strong>Kalendas</strong></span> <span class='ocrx_word' id='word_1_635' title='bbox 1358 4479 1479 4552; x_wconf 86' lang='lat' dir='ltr'><strong>Aprilis,</strong></span> <span class='ocrx_word' id='word_1_636' title='bbox 1500 4478 1614 4535; x_wconf 90' lang='lat' dir='ltr'><strong>duobus</strong></span> <span class='ocrx_word' id='word_1_637' title='bbox 1634 4476 1766 4535; x_wconf 79' lang='lat' dir='ltr'><strong>Gemims</strong></span> 
     </span>
     <span class='ocr_line' id='line_1_49' title="bbox 54 4565 1765 4647; baseline -0.005 -17"><span class='ocrx_word' id='word_1_638' title='bbox 54 4574 137 4647; x_wconf 75' lang='lat' dir='ltr'><strong>cyclo</strong></span> <span class='ocrx_word' id='word_1_639' title='bbox 149 4574 178 4630; x_wconf 90' lang='lat' dir='ltr'><strong>S.</strong></span> <span class='ocrx_word' id='word_1_640' title='bbox 191 4572 327 4643; x_wconf 81' lang='lat' dir='ltr'><strong>Hippolyi</strong></span> <span class='ocrx_word' id='word_1_641' title='bbox 341 4573 489 4642; x_wconf 79' lang='lat' dir='ltr'><strong>tmartyris</strong></span> <span class='ocrx_word' id='word_1_642' title='bbox 501 4586 562 4642; x_wconf 90' lang='lat' dir='ltr'><strong>cap.</strong></span> <span class='ocrx_word' id='word_1_643' title='bbox 576 4570 603 4643; x_wconf 76' lang='grc'><strong>9,</strong></span> <span class='ocrx_word' id='word_1_644' title='bbox 619 4587 682 4644; x_wconf 87' lang='lat' dir='ltr'><strong>pag.</strong></span> <span class='ocrx_word' id='word_1_645' title='bbox 697 4569 757 4628; x_wconf 82' lang='lat' dir='ltr'><strong>loi.</strong></span> <span class='ocrx_word' id='word_1_646' title='bbox 772 4575 883 4645; x_wconf 86' lang='lat' dir='ltr'><strong>liippo-</strong></span> <span class='ocrx_word' id='word_1_647' title='bbox 939 4576 1120 4646; x_wconf 89' lang='lat' dir='ltr'><strong>consulibus,</strong></span> <span class='ocrx_word' id='word_1_648' title='bbox 1151 4587 1226 4630; x_wconf 88' lang='lat' dir='ltr'><strong>anno</strong></span> <span class='ocrx_word' id='word_1_649' title='bbox 1254 4570 1383 4643; x_wconf 83' lang='lat' dir='ltr'><strong>vulgaris</strong></span> <span class='ocrx_word' id='word_1_650' title='bbox 1412 4582 1475 4624; x_wconf 86' lang='lat' dir='ltr'><strong>aerae</strong></span> <span class='ocrx_word' id='word_1_651' title='bbox 1502 4565 1547 4638; x_wconf 71' lang='lat'><strong>28,</strong></span> <span class='ocrx_word' id='word_1_652' title='bbox 1576 4567 1670 4623; x_wconf 81' lang='lat' dir='ltr'><strong>atatis</strong></span> <span class='ocrx_word' id='word_1_653' title='bbox 1700 4577 1765 4621; x_wconf 87' lang='lat' dir='ltr'><strong>vero</strong></span> 
     </span>
     <span class='ocr_line' id='line_1_50' title="bbox 55 4660 1364 4735; baseline -0.005 -15"><span class='ocrx_word' id='word_1_654' title='bbox 55 4663 113 4735; x_wconf 70' lang='lat' dir='ltr'><strong>lyto</strong></span> <span class='ocrx_word' id='word_1_655' title='bbox 144 4662 328 4734; x_wconf 68' lang='lat' dir='ltr'><strong>muceranus</strong></span> <span class='ocrx_word' id='word_1_656' title='bbox 360 4661 558 4718; x_wconf 88' lang='lat' dir='ltr'><strong>Tertullianus</strong></span> <span class='ocrx_word' id='word_1_657' title='bbox 587 4662 616 4718; x_wconf 89' lang='lat' dir='ltr'><strong>in</strong></span> <span class='ocrx_word' id='word_1_658' title='bbox 645 4661 721 4717; x_wconf 90' lang='lat' dir='ltr'><strong>libro</strong></span> <span class='ocrx_word' id='word_1_659' title='bbox 746 4662 884 4719; x_wconf 81' lang='lat' dir='ltr'><strong>adversus</strong></span> <span class='ocrx_word' id='word_1_660' title='bbox 938 4665 1046 4721; x_wconf 84' lang='lat' dir='ltr'><strong>Christi</strong></span> <span class='ocrx_word' id='word_1_661' title='bbox 1062 4665 1176 4720; x_wconf 88' lang='lat' dir='ltr'><strong>Domini</strong></span> <span class='ocrx_word' id='word_1_662' title='bbox 1192 4660 1228 4719; x_wconf 87' lang='grc'><strong>33</strong></span> <span class='ocrx_word' id='word_1_663' title='bbox 1243 4661 1364 4717; x_wconf 88' lang='lat' dir='ltr'><strong>labente.</strong></span> 
     </span>
     <span class='ocr_line' id='line_1_51' title="bbox 52 4746 1765 4826; baseline -0.009 -11"><span class='ocrx_word' id='word_1_664' title='bbox 52 4751 165 4808; x_wconf 70' lang='grc'>4449408</span> <span class='ocrx_word' id='word_1_665' title='bbox 178 4748 307 4806; x_wconf 76' lang='lat' dir='ltr'><strong>mmdem</strong></span> <span class='ocrx_word' id='word_1_666' title='bbox 319 4746 395 4804; x_wconf 79' lang='grc'>(44444</span> <span class='ocrx_word' id='word_1_667' title='bbox 412 4748 542 4804; x_wconf 67' lang='grc'>44444444</span> <span class='ocrx_word' id='word_1_668' title='bbox 555 4748 692 4805; x_wconf 75' lang='grc'>4444444444</span> <span class='ocrx_word' id='word_1_669' title='bbox 706 4748 814 4805; x_wconf 78' lang='lat' dir='ltr'><strong>Christi</strong></span> <span class='ocrx_word' id='word_1_670' title='bbox 828 4764 883 4806; x_wconf 80' lang='lat' dir='ltr'><strong>su·</strong></span> <span class='ocrx_word' id='word_1_671' title='bbox 974 4757 1105 4826; x_wconf 85' lang='lat' dir='ltr'><strong>Quatuor</strong></span> <span class='ocrx_word' id='word_1_672' title='bbox 1117 4753 1207 4826; x_wconf 85' lang='lat' dir='ltr'><strong>igitur</strong></span> <span class='ocrx_word' id='word_1_673' title='bbox 1218 4749 1464 4807; x_wconf 87' lang='lat' dir='ltr'><strong>characteresdlei</strong></span> <span class='ocrx_word' id='word_1_674' title='bbox 1481 4751 1509 4805; x_wconf 91' lang='lat' dir='ltr'><strong>et</strong></span> <span class='ocrx_word' id='word_1_675' title='bbox 1523 4747 1592 4805; x_wconf 86' lang='lat' dir='ltr'><strong>anni</strong></span> <span class='ocrx_word' id='word_1_676' title='bbox 1608 4746 1765 4803; x_wconf 82' lang='lat' dir='ltr'><strong>Dominicae</strong></span> 
     </span>
     <span class='ocr_line' id='line_1_52' title="bbox 55 4833 1764 4917; baseline -0.018 0"><span class='ocrx_word' id='word_1_677' title='bbox 55 4853 151 4912; x_wconf 61' lang='lat' dir='ltr'><strong>imm</strong></span> <span class='ocrx_word' id='word_1_678' title='bbox 169 4841 234 4912; x_wconf 75' lang='lat' dir='ltr'><strong>(Vffl</strong></span> <span class='ocrx_word' id='word_1_679' title='bbox 253 4840 393 4895; x_wconf 66' lang='grc'>4494444444</span> <span class='ocrx_word' id='word_1_680' title='bbox 412 4841 541 4909; x_wconf 53' lang='lat' dir='ltr'><strong>APristi),</strong></span> <span class='ocrx_word' id='word_1_681' title='bbox 562 4839 733 4909; x_wconf 71' lang='lat' dir='ltr'><strong>eosdemque</strong></span> <span class='ocrx_word' id='word_1_682' title='bbox 749 4838 883 4896; x_wconf 87' lang='lat' dir='ltr'><strong>consules</strong></span> <span class='ocrx_word' id='word_1_683' title='bbox 941 4844 1085 4917; x_wconf 88' lang='lat' dir='ltr'><strong>passionis</strong></span> <span class='ocrx_word' id='word_1_684' title='bbox 1096 4856 1128 4896; x_wconf 87' lang='lat' dir='ltr'><strong>ac</strong></span> <span class='ocrx_word' id='word_1_685' title='bbox 1140 4841 1251 4908; x_wconf 88' lang='lat' dir='ltr'><strong>mortis,</strong></span> <span class='ocrx_word' id='word_1_686' title='bbox 1263 4840 1336 4895; x_wconf 93' lang='lat' dir='ltr'><strong>duos</strong></span> <span class='ocrx_word' id='word_1_687' title='bbox 1352 4839 1468 4910; x_wconf 90' lang='lat' dir='ltr'><strong>quidem</strong></span> <span class='ocrx_word' id='word_1_688' title='bbox 1481 4836 1580 4891; x_wconf 87' lang='lat' dir='ltr'><strong>divina</strong></span> <span class='ocrx_word' id='word_1_689' title='bbox 1591 4833 1764 4890; x_wconf 88' lang='lat' dir='ltr'><strong>revelatione</strong></span> 
     </span>
     <span class='ocr_line' id='line_1_53' title="bbox 53 4922 1763 5000; baseline -0.006 -15"><span class='ocrx_word' id='word_1_690' title='bbox 53 4929 135 4999; x_wconf 75' lang='lat' dir='ltr'><strong>(ures</strong></span> <span class='ocrx_word' id='word_1_691' title='bbox 149 4928 298 5000; x_wconf 78' lang='lat' dir='ltr'><strong>Geminos).</strong></span> <span class='ocrx_word' id='word_1_692' title='bbox 319 4929 416 4985; x_wconf 90' lang='lat' dir='ltr'><strong>Patres</strong></span> <span class='ocrx_word' id='word_1_693' title='bbox 430 4936 458 4984; x_wconf 89' lang='lat' dir='ltr'><strong>et</strong></span> <span class='ocrx_word' id='word_1_694' title='bbox 472 4932 627 4999; x_wconf 86' lang='lat' dir='ltr'><strong>scriptores</strong></span> <span class='ocrx_word' id='word_1_695' title='bbox 642 4929 690 4998; x_wconf 89' lang='lat' dir='ltr'><strong>qui</strong></span> <span class='ocrx_word' id='word_1_696' title='bbox 708 4928 832 4997; x_wconf 80' lang='lat' dir='ltr'><strong>proximi</strong></span> <span class='ocrx_word' id='word_1_697' title='bbox 847 4927 883 4985; x_wconf 92' lang='lat' dir='ltr'><strong>ah</strong></span> <span class='ocrx_word' id='word_1_698' title='bbox 939 4936 1042 5000; x_wconf 78' lang='lat' dir='ltr'><strong>certae,</strong></span> <span class='ocrx_word' id='word_1_699' title='bbox 1054 4930 1126 4985; x_wconf 73' lang='lat' dir='ltr'><strong>diros</strong></span> <span class='ocrx_word' id='word_1_700' title='bbox 1136 4933 1231 4983; x_wconf 89' lang='lat' dir='ltr'><strong>autem</strong></span> <span class='ocrx_word' id='word_1_701' title='bbox 1242 4940 1276 4981; x_wconf 85' lang='lat' dir='ltr'><strong>ex</strong></span> <span class='ocrx_word' id='word_1_702' title='bbox 1287 4926 1443 4983; x_wconf 86' lang='lat' dir='ltr'><strong>traditione</strong></span> <span class='ocrx_word' id='word_1_703' title='bbox 1453 4922 1763 4981; x_wconf 84' lang='lat' dir='ltr'><strong>aasenteutiaPatrum</strong></span> 
     </span>
     <span class='ocr_line' id='line_1_54' title="bbox 54 5008 1765 5089; baseline -0.005 -15"><span class='ocrx_word' id='word_1_704' title='bbox 54 5017 102 5074; x_wconf 79' lang='lat' dir='ltr'><strong>his</strong></span> <span class='ocrx_word' id='word_1_705' title='bbox 114 5018 287 5086; x_wconf 79' lang='lat' dir='ltr'><strong>floruerunt,</strong></span> <span class='ocrx_word' id='word_1_706' title='bbox 304 5022 390 5088; x_wconf 89' lang='lat' dir='ltr'><strong>atque</strong></span> <span class='ocrx_word' id='word_1_707' title='bbox 403 5017 424 5073; x_wconf 90' lang='lat' dir='ltr'><strong>ii</strong></span> <span class='ocrx_word' id='word_1_708' title='bbox 440 5017 621 5088; x_wconf 90' lang='lat' dir='ltr'><strong>potissimum</strong></span> <span class='ocrx_word' id='word_1_709' title='bbox 636 5018 686 5088; x_wconf 89' lang='lat' dir='ltr'><strong>qui</strong></span> <span class='ocrx_word' id='word_1_710' title='bbox 699 5031 744 5073; x_wconf 91' lang='lat' dir='ltr'><strong>res</strong></span> <span class='ocrx_word' id='word_1_711' title='bbox 756 5017 884 5074; x_wconf 88' lang='lat' dir='ltr'><strong>chrono-</strong></span> <span class='ocrx_word' id='word_1_712' title='bbox 939 5022 1077 5089; x_wconf 85' lang='lat' dir='ltr'><strong>receptos,</strong></span> <span class='ocrx_word' id='word_1_713' title='bbox 1089 5019 1148 5072; x_wconf 92' lang='lat' dir='ltr'><strong>tum</strong></span> <span class='ocrx_word' id='word_1_714' title='bbox 1162 5015 1191 5070; x_wconf 87' lang='lat' dir='ltr'><strong>in</strong></span> <span class='ocrx_word' id='word_1_715' title='bbox 1205 5013 1331 5081; x_wconf 88' lang='lat' dir='ltr'><strong>Oriente,</strong></span> <span class='ocrx_word' id='word_1_716' title='bbox 1348 5020 1408 5069; x_wconf 91' lang='lat' dir='ltr'><strong>tum</strong></span> <span class='ocrx_word' id='word_1_717' title='bbox 1423 5013 1452 5068; x_wconf 92' lang='lat' dir='ltr'><strong>iu</strong></span> <span class='ocrx_word' id='word_1_718' title='bbox 1466 5009 1632 5081; x_wconf 88' lang='lat' dir='ltr'><strong>Occidente,</strong></span> <span class='ocrx_word' id='word_1_719' title='bbox 1647 5008 1765 5066; x_wconf 89' lang='lat' dir='ltr'><strong>student</strong></span> 
     </span>
     <span class='ocr_line' id='line_1_55' title="bbox 55 5098 1764 5180; baseline -0.006 -17"><span class='ocrx_word' id='word_1_720' title='bbox 55 5105 165 5180; x_wconf 83' lang='lat' dir='ltr'><strong>logicas</strong></span> <span class='ocrx_word' id='word_1_721' title='bbox 186 5107 303 5178; x_wconf 89' lang='lat' dir='ltr'><strong>penitus</strong></span> <span class='ocrx_word' id='word_1_722' title='bbox 323 5107 520 5178; x_wconf 83' lang='lat' dir='ltr'><strong>inspexerunt,</strong></span> <span class='ocrx_word' id='word_1_723' title='bbox 543 5106 655 5162; x_wconf 89' lang='lat' dir='ltr'><strong>eosdem</strong></span> <span class='ocrx_word' id='word_1_724' title='bbox 676 5105 809 5163; x_wconf 82' lang='lat' dir='ltr'><strong>consules</strong></span> <span class='ocrx_word' id='word_1_725' title='bbox 829 5105 884 5160; x_wconf 84' lang='lat' dir='ltr'><strong>de·</strong></span> <span class='ocrx_word' id='word_1_726' title='bbox 938 5104 1105 5177; x_wconf 83' lang='lat' dir='ltr'><strong>chronologi</strong></span> <span class='ocrx_word' id='word_1_727' title='bbox 1117 5102 1283 5160; x_wconf 88' lang='lat' dir='ltr'><strong>conciliare.</strong></span> <span class='ocrx_word' id='word_1_728' title='bbox 1295 5101 1347 5156; x_wconf 86' lang='lat' dir='ltr'><strong>Sed</strong></span> <span class='ocrx_word' id='word_1_729' title='bbox 1364 5101 1449 5156; x_wconf 89' lang='lat' dir='ltr'><strong>irrito</strong></span> <span class='ocrx_word' id='word_1_730' title='bbox 1463 5101 1625 5155; x_wconf 87' lang='lat' dir='ltr'><strong>constares</strong></span> <span class='ocrx_word' id='word_1_731' title='bbox 1637 5098 1764 5155; x_wconf 69' lang='grc'>44444440-</span> 
     </span>
     <span class='ocr_line' id='line_1_56' title="bbox 54 5186 1764 5267; baseline -0.004 -17"><span class='ocrx_word' id='word_1_732' title='bbox 54 5199 142 5250; x_wconf 72' lang='lat' dir='ltr'><strong>mines</strong></span> <span class='ocrx_word' id='word_1_733' title='bbox 161 5196 349 5267; x_wconf 86' lang='lat' dir='ltr'><strong>eamdemque</strong></span> <span class='ocrx_word' id='word_1_734' title='bbox 364 5196 441 5253; x_wconf 90' lang='lat' dir='ltr'><strong>diem</strong></span> <span class='ocrx_word' id='word_1_735' title='bbox 462 5210 514 5251; x_wconf 89' lang='lat' dir='ltr'><strong>v1n</strong></span> <span class='ocrx_word' id='word_1_736' title='bbox 534 5196 672 5251; x_wconf 85' lang='lat' dir='ltr'><strong>Kalendas</strong></span> <span class='ocrx_word' id='word_1_737' title='bbox 691 5196 798 5265; x_wconf 85' lang='lat' dir='ltr'><strong>Aprilis</strong></span> <span class='ocrx_word' id='word_1_738' title='bbox 817 5209 882 5251; x_wconf 91' lang='lat' dir='ltr'><strong>eum</strong></span> <span class='ocrx_word' id='word_1_739' title='bbox 937 5201 1039 5253; x_wconf 92' lang='lat' dir='ltr'><strong>etenus</strong></span> <span class='ocrx_word' id='word_1_740' title='bbox 1058 5197 1167 5249; x_wconf 89' lang='lat' dir='ltr'><strong>tentata</strong></span> <span class='ocrx_word' id='word_1_741' title='bbox 1191 5195 1244 5260; x_wconf 90' lang='lat' dir='ltr'><strong>est,</strong></span> <span class='ocrx_word' id='word_1_742' title='bbox 1264 5204 1298 5246; x_wconf 77' lang='lat' dir='ltr'><strong>et</strong></span> <span class='ocrx_word' id='word_1_743' title='bbox 1320 5203 1377 5260; x_wconf 88' lang='lat' dir='ltr'><strong>quo</strong></span> <span class='ocrx_word' id='word_1_744' title='bbox 1402 5190 1581 5244; x_wconf 88' lang='lat' dir='ltr'><strong>recesserunt</strong></span> <span class='ocrx_word' id='word_1_745' title='bbox 1600 5201 1616 5243; x_wconf 92' lang='lat' dir='ltr'><strong>a</strong></span> <span class='ocrx_word' id='word_1_746' title='bbox 1636 5186 1764 5243; x_wconf 83' lang='lat' dir='ltr'><strong>lictorio</strong></span> 
     </span>
     <span class='ocr_line' id='line_1_57' title="bbox 55 5278 1764 5356; baseline -0.004 -17"><span class='ocrx_word' id='word_1_747' title='bbox 55 5283 163 5339; x_wconf 82' lang='lat' dir='ltr'><strong>coristi</strong></span> <span class='ocrx_word' id='word_1_748' title='bbox 180 5284 316 5354; x_wconf 88' lang='lat' dir='ltr'><strong>passione</strong></span> <span class='ocrx_word' id='word_1_749' title='bbox 329 5290 514 5355; x_wconf 87' lang='lat' dir='ltr'><strong>componunt.</strong></span> <span class='ocrx_word' id='word_1_750' title='bbox 939 5283 1135 5356; x_wconf 83' lang='lat' dir='ltr'><strong>inportandis</strong></span> <span class='ocrx_word' id='word_1_751' title='bbox 1156 5282 1261 5336; x_wconf 86' lang='lat' dir='ltr'><strong>duabus</strong></span> <span class='ocrx_word' id='word_1_752' title='bbox 1283 5280 1403 5335; x_wconf 83' lang='lat' dir='ltr'><strong>Geminis</strong></span> <span class='ocrx_word' id='word_1_753' title='bbox 1421 5278 1579 5332; x_wconf 81' lang='lat' dir='ltr'><strong>consulibus</strong></span> <span class='ocrx_word' id='word_1_754' title='bbox 1599 5289 1665 5333; x_wconf 91' lang='lat' dir='ltr'><strong>eum</strong></span> <span class='ocrx_word' id='word_1_755' title='bbox 1687 5288 1764 5332; x_wconf 89' lang='lat' dir='ltr'><strong>auno</strong></span> 
     </span>
     <span class='ocr_line' id='line_1_58' title="bbox 90 5363 1763 5445; baseline -0.004 -19"><span class='ocrx_word' id='word_1_756' title='bbox 90 5373 113 5426; x_wconf 82' lang='lat' dir='ltr'><strong>K</strong></span> <span class='ocrx_word' id='word_1_757' title='bbox 128 5373 260 5442; x_wconf 85' lang='lat' dir='ltr'><strong>patribus</strong></span> <span class='ocrx_word' id='word_1_758' title='bbox 282 5373 395 5430; x_wconf 85' lang='lat' dir='ltr'><strong>latinis</strong></span> <span class='ocrx_word' id='word_1_759' title='bbox 408 5373 437 5428; x_wconf 92' lang='lat' dir='ltr'><strong>S.</strong></span> <span class='ocrx_word' id='word_1_760' title='bbox 457 5373 640 5445; x_wconf 83' lang='lat' dir='ltr'><strong>Augustinus</strong></span> <span class='ocrx_word' id='word_1_761' title='bbox 655 5374 695 5429; x_wconf 90' lang='lat' dir='ltr'><strong>sit</strong></span> <span class='ocrx_word' id='word_1_762' title='bbox 712 5373 804 5430; x_wconf 91' lang='lat' dir='ltr'><strong>instar</strong></span> <span class='ocrx_word' id='word_1_763' title='bbox 818 5386 883 5428; x_wconf 91' lang='lat' dir='ltr'><strong>am-</strong></span> <span class='ocrx_word' id='word_1_764' title='bbox 938 5372 1081 5431; x_wconf 85' lang='lat' dir='ltr'><strong>bissextili</strong></span> <span class='ocrx_word' id='word_1_765' title='bbox 1093 5370 1293 5442; x_wconf 80' lang='lat' dir='ltr'><strong>vulgarisaera</strong></span> <span class='ocrx_word' id='word_1_766' title='bbox 1303 5367 1413 5423; x_wconf 88' lang='lat' dir='ltr'><strong>Christi</strong></span> <span class='ocrx_word' id='word_1_767' title='bbox 1424 5365 1470 5422; x_wconf 74' lang='grc'><strong>98.</strong></span> <span class='ocrx_word' id='word_1_768' title='bbox 1482 5367 1538 5422; x_wconf 88' lang='lat' dir='ltr'><strong>llos</strong></span> <span class='ocrx_word' id='word_1_769' title='bbox 1548 5365 1625 5422; x_wconf 91' lang='lat' dir='ltr'><strong>enim</strong></span> <span class='ocrx_word' id='word_1_770' title='bbox 1637 5363 1763 5421; x_wconf 91' lang='lat' dir='ltr'><strong>illecnm</strong></span> 
     </span>
     <span class='ocr_line' id='line_1_59' title="bbox 59 5453 1765 5532; baseline -0.001 -18"><span class='ocrx_word' id='word_1_771' title='bbox 59 5458 139 5515; x_wconf 87' lang='lat' dir='ltr'><strong>aium</strong></span> <span class='ocrx_word' id='word_1_772' title='bbox 152 5460 182 5517; x_wconf 90' lang='lat' dir='ltr'><strong>in</strong></span> <span class='ocrx_word' id='word_1_773' title='bbox 195 5460 245 5517; x_wconf 90' lang='lat' dir='ltr'><strong>lih.</strong></span> <span class='ocrx_word' id='word_1_774' title='bbox 263 5475 292 5517; x_wconf 85' lang='lat' dir='ltr'><strong>1v</strong></span> <span class='ocrx_word' id='word_1_775' title='bbox 305 5462 342 5518; x_wconf 91' lang='lat' dir='ltr'><strong>de</strong></span> <span class='ocrx_word' id='word_1_776' title='bbox 353 5462 503 5532; x_wconf 71' lang='lat' dir='ltr'><strong>trinitate,</strong></span> <span class='ocrx_word' id='word_1_777' title='bbox 520 5475 583 5531; x_wconf 89' lang='lat' dir='ltr'><strong>cap.</strong></span> <span class='ocrx_word' id='word_1_778' title='bbox 596 5460 614 5518; x_wconf 83' lang='lat'>5</span> <span class='ocrx_word' id='word_1_779' title='bbox 628 5463 721 5518; x_wconf 84' lang='lat' dir='ltr'><strong>:Sient</strong></span> <span class='ocrx_word' id='word_1_780' title='bbox 735 5479 752 5517; x_wconf 92' lang='lat' dir='ltr'><strong>a</strong></span> <span class='ocrx_word' id='word_1_781' title='bbox 765 5462 884 5532; x_wconf 81' lang='lat' dir='ltr'><strong>majori-</strong></span> <span class='ocrx_word' id='word_1_782' title='bbox 937 5469 1012 5520; x_wconf 90' lang='lat' dir='ltr'><strong>reete</strong></span> <span class='ocrx_word' id='word_1_783' title='bbox 1027 5460 1164 5518; x_wconf 89' lang='lat' dir='ltr'><strong>tribuerit</strong></span> <span class='ocrx_word' id='word_1_784' title='bbox 1178 5459 1269 5515; x_wconf 90' lang='lat' dir='ltr'><strong>eidem</strong></span> <span class='ocrx_word' id='word_1_785' title='bbox 1287 5470 1372 5528; x_wconf 90' lang='lat' dir='ltr'><strong>anno,</strong></span> <span class='ocrx_word' id='word_1_786' title='bbox 1387 5456 1527 5513; x_wconf 76' lang='lat' dir='ltr'><strong>differunt</strong></span> <span class='ocrx_word' id='word_1_787' title='bbox 1542 5454 1598 5524; x_wconf 91' lang='lat' dir='ltr'><strong>ipsi</strong></span> <span class='ocrx_word' id='word_1_788' title='bbox 1615 5453 1646 5510; x_wconf 92' lang='lat' dir='ltr'><strong>iu</strong></span> <span class='ocrx_word' id='word_1_789' title='bbox 1659 5466 1765 5512; x_wconf 81' lang='lat' dir='ltr'><strong>eonse-</strong></span> 
     </span>
     <span class='ocr_line' id='line_1_60' title="bbox 61 5540 1762 5624; baseline -0.002 -20"><span class='ocrx_word' id='word_1_790' title='bbox 61 5547 118 5612; x_wconf 81' lang='lat' dir='ltr'><strong>tus,</strong></span> <span class='ocrx_word' id='word_1_791' title='bbox 147 5550 255 5623; x_wconf 86' lang='lat' dir='ltr'><strong>iuquit,</strong></span> <span class='ocrx_word' id='word_1_792' title='bbox 281 5552 417 5607; x_wconf 89' lang='lat' dir='ltr'><strong>traditum</strong></span> <span class='ocrx_word' id='word_1_793' title='bbox 438 5552 587 5619; x_wconf 82' lang='lat' dir='ltr'><strong>suscipiens</strong></span> <span class='ocrx_word' id='word_1_794' title='bbox 612 5553 739 5607; x_wconf 76' lang='lat' dir='ltr'><strong>Eeensia</strong></span> <span class='ocrx_word' id='word_1_795' title='bbox 765 5552 883 5608; x_wconf 86' lang='lat' dir='ltr'><strong>custodit</strong></span> <span class='ocrx_word' id='word_1_796' title='bbox 937 5547 1268 5624; x_wconf 75' lang='lat' dir='ltr'><strong>quantemaoissextni</strong></span> <span class='ocrx_word' id='word_1_797' title='bbox 1284 5547 1533 5619; x_wconf 81' lang='lat' dir='ltr'><strong>proximum,aerae</strong></span> <span class='ocrx_word' id='word_1_798' title='bbox 1542 5540 1762 5615; x_wconf 75' lang='grc'>0000004499,</span> 
     </span>
    </p>
   </div>
   <div class='ocr_carea' id='block_1_5' title="bbox 0 0 1950 6136">
    <p class='ocr_par' dir='ltr' id='par_1_5' title="bbox 0 0 1950 6136">
     <span class='ocr_line' id='line_1_61' title="bbox 0 0 1950 6136; baseline 0 0"><span class='ocrx_word' id='word_1_799' title='bbox 0 0 1950 6136; x_wconf 95' lang='lat' dir='ltr'><strong> </strong></span> 
     </span>
    </p>
   </div>
  </div>
 </body>
</html>
