3892 6136
185 202 255 267 ibis
658 231 663 237 ·
795 198 975 260 suasisse
993 196 1269 259 bibulo'riiuchiiti
1822 194 1889 262 '380

184 330 295 400 libini,
317 331 345 387 et
363 341 398 386 cx
419 327 578 399 capitolina
598 328 724 401 eiusdem
746 324 947 396 inscriptione,
969 323 1003 383 ad
1019 334 1046 394 Α
1061 323 1091 380 in
1113 324 1212 382 urbem
1236 325 1364 394 Romani,
1387 326 1415 381 et
1437 321 1526 397 legem
1544 322 1663 398 editam,
1684 327 1720 382 nt
1741 324 1888 385 christia-

184 401 263 461 hunc
279 403 373 473 ipsum
392 403 574 457 consulatum
591 400 652 472 (qul
666 399 781 466 clausit,
797 398 846 454 die
863 397 932 454 anni
950 411 1005 453 su·
1060 408 1162 453 norum
1181 396 1309 453 ecclesiae
1333 395 1441 469 ubique
1465 396 1658 467 aperirentur.
1680 418 1695 450 ι
1716 398 1798 455 Tunc
1820 412 1887 456 rero

181 488 288 547 prema,
299 473 431 530 silvestri
442 470 648 544 pontificatum)
660 477 827 528 numerante
837 477 899 539 posi
909 471 1004 525 caesa·
1059 467 1176 550 (inquit)
1201 469 1249 525 ubl
1271 469 1440 550 jejunasset,
1463 473 1492 524 et
1519 468 1692 526 rudimentis
1714 469 1887 526 Christiane

181 548 263 603 riaiia
280 553 406 615 tempora
419 557 509 600 annos
521 541 584 606 diiii.
598 543 640 599 vel
652 541 705 599 380
717 548 745 598 et
759 540 770 597 i
785 562 792 608 ς
807 542 1003 596 verumetiam
1061 538 1211 611 religionis
1235 540 1364 596 imbutus
1387 542 1502 610 luisset,
1523 541 1677 609 baptisatus
1693 546 1734 596 est
1747 543 1811 611 ipse
1831 559 1888 596 mm

181 618 400 674 uthrmamenta
411 627 540 686 ponerem
551 613 842 684 totinschronologiae
852 612 1004 668 hnictomo
1059 619 1145 665 matre
1159 611 1262 666 Helena
1276 627 1295 664 o
1307 612 1438 666 silvestro
1457 615 1580 682 episcopo
1596 612 1713 667 hcnmno
1729 632 1737 667 :
1754 614 1889 682 baptizoti

182 697 314 745 notarum
327 686 651 745 incluseadaesarianis
662 684 838 755 temporibus
849 685 883 739 ad
894 685 1003 739 exitum
1060 686 1141 737 etiam
1161 693 1226 737 sunt
1237 685 1387 753 propinqui
1405 684 1465 751 epus
1486 698 1577 738 omnies
1593 693 1620 737 et
1637 686 1719 738 amici
1732 701 1741 750 ,·
1756 686 1891 740 Romano·

182 760 314 817 mortalis
328 763 394 814 vitu
409 758 481 813 beati
496 757 638 812 silvestri.
655 757 779 812 Firmato
795 769 860 811 vero
876 755 1005 824 undique
1059 768 1174 822 rumque
1191 757 1302 824 insuper
1322 757 1440 809 otiorum
1460 755 1610 809 miltitudo
1630 758 1738 824 ingens.
1760 757 1809 810 sic
1832 758 1889 811 ita·

184 829 1006 895 mihivideturtotaeittensio,acdiinensloistiuetempo-
1083 824 1888 895 neimperatorconstantinnsChristiannsiactuscrt.i

184 903 227 960 ris
243 914 292 968 per
305 903 474 958 documenta
494 901 623 956 omniurn
640 913 703 970 quae
724 899 821 955 haberi
846 899 959 969 possint
975 897 1004 952 ln
1060 839 1215 952 {numerat
1229 898 1332 954 deiude
1348 911 1393 954 res
1405 905 1500 971 gestas
1514 900 1641 967 ejusdem
1659 899 1817 968 principis,
1830 912 1889 953 nia-

183 971 1005 1043 rechronologicamasimecerta,nempedemoiistratio-
1061 968 1202 1038 gistratns
1233 968 1269 1025 ab
1292 983 1325 1024 eo
1355 970 1517 1039 institutos,
1545 970 1695 1039 praet'ectos
1715 971 1888 1040 ‘pretoriae

183 1044 272 1102 nibus
292 1052 418 1099 motuum
443 1041 615 1110 «misellum,
642 1043 670 1098 in
695 1042 830 1098 adductis
846 1039 1006 1110 eclipsibus
1061 1039 1235 1095 christianis
1259 1041 1371 1096 orienti
1396 1042 1490 1110 datus,
1513 1041 1677 1111 provincias
1703 1043 1889 1106 constitutas,

183 1114 335 1174 manifeste
349 1114 559 1185 requirentium
580 1114 634 1170 hoc
648 1115 773 1183 spatium
790 1113 883 1169 aetatis
898 1153 905 1180 ,
921 1118 1007 1181 atquc
1061 1111 1341 1182 constantinopolim
1365 1112 1510 1168 conditam
1534 1120 1562 1167 et
1588 1119 1733 1179 ornatam,
1760 1112 1890 1183 aliasque

184 1185 453 1259 consignationibus
475 1185 615 1255 lapidum,
635 1190 664 1241 et
682 1185 856 1255 scriptorum
878 1183 1007 1253 eiusdem
1062 1183 1195 1238 civitates
1206 1191 1361 1252 reparatas,
1374 1183 1522 1240 laudatam
1537 1183 1573 1239 de
1588 1184 1691 1240 matris
1709 1185 1826 1242 nomine
1840 1198 1890 1240 ur·

183 1259 278 1315 aciatis
296 1258 464 1329 equalium,
479 1264 508 1312 ct
525 1270 667 1313 consensu
686 1257 836 1312 doctorum
858 1254 1007 1311 hominum
1064 1253 1127 1309 bem
1137 1254 1605 1325 helenopolim,etdcnoiiiinatam
1618 1256 1799 1326 provinciam
1812 1254 1891 1310 liele-

185 1330 263 1386 lnter
277 1335 456 1400 probatiores
476 1328 631 1383 historicos
646 1334 674 1383 et
693 1326 885 1397 chronologos
900 1325 1008 1381 relaio-
1065 1332 1237 1395 nopontum.
1256 1327 1326 1382 Tum
1350 1326 1470 1382 subdit:
1488 1347 1501 1378 e
1519 1329 1580 1383 lion
1605 1327 1691 1398 longo
1713 1333 1810 1381 antem
1832 1334 1892 1396 post

186 1415 261 1459 rum.
280 1402 404 1470 utraque
419 1399 509 1471 igitur
526 1400 578 1456 hac
598 1406 670 1455 meta
690 1399 828 1468 temporis
844 1398 912 1453 huic
932 1401 1009 1452 torna
1066 1395 1246 1468 temporalab
1257 1396 1491 1468 hiscivitaiibus,
1505 1405 1533 1454 et
1545 1399 1706 1468 provinciis
1717 1398 1892 1467 constitutis)

186 1473 355 1540 constituta,
377 1477 460 1527 notas
478 1471 605 1540 ejusdem
626 1470 845 1542 chronologicas
864 1482 930 1524 cum
946 1468 1010 1523 vita
1068 1467 1224 1537 imperator
1246 1469 1453 1526 Constantinus
1476 1470 1506 1525 in
1531 1470 1731 1526 Nicomediam
1753 1469 1893 1539 Bithyniae

183 1543 326 1614 silvestri,
346 1550 374 1597 et
394 1555 461 1613 pace
478 1544 612 1598 Ecclesiae
630 1541 809 1598 claudamus.
827 1538 1013 1621 lentabimus
1069 1539 1173 1596 itinere
1194 1537 1279 1606 lacto,
1300 1541 1329 1597 in
1351 1539 1481 1597 morbum
1507 1541 1632 1597 incidit:
1650 1554 1667 1597 a
1683 1554 1742 1612 qno
1760 1554 1826 1596 cum
1881 1555 1893 1595 r

187 1615 218 1671 in
234 1620 310 1671 tomo
326 1614 467 1684 proximo,
483 1616 509 1670 si
524 1614 601 1670 lieris
619 1612 742 1680 dederit,
760 1613 821 1683 pari
837 1610 1012 1668 certitudine
1069 1624 1119 1668 sex
1132 1611 1195 1667 dies
1209 1611 1384 1668 decubuerat
1412 1612 1441 1667 in
1456 1612 1584 1682 ejusdcm
1605 1613 1740 1669 civitatis
1754 1554 1893 1668 suburbio

186 1698 220 1744 ac
234 1686 389 1752 evidentia,
405 1689 465 1740 tum
481 1697 621 1740 summam
637 1685 787 1754 temporis,
801 1689 861 1739 tam
877 1681 1013 1753 singulo·
1030 1681 1193 1775 Bqucdam
1212 1681 1362 1754 lchyrone
1379 1653 1470 1754 dicto,
1491 1697 1547 1740 uon
1564 1684 1715 1754 proculab
1732 1683 1807 1740 Urbe
1820 1683 1893 1739 diem

188 1771 252 1815 runi
278 1756 444 1827 pontiacum
464 1757 539 1812 vitas
578 1770 610 1813 ro
630 1763 728 1812 nostro
749 1754 864 1812 modulo
882 1753 1012 1822 delinire,
1072 1768 1157 1809 suurn
1176 1753 1261 1825 obiit,
1286 1762 1437 1827 antequam
1459 1769 1532 1826 opiis
1553 1755 1627 1813 lllud
1650 1754 1849 1827 magnificum,
1868 1761 1894 1809 et

189 1828 238 1886 ubi
258 1827 383 1886 eruditis
403 1827 464 1885 hec
478 1841 534 1886 non
555 1771 744 1898 displicuisse
763 1833 938 1898 compertum
954 1823 1020 1893 hat,
1073 1825 1149 1882 inter
1168 1827 1249 1882 orbis
1271 1825 1409 1883 miracula
1432 1827 1618 1898 censendum,
1640 1828 1776 1883 ecclcsiae
1798 1839 1893 1895 nempe

1070 1896 1256 1954 Antiochenae
1274 1896 1411 1954 lubricam
1426 1899 1584 1955 aderitum
1605 1899 1802 1970 perduxisset.
1820 1899 1894 1953 llor-

478 1946 556 1992 ⁸⁰T⁸
571 1947 736 1992 mmm·
1071 1974 1193 2025 tuiisest
1203 1975 1298 2026 autem
1309 1983 1401 2026 annos
1412 1968 1611 2027 natuslilleum
1624 1969 1775 2026 mensibus
1786 1967 1892 2025 trihus:

223 2044 311 2103 Linea
332 2040 358 2099 l.
377 2072 411 2086 -
428 2043 480 2098 Hic
499 2044 529 2098 iii
548 2043 645 2098 cosilio
665 2044 721 2111 liiii
739 2042 770 2097 in
791 2043 904 2097 moriem
927 2040 1016 2096 Soro-
1071 2040 1115 2097 nti
1133 2039 1192 2095 haec
1208 2044 1351 2098 memorie
1366 2041 1495 2112 prodidit
1508 2040 1896 2112 sapientissimusNestoria·

188 2121 266 2181 clem,
282 2116 466 2186 persecutione
483 2114 656 2171 Constantini
675 2128 829 2179 concussus,
850 2119 876 2168 et
891 2118 1014 2183 postmo-
1071 2124 1127 2167 nus
1137 2112 1375 2184 chronographus
1386 2130 1393 2168 ι
1406 2113 1458 2185 qui
1470 2114 1674 2184 praedicturum
1686 2126 1804 2184 qnoque
1815 2113 1895 2182 impe

189 2188 254 2246 dum
265 2188 372 2243 rediens
387 2203 448 2242 cnm
465 2188 554 2256 glorie
569 2187 717 2258 baptisavit
735 2184 944 2240 Constantinum
957 2182 1014 2238 Au·
1070 2190 1197 2240 ratoruru
1214 2197 1259 2240 res
1273 2191 1367 2256 gestas
1381 2185 1524 2241 Chronico
1538 2185 1736 2256 descripsit.»

182 2265 302 2330 amium.
313 2261 414 2316 ilicium
430 2271 513 2330 agere
526 2257 647 2314 tortasse
658 2256 768 2324 credar,
782 2257 807 2313 si
822 2253 907 2312 velim
919 2255 1014 2310 attin·
1104 2254 1246 2312 liabemus
1266 2256 1357 2327 igitur
1373 2263 1470 2314 testem
1491 2257 1682 2313 Constantino
1702 2256 1776 2312 satis
1797 2254 1895 2325 proxi-

185 2345 251 2405 gere
270 2332 456 2401 questionem
477 2343 493 2385 a
516 2328 651 2399 pluribus
682 2328 844 2397 etquidem
866 2325 1013 2397 preclaris
1069 2338 1158 2393 mum,
1173 2340 1297 2397 cumque
1310 2328 1517 2385 necaddictum
1533 2327 1670 2397 Eusebio,
1688 2340 1781 2398 neque
1794 2333 1896 2382 aucto·

185 2403 365 2472 auctoribus,
385 2409 468 2458 antea
485 2405 624 2457 versatam
640 2369 673 2455 de
688 2400 820 2469 baptismo
842 2397 1013 2453 Constantini
1069 2397 1567 2458 ribnsOccidentalibnslatinorum
1579 2418 1586 2456 ε
1598 2401 1648 2471 qui
1659 2399 1749 2458 nullis
1761 2397 1893 2454 inlartau

183 2474 419 2544 hennentonam
436 2473 731 2543 utramquepaginam
747 2468 1011 2539 riderelicctapud
1067 2469 1273 2526 additamentis
1299 2470 1452 2530 historiam
1479 2471 1618 2541 baptismi
1648 2485 1666 2528 a
1690 2470 1892 2538 Constantino,

183 2544 532 2614 baroniumscribentem
547 2539 1012 2615 probaptismo,liomaeadmini·
1067 2541 1181 2607 Helena,
1204 2543 1325 2613 suisque
1348 2546 1378 2600 in
1397 2542 1469 2600 urbe
1490 2543 1578 2599 lloma
1601 2543 1741 2613 suscepti,
1766 2540 1893 2598 admini-

183 2622 274 2673 strato
295 2616 340 2673 illi
360 2629 376 2672 a
395 2616 541 2681 silvestro,
565 2616 607 2672 uti
628 2613 870 2671 bibliothecarius
889 2609 1012 2668 affirmat
1066 2617 1176 2669 strante
1185 2613 1323 2671 silvestro
1335 2628 1416 2686 papa,
1427 2615 1590 2686 consignat,
1599 2620 1627 2671 et
1639 2622 1760 2671 mortem
1773 2614 1894 2668 Nicone

183 2701 249 2744 cuin
272 2687 398 2743 secundo
420 2686 549 2758 catalogo
573 2687 667 2742 aetatis
690 2685 868 2741 iustiniani:
886 2687 915 2740 et
933 2682 1009 2753 apud
1064 2683 1122 2740 dise
1133 2683 1462 2743 obitamaconstantino
1474 2692 1537 2756 post
1549 2686 1649 2742 matris
1661 2686 1776 2741 Helenae
1787 2682 1890 2754 pridem

184 2766 318 2814 auctores
337 2756 515 2827 refragantes
533 2757 666 2824 Baronio,
690 2755 833 2811 indicatos
846 2768 863 2810 a
877 2754 964 2826 Pugio
980 2753 1010 2810 in
1066 2755 1125 2811 rita
1140 2753 1256 2816 iunctae.
1278 2770 1379 2815 nomeu
1394 2758 1520 2814 inditum
1539 2757 1654 2813 civitati
1676 2755 1891 2827 llclenopoli,et

183 2829 302 2898 critica,
318 2832 346 2884 ct
360 2827 395 2883 ab
410 2827 501 2882 altero
516 2827 603 2898 Pugio
620 2827 649 2881 in
665 2827 743 2882 notis
761 2826 796 2881 ad
814 2825 890 2881 hunc
906 2838 1011 2880 nume·
1067 2827 1221 2896 provinciae
1233 2827 1430 2900 helenoponti.
1447 2829 1513 2886 Dixi
1529 2834 1630 2886 testem
1643 2829 1719 2885 satls
1734 2827 1890 2898 proximan

186 2913 267 2957 rum:
287 2900 337 2971 qni
350 2899 433 2968 iaxta
448 2897 603 2955 Eusebium
623 2899 732 2953 sentire
747 2904 861 2967 putans,
878 2909 1011 2966 pronun·
1066 2898 1275 2971 constantinop
1289 2915 1354 2958 cuni
1374 2899 1480 2957 saeculo
1499 2901 1606 2973 quinto
1623 2900 1734 2957 vixerit
1760 2907 1792 2957 ct
1804 2898 1890 2953 histe-

184 2972 239 3029 tiat
259 2970 396 3043 baptismi
417 2971 540 3041 gratiam
560 2968 748 3025 Constantino
766 2967 899 3025 collatam
919 2966 1010 3023 luisse
1069 2969 1142 3024 riam
1155 2982 1235 3025 suam
1250 2973 1418 3043 produxerit
1431 2971 1466 3028 ad
1484 2985 1592 3029 annum
1606 2972 1719 3029 christi
1734 2941 1790 3029 lit
1803 2980 1894 3024 emor·

183 3043 366 3100 Nicomedis.
383 3041 437 3097 lies
452 3040 533 3111 plena
550 3039 700 3097 turbarum
716 3043 770 3095 est.
785 3039 853 3095 dcta
867 3038 1009 3108 silvestri,
1066 3039 1174 3096 tualem
1194 3041 1297 3099 leonis
1316 3043 1457 3112 iunioris,
1474 3050 1507 3102 ut
1522 3045 1585 3115 ipse
1603 3043 1709 3100 hlalala
1725 3046 1851 3100 testatur
1867 3039 1890 3093 in

184 3108 1009 3241 iiiiiiilll'ilhliilllhihalitilia
1026 3080 1051 3143 ⁰
1066 3109 1262 3240 giem„
1278 3116 1564 3243 ⁰b⁸⁰“²‘¹¹iri⁰²l‘¹²
1579 3115 1709 3242 vangio·
1723 3116 1762 3243 ‘¹3
1776 3109 1890 3236 'lili‘

184 3198 342 3314 {talaiam
363 3197 708 3338 tnss‘ffias‘aiia'naneniis.
757 3253 859 3310 istoria
882 3196 1011 3323 Eficebii}
1067 3196 1428 3314 testimoninfflbeffigus
1441 3193 1654 3329 acceptulieinilgi,
1667 3194 1888 3333 sslgsdmlggggmlj

185 3341 250 3400 quae
272 3327 501 3384 Nicomediensis
525 3328 632 3382 lavacri
656 3330 751 3395 partes
769 3325 861 3394 iuvat,
883 3322 1014 3381 delentur
1068 3339 1143 3394 vero,
1155 3340 1189 3382 eii
1201 3327 1277 3384 nuda
1290 3328 1345 3385 ista
1354 3334 1383 3385 et
1394 3329 1472 3387 brevi
1486 3330 1654 3386 narratione
1666 3323 1889 3400 chronographi,

181 3405 322 3472 tanquam
336 3403 468 3455 contexta
484 3395 519 3452 ab
539 3401 655 3453 auctore
673 3396 773 3451 Ariani
791 3394 903 3463 devoto,
919 3400 947 3451 et
963 3395 1013 3451 iu·
1068 3397 1201 3467 componi
1232 3413 1314 3469 posse
1340 3406 1500 3458 nostratum
1528 3401 1698 3457 Latinorum
1724 3405 1835 3456 asserta
1859 3396 1891 3452 de

185 3471 258 3527 hcxa
270 3469 305 3526 ad
322 3469 472 3541 ingenium
484 3467 582 3524 Ariani
597 3468 742 3538 principis
752 3467 924 3523 Constantii.
938 3464 1013 3536 Quia
1067 3468 1210 3538 baptismo
1231 3484 1279 3540 per
1296 3471 1467 3529 silvestrum
1487 3474 1581 3530 Romae
1600 3472 1812 3529 administrato
1832 3480 1892 3524 cnm

186 3543 273 3599 ctiam
293 3543 468 3610 scriptorum
488 3541 666 3595 veraciarum
687 3539 853 3595 testimonia
872 3537 1015 3594 dicuntur
1070 3540 1256 3610 impositione
1270 3556 1419 3614 manuum,
1431 3549 1460 3600 et
1472 3549 1650 3601 sacramento
1665 3540 1894 3600 sundrmatlonis

191 3614 293 3669 vitiata
318 3614 348 3668 in
371 3609 540 3668 nominihus
565 3625 613 3682 per
637 3622 849 3666 amanuenses:
868 3609 953 3681 quale
970 3614 1013 3664 est
1067 3612 1160 3668 eidem
1176 3614 1341 3683 imperatori
1356 3615 1546 3672 constantino
1558 3615 1666 3673 collato
1678 3629 1731 3686 per
1743 3611 1893 3671 Eusebium

188 3684 341 3742 Athanasii
360 3684 396 3739 dc
409 3681 542 3754 synodis,
564 3682 639 3766 quod
656 3681 853 3752 opponebatur
871 3680 1012 3737 lieronlo:
1067 3683 1234 3755 episcopum
1253 3686 1427 3744 Nicomediae
1445 3686 1500 3743 suh
1515 3689 1625 3744 exitum
1643 3688 1722 3756 ritae,
1747 3684 1894 3743 occasione

188 3761 288 3813 contra
308 3755 383 3827 quod
404 3759 498 3811 tamen
518 3753 664 3824 excipitur
684 3766 700 3808 a
721 3749 933 3820 defensoribus,
956 3751 1013 3824 legi
1069 3753 1588 3824 baptismisolemnisadministrandi
1602 3758 1895 3830 ipsainvigilial’cn·

188 3833 320 3898 oportere
330 3828 512 3882 coiistcateoc
527 3838 582 3881 non
598 3824 807 3880 Constantinum
820 3824 849 3880 in
862 3822 1014 3880 codicibus
1070 3831 1202 3898 tecostes,
1223 3840 1280 3885 nou
1302 3829 1417 3902 quidem
1439 3831 1631 3888 consummo
1650 3832 1713 3900 jani
1736 3831 1831 3886 Romae
1844 3827 1894 3882 ba-

188 3898 352 3956 dthanasii.
369 3898 440 3955 Vide
455 3897 572 3969 Pagium
589 3896 619 3952 in
637 3895 759 3951 Crit.ad
776 3895 876 3953 baron.
893 3895 1012 3951 adanu.
1070 3899 1187 3970 ptizato,
1212 3900 1260 3956 sed
1280 3901 1416 3971 pluribus
1438 3902 1473 3959 ad
1499 3901 1582 3959 fldem
1605 3901 1805 3959 Christianam
1827 3912 1894 3955 con-

188 3968 252 4041 ssi,
268 3984 295 4025 n.
312 3969 348 4027 5:
367 3969 417 4026 ubi
432 3968 519 4025 etiam
538 3966 685 4023 Ambrosii
700 3972 728 4022 et
742 3966 907 4037 hieronymi
931 3965 1016 4022 verba
1071 3972 1172 4026 versis.

191 4041 373 4113 interpretari
387 4042 576 4097 observantur
591 4039 742 4109 utriusque
756 4037 902 4095 sententiae
918 4035 1015 4094 lauto·
1105 4042 1176 4099 iiico
1191 4041 1293 4114 igitur,
1310 4043 1410 4118 colligi
1420 4058 1454 4103 cx
1464 4043 1686 4128 chronographo
1702 4058 1753 4116 per
1768 4041 1894 4100 halalam

192 4126 248 4180 res,
280 4114 374 4169 neutri
401 4112 473 4169 satis
500 4116 597 4181 aperte
620 4109 793 4179 commoda3
815 4117 843 4166 et
866 4123 928 4166 coru
951 4107 1016 4165 luru
1071 4113 1289 4186 nobisservato,
1303 4120 1376 4172 etex
1391 4116 1514 4174 aliorum
1529 4121 1708 4187 scriptorum
1722 4114 1895 4173 testimoniis

192 4185 281 4240 ctiam
295 4183 421 4253 reperies
435 4183 471 4237 de
484 4182 602 4253 Zosimi,
616 4181 752 4265 Socratis,
766 4181 914 4238 sozomeni
930 4123 1016 4236 fibris
1074 4185 1211 4257 utrinque
1232 4188 1380 4256 productis
1405 4189 1434 4245 in
1461 4188 1567 4245 celebri
1594 4188 1757 4259 questione
1779 4187 1813 4240 de
1832 4186 1894 4251 ioco,

195 4255 226 4311 ln
241 4253 363 4310 dubium
386 4260 525 4322 revocata,
542 4261 602 4308 tuni
618 4266 634 4308 a
648 4254 772 4310 baronio
789 4253 946 4324 diligenter
964 4265 1016 4307 ex·
1071 4273 1104 4312 oc
1118 4262 1234 4328 tempore
1249 4258 1378 4328 baptismi
1391 4259 1571 4325 Constantini,
1593 4259 1671 4315 hunc
1691 4259 1852 4329 principem
1863 4257 1895 4311 ad

192 4339 288 4396 cussa,
305 4331 366 4382 tum
382 4323 418 4380 ab
434 4325 482 4379 his
496 4323 547 4403 qni
564 4330 627 4393 post
648 4324 802 4381 Baronium
825 4325 1015 4394 scripserunt.
1073 4328 1169 4386 lumen
1184 4342 1256 4386 vere
1267 4329 1332 4387 ildei
1343 4329 1486 4388 divinitus
1496 4336 1637 4401 vocatum,
1651 4338 1773 4387 ostenso
1787 4328 1897 4385 ooelitns

229 4397 418 4480 presumitur
436 4409 453 4452 a
474 4395 597 4463 criticis,
622 4393 747 4452 eusebio
765 4396 902 4479 scriptori
924 4395 1018 4451 eratis
1074 4401 1171 4458 crucis
1189 4401 1284 4472 signo,
1304 4405 1333 4458 et
1350 4409 1430 4472 parta
1447 4407 1546 4459 contra
1566 4402 1746 4459 Maxentium
1768 4399 1896 4466 victoria,

195 4469 389 4554 chisianum,
414 4473 441 4550 θῑ,
464 4480 527 4550 ⁰⁰¹¹]
555 4479 588 4522 0⁰
611 4467 748 4536 versanti,
770 4474 856 4537 aliiue
867 4472 918 4551 ‚¹1³
938 4465 1019 4550 δίθη-
1034 4453 1060 4516 Ῑ)
1077 4480 1227 4545 postquam
1240 4472 1342 4529 Urbem
1354 4474 1446 4531 victor
1460 4473 1664 4530 intravitannc
1677 4472 1742 4544 sia,
1759 4472 1898 4543 cogitasse

195 4548 295 4612 manti,
312 4544 576 4623 D³P10⁵¹¹¹¹¹⁰¹¹¹¹¹f¹¹
593 4552 648 4596 ¹¹⁰ss
665 4552 748 4665 {0⁸⁵⁰
769 4552 880 4622 0lll>⁰¹¹¹‚
891 4552 925 4594 ⁰¹
941 4537 1021 4622 hilis
1076 4547 1111 4601 de
1126 4543 1268 4616 religione
1287 4544 1453 4602 christiana
1475 4544 1651 4616 profitenda:
1666 4547 1829 4616 statimque
1847 4555 1898 4597 cn-

196 4612 389 4682 interpolatis,
400 4617 427 4666 et
440 4611 657 4680 perlatinosad
692 4622 859 4666 omanorum
873 4622 1020 4680 ingenium
1076 4629 1156 4673 rasso
1180 4621 1212 4672 ut
1241 4616 1369 4685 eiusdem
1401 4617 1565 4674 rudimenta
1586 4614 1645 4672 sihi
1675 4617 1897 4673 transmutari

197 4686 292 4744 scrius
304 4682 457 4740 contextis.
473 4682 550 4737 Βοηο
565 4686 657 4737 tamen
671 4681 800 4737 historiae
814 4679 872 4736 lato
885 4681 914 4737 in
928 4680 1019 4737 lucem
1075 4685 1659 4757 sacerdotihnseadooausasdsepositis,
1669 4687 1898 4744 utivaerorianns

198 4755 388 4886 frodiilqtioss
402 4755 443 4837 {la
455 4753 574 4835 hildem,
585 4751 820 4835 Cli0¹¹⁰ssl³l>hi³
829 4752 947 4808 winilis
958 4754 1020 4837 hla-
1075 4757 1397 4843 chronographnsapud
1409 4758 1537 4816 llalalam
1547 4759 1640 4843 nitide
1649 4765 1765 4830 narrat,
1779 4755 1897 4816 Eusebio

209 4829 261 4885 alu
276 4831 429 4897 scriptoris
442 4823 626 4892 antiocheni,
642 4828 722 4879 sexto
737 4823 843 4879 seculo
855 4829 1020 4895 conscripta
1075 4836 1271 4887 consentiente
1288 4829 1317 4885 ln
1336 4832 1402 4887 Vita
1415 4830 1595 4888 Constantini
1611 4829 1690 4887 libro
1706 4844 1726 4901 i,
1742 4845 1809 4901 cap.
1826 4825 1862 4885 32
1873 4830 1898 4882 ei

198 4899 253 4958 snb
266 4897 440 4964 iustiniano,
456 4908 519 4966 qun
536 4894 686 4950 historiam
704 4891 840 4964 baptismi
856 4895 951 4950 liomae
965 4895 1020 4953 ad·
1074 4899 1119 4959 la.
1130 4902 1611 4973 thuidcmEuscbiusnarratcap.
1622 4899 1896 4967 &Constantinum

200 4969 357 5028 ministrati
369 4965 838 5093 llagnoconstantiuoaSilvestro
849 4979 930 5037 papa,
942 4965 1022 5023 exhi·
1074 4973 1897 5045 aprioricrucisvisionceichristibominiapparitione,

197 5043 256 5112 bei,
272 5040 363 5123 nullis
379 5039 512 5122 inuitam
525 5037 731 5093 additamentis
742 5055 750 5107 ς
760 5043 789 5093 el
802 5038 878 5120 quod
895 5045 1020 5121 lanium·
1074 5050 1227 5115 antequam
1241 5044 1497 5116 signaeduoepepet
1506 5050 1605 5103 contra
1614 5047 1797 5103 Maxentium
1810 5066 1823 5098 g
1836 5043 1899 5099 nill-

197 5117 261 5172 dem
280 5118 417 5194 aestimari
437 5108 618 5192 debet-ilum
640 5121 753 5192 quaque
774 5109 948 5165 Nicomediae
966 5107 1020 5166 sub
1076 5116 1135 5173 lurn
1151 5115 1242 5174 alium
1258 5122 1360 5187 preter
1380 5116 1475 5187 illuni,
1495 5130 1579 5189 quem
1595 5117 1715 5185 viderat,
1737 5118 1831 5174 Deum
1847 5113 1897 5172 sibi

197 5187 308 5244 exitum
321 5188 387 5238 vitae
397 5178 704 5262 constantini-exhibet
715 5180 808 5263 nuda:
822 5194 914 5251 neque
926 5194 957 5237 ea
966 5194 1021 5265 suo
1074 5187 1225 5245 colendum
1238 5189 1385 5258 statuisse,
1396 5189 1515 5259 eiusque
1525 5189 1566 5244 rei
1576 5201 1665 5244 causa
1675 5190 1710 5245 ad
1722 5203 1756 5245 sc
1766 5191 1899 5246 accivisse

198 5250 637 5335 mirlehr⁰⁰u821805¹fldel¹l0l
656 5252 848 5335 desclllliei
870 5257 1021 5336 vetustiori
1076 5259 1247 5330 sacerdotes,
1271 5274 1382 5317 arcanae
1411 5259 1494 5317 illlus
1516 5260 1656 5316 doctrinae
1682 5263 1836 5331 mysteriis
1864 5260 1898 5313 in·

196 5324 487 5411 chronographum
505 5335 607 5379 nomen
622 5323 802 5378 Nestouwnus
813 5343 821 5379 :
834 5337 918 5407 culus
934 5330 1021 5380 eitam
1075 5337 1211 5402 structos,
1224 5344 1241 5387 a
1252 5330 1360 5403 quibus
1374 5330 1545 5388 catecheslm
1556 5331 1757 5388 Christianam
1772 5335 1896 5394 edoctus,

199 5404 332 5454 miffllssll
346 5397 519 5479 Chl9¹¹¹⁰⁰¹li
534 5394 973 5477 (1⁰⁰‘ll90afll12l012ssdl'sslffli
990 5401 1022 5453 ul
1076 5403 1215 5460 unitatem
1229 5403 1291 5468 liei,
1308 5409 1336 5459 et
1349 5402 1502 5460 adventurn
1514 5403 1635 5472 Christi,
1648 5404 1777 5475 ejusque
1790 5416 1896 5469 causas,

196 5469 317 5525 advertit
331 5469 451 5524 Vossius
465 5466 500 5522 de
516 5467 669 5522 ilistoricis
682 5465 800 5521 Grecis.
816 5467 946 5536 scriptor
962 5468 1022 5524 ita-
1075 5488 1110 5531 sc
1123 5474 1159 5530 dc
1172 5480 1263 5531 morte
1278 5474 1459 5543 triumphum
1479 5475 1510 5529 lu
1529 5475 1614 5547 signo
1635 5476 1738 5531 crucis
1753 5477 1812 5533 sihi
1830 5488 1898 5546 pre-

198 5539 459 5610 queiintiochenus
469 5537 570 5594 hialaia
581 5537 667 5592 initio
678 5534 747 5592 libri
758 5550 812 5592 xiii
823 5538 1023 5596 snaechrono-
1076 5551 1265 5603 monstratam
1278 5546 1400 5616 accepit,
1412 5558 1537 5617 cumque
1550 5545 1696 5604 coelcstem
1712 5547 1798 5604 illam
1812 5548 1898 5603 risio·

116 5656 120 5661 .
197 5610 325 5690 graphia
347 5614 411 5692 post
422 5609 599 5692 enuntiatam
615 5609 712 5693 erucis
723 5608 873 5679 visionem,
886 5614 914 5666 et
926 5610 1020 5667 victo-
1075 5630 1149 5686 uem,
1165 5621 1193 5674 et
1207 5617 1428 5675 sacerdotalium
1445 5630 1610 5674 sermonum
1627 5619 1897 5704 interpretationem

198 5691 269 5733 ssim
292 5650 346 5733 iub
367 5682 494 5746 eiusdem
515 5693 655 5766 insidiis,
680 5685 890 5766 rehquaiquna
917 5694 1019 5755 magne
1074 5687 1150 5746 inter
1164 5702 1194 5745 se
1207 5687 1388 5759 contulisset,
1408 5689 1597 5746 conllrmatus
1611 5697 1656 5747 est
1670 5703 1773 5749 animo
1800 5691 1898 5748 harum

195 5746 395 5818 constantino,
411 5758 549 5807 memorat
561 5765 706 5825 principis
720 5758 840 5810 victoris
854 5765 1018 5825 ingressum
1072 5773 1169 5818 rernm
1182 5761 1377 5833 cognitionem
1392 5760 1488 5835 ipsius
1501 5761 1552 5819 Dei
1567 5763 1741 5835 magisterio
1751 5732 1815 5823 sihi
1828 5760 1899 5821 tradi
