3892 6136
427 319 586 377 HISTORIA
606 322 651 376 DE
671 322 759 378 VlTlS
777 322 860 381 nnn.
884 322 980 379 enni.
998 354 1031 365 ·—
1050 326 1077 378 S.
1099 323 1238 380 eniens

1615 315 1685 387 1642

98 434 204 489 insedit
216 435 309 491 adbuc
325 437 436 508 integra
451 440 478 495 in
492 442 555 511 ejus
569 441 689 496 basilica
704 455 800 497 asser·
816 446 843 503 Α
860 457 934 508 ιιιιιι,
947 442 1031 498 tertio
1044 441 1079 496 ab
1095 443 1168 498 Orbe
1182 443 1331 497 milliario.
1347 444 1455 508 Petrus,
1468 442 1542 510 quoii
1556 440 1684 510 plebeius

98 513 115 560 it
129 507 272 571 sinpiiiari
298 510 326 563 in
347 513 529 567 veneratione
546 514 677 568 babetur.
693 514 801 568 Obristi

98 591 164 633 inno
176 576 220 643 lli,
236 581 309 634 Petri
331 583 516 649 pontificatus
537 585 655 639 Romani
672 585 698 648 3,
716 587 804 640 Clau·

99 653 214 719 cipatus
224 665 299 705 anno
313 653 415 722 quinto
425 663 533 723 exacto,
548 659 584 710 ll.
597 657 804 726 l'iuicioQuar·

98 728 122 776 et
144 724 180 775 lii.
194 721 311 778 Statilio
325 726 446 781 Corvino
461 741 548 796 coss,
564 741 628 783 cum
644 728 802 784 triennium

98 806 123 846 ιιι
142 794 199 861 jam
218 795 312 849 llomae
329 797 429 852 Petrus
454 798 659 865 insumpsisset
687 800 714 854 in
731 814 804 855 con-

98 864 126 919 la
140 865 369 922 etconlirmanda
383 882 414 922 ea
428 870 552 925 Ecclesia
562 878 589 926 et
602 872 804 940 praedicatione

103 936 135 1000 ii,
155 937 271 992 assidua
288 938 456 994 sollicitudo
471 941 595 996 aliaiaim
611 943 801 999 Ecclesiaruin

98 1007 168 1063 lium
188 1022 251 1062 euin
267 1010 388 1069 tenebat.
406 1019 433 1066 et
449 1013 584 1068 avocabat
599 1015 635 1069 ab
650 1015 804 1070 Occidente

99 1079 276 1149 lymam..ubi
292 1083 378 1148 perid
397 1089 508 1152 tempus
523 1098 577 1139 non
595 1085 667 1140 levis
682 1092 804 1141 eratse-

107 1152 329 1206 circumcisione
342 1162 439 1209 exorta
458 1156 532 1210 iuter
544 1157 659 1226 fideles,
674 1171 803 1227 quapro-

98 1223 306 1278 conciliandam
329 1225 461 1280 Ecclesia
485 1230 677 1289 concordiam,
704 1230 802 1284 Petrus

98 1293 197 1363 lymam
221 1309 351 1350 reversus
374 1304 433 1351 est:
458 1299 550 1354 llomae
579 1300 731 1367 ricarium,
757 1301 799 1355 vel

98 1365 290 1435 relinquens,
307 1369 368 1436 qui,
385 1384 415 1423 se
427 1369 553 1434 absente,
575 1385 685 1441 gregem
699 1373 802 1426 Βοιιιι-

99 1450 268 1492 conservare
294 1447 321 1492 et
347 1453 502 1510 propagare
530 1442 557 1496 in
582 1444 644 1497 dies
672 1449 797 1512 possent.

98 1509 185 1563 ersiis
200 1509 314 1563 interim
335 1511 532 1567 Orientalibus
547 1514 575 1566 in
590 1515 714 1569 concilio
730 1514 799 1568 ilie-

104 1581 370 1649 itanocoinposiiis,
383 1589 472 1636 totum
490 1584 601 1638 Claudii
615 1586 798 1654 imperatoris

100 1652 199 1706 Petrus
216 1653 245 1706 iii
262 1652 377 1707 Oriente
396 1668 427 1708 se
442 1656 598 1724 continuit,
619 1659 709 1712 donec
722 1670 797 1712 anuo

103 1720 149 1789 56,
166 1724 287 1777 Neronis
304 1725 487 1794 imperatoris
510 1728 529 1788 l,
545 1729 654 1782 b’erone
675 1728 796 1783 Claudio

98 1796 235 1862 lupusio,
252 1797 324 1849 etl.
346 1797 472 1851 lintistio
487 1799 583 1853 l'etere
597 1799 794 1867 coss.,Urbem
812 1818 837 1878 Β

859 522 886 569 et
901 515 1016 570 vilioris
1026 515 1205 570 conditionis
1217 513 1379 577 baberetur,
1396 513 1492 566 crucis
1503 519 1593 565 morte
1606 513 1683 567 dam-
1725 539 1731 550 .

861 582 1683 656 natureodemltheroiiisanameoiiamitieiii,inquam.

861 657 921 711 llal.
938 657 1028 712 iulii:
1054 672 1116 725 oua
1139 658 1305 713 inciderunt
1329 664 1398 710 tunc
1416 654 1464 709 die
1486 653 1632 721 Mercurii,
1648 650 1684 708 99

858 728 949 796 lunii,
963 728 992 783 C.
1017 729 1135 784 Fonteio
1160 730 1307 797 Capitone,
1336 733 1363 782 ct
1378 729 1408 781 c.
1424 725 1501 780 lulio
1517 724 1592 780 liulo
1607 738 1682 781 co‘s.

859 799 937 866 Quod
955 814 1045 871 genus
1061 801 1172 861 mortis,
1184 801 1318 855 Chi-istus
1333 799 1414 853 Petro
1429 811 1483 852 nou
1500 795 1592 851 solum
1610 796 1682 851 Urbe

859 872 1015 940 excellenti,
1030 873 1078 926 seii
1088 879 1157 926 tuuc
1169 873 1266 936 etiam,
1277 884 1340 926 cum
1352 869 1508 925 Ecclesiam
1523 867 1566 923 illi
1582 867 1683 939 guber·

861 945 981 998 pandam
998 943 1130 1011 tradidit,
1144 944 1286 1011 praedixit.
1302 945 1366 996 dian
1379 942 1516 997 sentinis.
1535 940 1681 1008 inquiens,

858 1015 984 1068 credendes
997 1030 1094 1069 moniis
1109 1021 1182 1078 titiis,
1202 1016 1313 1069 civilius
1329 1019 1354 1066 tc
1371 1016 1469 1080 cineri,
1496 1019 1520 1064 ct
1533 1011 1612 1065 ducet
1628 1026 1681 1079 qtio
1737 1043 1739 1046 >

859 1089 888 1139 tii
916 1101 970 1139 uon
995 1089 1036 1141 uis
1060 1089 1137 1156 (lotio
1167 1101 1225 1153 xxi,
1255 1084 1306 1156 is).
1334 1085 1421 1138 bddit
1446 1083 1593 1137 loannes:
1624 1083 1680 1135 lloc

858 1161 948 1208 cuii-in
962 1159 1044 1217 elicii.
1064 1160 1288 1227 sipnidceasquo
1306 1155 1680 1222 inertecssctcioiificoiurus

857 1229 942 1280 licina
960 1229 1054 1298 (idid,
1075 1245 1101 1281 u.
1129 1226 1180 1297 49).
1208 1230 1326 1299 [locavit
1353 1231 1452 1282 Petrus
1475 1224 1625 1281 carnifices
1646 1237 1681 1279 ne

857 1298 995 1354 similiter
1008 1306 1095 1370 atipuc
1109 1302 1249 1356 Dominus
1264 1303 1343 1356 cruci
1360 1297 1531 1370 affigeretur,
1543 1297 1592 1351 sed
1608 1308 1680 1351 coii-

858 1370 947 1424 trario
960 1377 988 1426 et
1008 1371 1123 1435 inversu
1145 1373 1238 1442 modo,
1263 1373 1381 1437 veritus,
1402 1380 1431 1425 ut
1452 1376 1495 1425 est
1509 1367 1678 1436 verisimile,

857 1453 891 1495 iie
903 1441 997 1497 eadem
1011 1445 1107 1512 passio
1119 1445 1248 1499 eumdem
1261 1444 1317 1499 sibi
1328 1445 1364 1499 ab
1377 1440 1584 1511 insipientibus
1594 1441 1682 1495 bono·

856 1525 912 1565 rem
929 1516 1107 1570 conciliaret.
1124 1516 1158 1568 Et
1179 1515 1243 1570 ideo
1261 1515 1427 1584 impetravit
1441 1522 1473 1570 ut
1487 1526 1589 1567 manus
1603 1508 1680 1566 inlc-

855 1584 927 1638 rias.
943 1586 1079 1650 superius
1092 1591 1187 1640 autem
1206 1588 1290 1655 peiles
1305 1586 1497 1656 illicerentur.

889 1656 975 1710 Linea
996 1654 1039 1711 ii.
1059 1661 1192 1711 —Jiiaiii
1206 1658 1291 1711 incurii
1312 1658 1359 1710 ribi
1375 1660 1521 1726 cruciliriis
1536 1659 1584 1709 est.
1602 1660 1676 1723 διψ-

852 1727 935 1851 Plicii
953 1727 1041 1784 locus.
1055 1729 1207 1783 summitas
1217 1729 1353 1794 laniculi,
1366 1742 1416 1783 seu
1427 1727 1556 1784 Vaticani
1573 1726 1679 1781 montis

867 1798 910 1852 uit
938 1800 1093 1856 immineas
1109 1800 1289 1855 naumachiae
1314 1801 1434 1855 Neronis
1449 1797 1573 1854 inieritis
1593 1798 1676 1867 juxta

98 1873 128 1921 ot
139 1871 264 1934 tempore
276 1880 417 1936 reversus,
433 1871 585 1924 Ecclesiam
597 1871 667 1925 inea
681 1872 792 1940 revisit,
851 1869 976 1925 Tiberim
992 1872 1055 1927 sltae
1070 1890 1075 1925 :
1093 1871 1142 1927 ubi
1167 1885 1243 1926 nune
1267 1870 1450 1940 magnificum
1468 1870 1605 1939 templum
1622 1884 1676 1924 su-

98 1937 184 1993 >suis
194 1939 303 1992 sanctis
317 1941 506 1995 concionibus
519 1940 727 1997 confortavitet
737 1956 794 1996 ani-

108 2021 170 2063 nam
187 2017 270 2065 antea
282 2024 336 2065 non
350 2011 435 2065 licuit
449 2025 530 2066 suam
547 2013 640 2068 sedem
656 2020 792 2082 repetere,

98 2079 210 2136 Claudii
226 2082 331 2147 edicto,
346 2084 395 2152 oui
407 2084 519 2138 ludices
534 2097 632 2139 omues
644 2086 731 2140 lloma
741 2097 794 2139 ex-

98 2153 189 2222 pquod
207 2160 298 2207 tamen
317 2153 410 2222 ipsius
428 2155 508 2209 obitu
526 2156 659 2223 spiraret.

104 2219 133 2278 5.
148 2225 243 2277 -llic
258 2227 368 2294 scripsit
379 2226 448 2278 dinis
462 2228 605 2295 Epictetus,
619 2244 679 2295 quie
697 2227 788 2279 cicilio·

98 2296 239 2348 vincatur.
265 2296 389 2365 Scripsit
413 2299 511 2353 l’ctrus
536 2298 629 2352 noma
654 2299 792 2364 existens,

107 2365 791 2439 idololatriametimmensascelera,Babylonem

98 2449 147 2492 uas
161 2438 323 2506 Epistolas:
342 2441 476 2508 priorem,
496 2454 543 2507 per
558 2440 704 2495 Silvanum
721 2441 794 2495 lide-

97 2521 154 2563 rem
182 2510 317 2565 Ecclesiis
330 2512 424 2579 Ponti,
441 2511 572 2575 Galatiae,
596 2513 792 2580 cappadociae,

118 2580 270 2651 ntipyniae,
295 2585 420 2637 secundo
444 2585 565 2638 Neronis
592 2597 677 2650 anxio,
701 2587 793 2638 llaico

99 2656 143 2705 sta
161 2652 189 2705 iii
207 2654 271 2720 ejus
283 2654 422 2709 comitatu
436 2663 583 2713 manente:
607 2663 790 2724 posteriorem

98 2722 174 2776 sdein
192 2720 225 2777 te
239 2725 360 2779 Neronis
373 2739 457 2785 anno.
471 2740 562 2780 cunia
578 2728 633 2780 Oeo
646 2727 702 2781 sibi
717 2736 794 2781 esset

98 2800 153 2857 ius,
166 2800 194 2848 et
206 2796 374 2866 martyrium
393 2799 522 2866 proxime
534 2797 726 2864 subeuntium,
740 2812 793 2867 pa-

98 2881 114 2918 i.
133 2865 288 2921 Catholicis¹
311 2876 404 2923 aulem
422 2883 460 2922 eie
482 2869 617 2936 Epistolae
640 2870 790 2937 dicuntur,

853 1947 1054 2009 perstructum,
1079 1944 1151 1998 l‘etri
1169 1943 1274 1997 llontis
1289 1942 1369 1996 aurei
1391 1941 1562 2012 insignitum
1577 1941 1675 2009 titulo,

852 2011 900 2066 ubi
919 2027 1017 2081 puram
1032 2021 1059 2068 et
1074 2012 1286 2069 immaculatam
1299 2026 1379 2068 suain
1393 2014 1518 2068 animam
1532 2013 1561 2067 iii
1575 2025 1676 2067 manus

849 2083 900 2138 liei
913 2084 1058 2152 deposuit.
1067 2085 1197 2140 Clemens
1209 2086 1272 2153 ejus
1281 2085 1459 2152 discipulus,
1470 2090 1498 2140 et
1510 2083 1675 2152 episcopus.

850 2168 913 2208 cum
936 2157 1058 2211 maxime
1077 2157 1268 2211 venerandum
1290 2163 1317 2211 ei
1339 2161 1468 2211 sanctum
1486 2156 1550 2224 eius
1570 2167 1675 2223 corpus

852 2227 999 2297 magnifice
1008 2228 1217 2296 composuisset
1227 2227 1255 2282 iii
1267 2229 1322 2282 ima
1333 2227 1462 2282 Vaticani
1476 2232 1564 2295 parte.
1579 2226 1675 2294 inqua

849 2297 972 2352 Neronis
989 2299 1063 2354 borti
1080 2306 1171 2365 erant,
1197 2304 1225 2353 et
1239 2299 1337 2354 circus
1352 2313 1415 2355 cum
1439 2296 1577 2360 obelisco,
1591 2297 1674 2365 juxta

851 2366 999 2434 apollonis
1038 2369 1185 2438 templum,
1223 2370 1365 2438 sepelivit.
1396 2369 1447 2423 Ubi
1476 2382 1552 2422 nunc
1588 2368 1673 2422 etiam

850 2440 975 2508 quiescit
984 2439 1104 2496 basilica
1117 2440 1318 2495 illustrissima
1329 2438 1674 2495 aConstantinolllaximo

850 2510 1022 2579 imperatore
1052 2512 1079 2567 in
1105 2512 1239 2566 bonorem
1266 2512 1394 2578 ejusdem
1420 2510 1526 2565 ibidem
1544 2507 1672 2564 lundata.

850 2587 940 2662 totius
956 2582 1112 2638 Christiani
1133 2581 1214 2637 orbis
1226 2583 1307 2638 cultu
1322 2590 1349 2637 et
1361 2582 1523 2653 frequentia
1546 2579 1675 2636 celeber-

850 2666 933 2707 rima.

884 2724 969 2779 Linea
985 2722 1027 2780 i3.
1043 2755 1080 2766 -
1094 2727 1145 2778 llic
1154 2727 1221 2793 sccii
1234 2726 1422 2780 ordinationes
1433 2741 1484 2794 per
1498 2739 1602 2778 menses
1616 2725 1674 2777 Dc-

848 2795 988 2851 ccmbrios.
1011 2797 1087 2853 Fecit
1107 2798 1136 2850 B.
1160 2799 1259 2853 Petrus
1280 2796 1479 2853 ordinationes
1505 2794 1600 2863 plures
1626 2809 1675 2865 per

849 2880 971 2922 mensem
1002 2868 1193 2929 Decembrem,
1219 2869 1420 2937 episcoporum
1453 2882 1503 2935 per
1534 2868 1673 2922 dioeceses

98 2935 251 3003 iiversalcs,
274 2941 348 3006 quod
365 2953 419 2994 non
443 2940 492 2994 uni
511 2941 615 3009 populo
636 2947 686 2995 aut
702 2943 790 3012 genti,
847 2940 1059 3009 quinquaginta
1072 2941 1171 3007 trium,
1183 2946 1211 2994 et
1225 2940 1253 2993 in
1266 2939 1335 2994 urbe
1343 2940 1430 2993 boma
1443 2937 1671 3007 presbyterorum

98 3007 301 3064 isacdiiiersis
313 3008 556 3080 lueriutscriptae,
573 3013 649 3066 sicut
661 3012 791 3067 isidorus
846 3010 953 3078 decem,
976 3010 1163 3065 diaconorum
1180 3016 1308 3079 septem:
1336 3009 1363 3063 in
1383 3009 1429 3064 bis
1450 3009 1529 3065 luere
1543 3009 1671 3079 episcopi

101 3090 193 3147 .m,c
218 3080 245 3143 E,
263 3087 402 3149 testatur,
426 3083 500 3137 inter
517 3083 681 3152 Scripturas
696 3089 789 3138 autem
847 3081 946 3145 Linus,
969 3080 1078 3149 Cletus,
1093 3080 1233 3149 Clemens,
1252 3080 1440 3150 Apollinaris,
1457 3081 1580 3145 llarcus,
1599 3081 1672 3135 ller-

98 3154 118 3202 it
134 3152 287 3206 canonicas
302 3152 344 3206 bae
359 3154 423 3209 duae
441 3154 574 3222 Epistolae
597 3162 786 3223 reponuntur.
815 3182 825 3204 i
848 3165 988 3221 magoras,
1003 3151 1091 3206 etalii
1108 3151 1284 3222 ,presbyteri
1296 3150 1499 3221 tarentasie
1510 3150 1671 3218 Evaristus,

98 3217 184 3275 ilibii
199 3236 264 3277 sex:
289 3225 461 3285 Prieili‘ciilio,
480 3226 670 3292 Enuiipcliiini,
692 3230 787 3288 Aciris,
846 3232 943 3293 postea
962 3223 1080 3279 Rotnani
1099 3223 1258 3292 pontitices.

98 3307 114 3353 i,
142 3295 280 3356 Oociri'nc,
318 3296 469 3357 iudicium,
497 3299 612 3351 nomine
635 3298 708 3351 eein
738 3297 788 3351 in-

97 3365 255 3434 ipocrypbi.
267 3368 372 3433 spurii,
385 3374 413 3422 et
424 3366 495 3422 laiso
504 3367 698 3436 apostolorum
711 3368 789 3422 Prin·

100 3443 219 3492 duntur.
242 3438 319 3498 Eam,
336 3453 398 3507 quie
413 3440 523 3494 dicitur
545 3439 630 3493 Petri.
647 3440 789 3508 Apnrnlp-

99 3506 281 3563 subdititiam
294 3518 320 3562 et
337 3510 543 3581 illegitimama
557 3510 703 3564 veteribus
715 3511 787 3565 iudi·

98 3578 787 3651 pudPalaestinostameninecclesiisquibusdam

98 3652 230 3706 uotaunis
247 3652 275 3706 iii
291 3653 338 3706 die
364 3655 531 3708 l¹arasceves
557 3653 715 3722 aliquando
732 3652 786 3723 lepi

98 3721 269 3778 invenimus.
286 3725 406 3793 (b'icrpir.
430 3727 447 3779 l.
466 3738 518 3790 xii,
533 3739 556 3778 c.
572 3722 628 3793 34.)

111 3790 139 3847 6.
163 3797 246 3848 —Et
269 3797 446 3862 Eiiinyi'ii'ttnt
472 3797 568 3854 iiiii-ri,
591 3798 656 3863 quic
682 3799 789 3849 llirivais

98 3863 152 3931 ejus
171 3868 236 3931 fuit,
259 3872 284 3919 et
298 3867 370 3934 ditiis
384 3868 443 3934 ip'iis
456 3868 488 3920 dr
505 3867 646 3934 baptismo.
664 3869 787 3932 llarciiS,

98 3935 230 4004 scipuluS,
247 3946 275 3992 et
295 3945 427 4003 sectator,
443 3946 471 3992 ot
492 3939 520 3991 iii
538 3938 680 4005 baptismo
698 3937 787 3997 illius.

104 4021 162 4074 um,
182 4009 255 4077 quod
279 4009 545 4077 ipseapostolorum
566 4009 700 4076 Princeps
716 4023 790 4077 prae-

100 4083 122 4140 t,
149 4080 340 4134 Romanorum
361 4083 473 4135 bortatu
496 4088 523 4135 et
546 4081 679 4149 precibus
694 4082 789 4135 Graece

97 4152 273 4221 ainscripsit,
305 4165 366 4214 seu,
398 4159 429 4207 ut
457 4151 507 4207 alii
538 4151 648 4212 volunt,
681 4154 788 4218 latine,

98 4233 115 4274 a
149 4221 247 4285 liii32ua
277 4222 462 4292 archetypum
498 4224 643 4278 adversari
689 4231 790 4292 putant

112 4291 142 4346 ln
159 4294 313 4347 llarcianis
334 4295 499 4349 'l'bcsauris
520 4295 581 4364 syri
603 4309 701 4350 omnes
723 4297 789 4351 buic

98 4361 246 4418 riaciani.
262 4373 290 4420 et
302 4368 375 4420 ratio
390 4366 490 4422 suadet
504 4373 535 4421 ut
550 4379 604 4420 non
618 4368 687 4434 alia,
704 4381 788 4436 quam

98 4433 181 4504 ingua
198 4437 379 4509 Evangelium
399 4439 427 4492 iu
441 4439 644 4493 usumlatinis
660 4437 790 4493 laturum

98 4513 209 4562 eretur.
225 4509 402 4563 Alterutrum
423 4510 523 4565 borum
540 4509 596 4570 sii;
612 4523 647 4562 ex
663 4509 747 4577 Papia
763 4517 791 4564 et

1205 3327 1307 3384 i‘th.

879 3439 967 3495 Linea
981 3436 1007 3494 6.
1023 3468 1060 3478 -
1073 3440 1148 3492 Duos
1158 3438 1287 3507 epistolas
1300 3436 1526 3520 (Papiuslunior
1541 3451 1620 3493 num.
1636 3437 1666 3495 ll

844 3516 872 3565 et
886 3507 942 3577 ld.)
954 3511 1031 3566 Duas
1049 3516 1167 3565 sanctus
1189 3510 1288 3564 Petrus
1302 3509 1422 3576 scripsit
1436 3508 1590 3580 Epistolas,
1607 3526 1669 3580 quae

844 3582 994 3637 carbolicae
1005 3581 1199 3636 nominantur.
1218 3583 1256 3635 be
1270 3580 1360 3648 priori
1378 3579 1459 3634 nulla
1473 3592 1600 3647 uuquam
1614 3583 1667 3638 du-

844 3653 949 3707 bitatio
959 3651 1016 3707 luit
1027 3668 1034 3720 3
1044 3653 1079 3707 de
1091 3652 1241 3720 posteriori
1255 3658 1368 3721 propter
1380 3650 1446 3721 styli
1459 3651 1669 3709 dissonantiam

846 3723 984 3779 nonnulla
998 3724 1072 3792 apud
1099 3723 1214 3791 aliquos
1226 3722 1402 3793 ambiguitas
1427 3722 1560 3777 exstitit:
1580 3724 1628 3779 sed
1643 3726 1669 3780 si

845 3799 912 3865 quis
927 3795 1034 3863 prioris
1050 3795 1182 3863 Epistola
1197 3794 1303 3863 stylum
1322 3793 1436 3862 penitus
1450 3793 1598 3864 inspiciat,
1613 3810 1669 3851 non

846 3867 968 3922 multum
979 3866 1125 3920 dissidere
1135 3881 1151 3921 a
1162 3867 1236 3936 stylo
1247 3865 1427 3935 posterioris,
1445 3861 1529 3919 larile
1542 3867 1675 3923 aniiuad-

845 3945 946 4005 vertet,
970 3946 1056 4007 :itque
1082 3938 1109 3992 iil
1137 3939 1223 3993 etiam
1250 3936 1507 4007 magdeburgenses
1532 3934 1669 3994 latentur.

849 4012 1001 4079 Utramque
1014 4015 1089 4063 certe
1111 4008 1266 4078 Epistolam
1287 4017 1315 4064 et
1334 4009 1512 4075 canonicam,
1534 4015 1561 4061 et
1577 4011 1670 4065 saneti

848 4082 920 4135 Petri
938 4094 1010 4136 esse.
1033 4080 1159 4135 Ecclesia
1175 4081 1275 4135 docuit
1292 4083 1319 4134 in
1347 4078 1483 4134 conciliis
1500 4079 1668 4150 laodiceno,

844 4151 1063 4208 ilartbarinensi
1093 4153 1189 4207 tertio.
1228 4151 1392 4206 l'lorentino
1427 4156 1455 4205 et
1489 4150 1676 4208 Tridentino..

845 4194 1030 4294 Evangeiium
1044 4225 1134 4278 sancti
1153 4224 1271 4277 ,llarcla
1294 4221 1467 4292 quiliusdam
1486 4222 1578 4277 sancti
1596 4223 1671 4279 Petri

845 4296 1053 4365 dicitur,quia,
1067 4295 1336 4351 utscribitsanctus
1346 4294 1544 4364 llieronymus,
1558 4295 1671 4352 llarcus

847 4368 964 4424 auditor
978 4370 1078 4433 ejuset
1093 4369 1245 4434 interpres.
1260 4374 1377 4436 rogatus
1398 4364 1578 4420 airatribus.
1595 4366 1668 4422 illud

847 4438 975 4507 scripsit,
991 4440 1072 4505 juxta
1098 4439 1172 4507 quod
1199 4438 1312 4493 Petrum
1329 4435 1495 4490 referentem
1518 4435 1669 4491 audierat:

848 4511 923 4580 quod
947 4523 1011 4563 cum
1035 4511 1135 4565 l‘etrus
1156 4510 1295 4573 audisset,
1321 4506 1461 4576 probavit,
1483 4511 1511 4561 et
1537 4506 1672 4563 Ecclesiae

98 4590 121 4643 e,
133 4577 184 4632 lib.
202 4593 241 4644 vi,
263 4581 364 4635 recitat
379 4580 520 4635 Eusebius
535 4581 614 4647 illisi.
638 4579 689 4633 lib.
716 4594 747 4643 ii,
765 4596 789 4634 c.
807 4575 832 4632 ii
850 4581 999 4651 legendum
1016 4594 1068 4635 sua
1080 4581 1252 4634 auctoritate
1264 4578 1363 4633 dedit:
1383 4578 1421 4631 ita
1434 4575 1623 4646 ilieronymus
1640 4580 1668 4634 in

98 4652 193 4705 'etrum
206 4652 316 4719 spiritu
332 4659 429 4706 sancto
443 4652 590 4715 revelante,
607 4659 638 4706 ut
650 4652 794 4707 intellexit

98 4718 193 4776 iluma
217 4723 321 4777 liarco.
347 4726 519 4778 auctoritate
541 4722 613 4778 illud
630 4737 683 4777 sua
699 4732 791 4779 ratum

98 4802 119 4846 e.
134 4797 162 4846 et
182 4795 377 4860 confirmasse,
394 4798 467 4863 puori
494 4796 521 4847 in
543 4794 668 4849 Ecclesia
686 4797 791 4861 passim

99 4867 172 4917 etur.
189 4861 301 4931 Opibus
321 4866 428 4920 clarum
448 4864 580 4930 edicitur,
607 4868 687 4920 Petro
698 4865 792 4921 adbuc

100 4938 136 4989 te.
160 4935 286 4992 llarcum
317 4953 371 4994 iioii
396 4945 450 4992 tani
480 4950 576 4995 suuni,
602 4951 686 5007 qiiam
718 4938 791 4991 l’etri

98 5006 157 5061 iuin
173 5006 274 5063 lioinae.
291 5024 318 5064 ei
338 5010 556 5078 conscripsisse,
571 5015 597 5062 et
611 5007 789 5075 publicasse:

99 5077 212 5146 lucam,
225 5081 326 5149 ipuiuto
341 5082 461 5137 Neronis
476 5093 560 5149 anno,
575 5080 691 5145 ibidem,
707 5080 793 5148 paulo

99 5149 200 5203 unium
216 5164 230 5203 a
258 5152 367 5206 casare
382 5153 556 5221 absolutum,
587 5152 692 5207 librum
709 5155 793 5206 Actus

98 5234 153 5274 rum
169 5223 341 5290 inscriptum
355 5225 490 5279 edidisse.

116 5288 158 5346 ln.
180 5323 213 5330 —
228 5297 278 5348 llic
293 5297 425 5360 iiiiirtpi·io
447 5311 506 5348 cum
532 5296 615 5348 lbiulo
639 5299 794 5348 cernantur.

98 5362 195 5418 'ecimo
207 5364 299 5436 igitur
315 5366 436 5419 Neronis
450 5373 559 5420 aiiiioet
571 5366 679 5420 Christi
692 5365 736 5432 66,
746 5364 797 5417 ali·

100 5440 127 5488 te
156 5437 316 5501 passionem
342 5437 455 5503 iliebiis,
484 5439 584 5491 l’etrus
606 5436 713 5490 carceri
731 5449 795 5488 cum

98 5504 253 5561 itriucnlis
276 5510 441 5577 mancipati,
464 5507 545 5561 l'alsis
562 5504 797 5561 accusationibus

103 5579 218 5645 tyranni
246 5579 397 5648 capitalem
425 5581 578 5633 toleravere
605 5576 796 5644 seuteiitiam3

101 5649 193 5715 prius,
207 5656 235 5703 ct
250 5652 341 5721 virgis
352 5652 428 5706 caesi.
442 5663 472 5704 ιιι
484 5665 543 5702 nius
556 5649 691 5702 ltoniaiiis
703 5648 798 5702 inole-

102 5721 240 5774 raeseitim
259 5723 391 5788 crimine,
407 5722 480 5791 quod
500 5719 560 5774 illis
575 5720 732 5787 impietatis
743 5719 799 5774 ob-

98 5804 139 5844 ur.
157 5792 272 5860 Paulus,
288 5796 362 5862 ipiod
379 5795 522 5847 llomaiius
533 5799 560 5846 et
571 5792 688 5856 nobilis,
705 5792 799 5862 capite

98 5875 131 5916 ur
142 5862 176 5916 ad
192 5877 282 5932 :iipuas
294 5865 405 5920 salvias
426 5870 505 5918 extra
522 5865 631 5919 l‘ortam
654 5863 799 5935 Trigemi-

851 4652 900 4706 lib.
915 4652 1070 4719 descript.
1087 4649 1245 4704 ecclesiast.
1268 4651 1296 4702 in
1317 4651 1418 4702 lilarco.

884 4724 1004 4776 Sanctus
1015 4720 1229 4776 doctoribiiieiii
1242 4722 1271 4774 in
1285 4721 1367 4773 Petro
1379 4717 1482 4772 multos
1496 4717 1569 4774 alios
1579 4719 1670 4777 libros

848 4793 1094 4861 subejusuomine
1107 4792 1231 4861 scriptos
1240 4790 1331 4846 luisse
1342 4794 1558 4844 commemorat:
1571 4802 1671 4860 nempe

849 4876 948 4930 unum,
961 4863 1011 4932 qul
1027 4864 1194 4917 Auctarium
1206 4862 1268 4930 ejus
1281 4859 1454 4916 inscribitur
1465 4876 1472 4928 3
1483 4859 1573 4914 alium
1585 4862 1672 4917 Evan-

849 4934 916 5005 gelii
925 4952 932 4996 ;
941 4935 1054 4988 tertium
1066 4932 1296 5002 praedicationis,
1304 4937 1439 5002 quartum
1446 4930 1668 5001 llpocalypseos;

849 5005 983 5074 quintum
999 5005 1125 5069 iudicii,
1141 5005 1190 5059 sed
1213 5017 1261 5059 eos
1276 5016 1375 5058 omnes
1398 5002 1474 5058 inici
1494 5004 1672 5073 apocryphas

849 5076 1014 5143 Scripturas
1040 5076 1167 5144 reputari
1197 5074 1303 5130 ibidem
1334 5075 1448 5129 asserit.
1481 5075 1618 5130 l‘raetereii
1642 5076 1671 5131 in

850 5147 987 5203 ductario
1009 5146 1191 5201 bibliotbecre
1213 5146 1327 5200 l'atrum
1352 5150 1445 5200 exstat
1469 5145 1599 5215 liturgia,
1621 5161 1672 5202 seu

853 5220 938 5273 missa
950 5218 1117 5287 apostolica,
1127 5230 1211 5287 quam
1225 5231 1258 5272 ex
1268 5217 1366 5272 codice
1377 5219 1572 5286 manuscripto
1582 5218 1675 5273 cardi·

852 5291 927 5345 ualis
941 5289 1038 5344 Sirleti
1051 5290 1122 5343 l'etri
1137 5289 1325 5358 inscriptione
1342 5288 1522 5358 insignitam,
1535 5287 1632 5344 Crrree
1645 5294 1676 5344 et

851 5361 951 5416 Latine
965 5360 1056 5415 edidit
1071 5361 1147 5415 circa
1161 5359 1244 5414 linem
1261 5360 1358 5414 saeculi
1375 5359 1480 5414 decimi
1496 5358 1569 5413 sexti
1585 5359 1674 5415 Guil-

853 5433 957 5488 lelmus
980 5432 1128 5487 liudauus
1150 5430 1397 5486 liuremundensis
1423 5430 1599 5498 episcopus,
1624 5430 1671 5486 sed

852 5518 912 5559 eain
939 5502 1156 5573 supposititiam
1179 5515 1242 5557 esse
1265 5503 1393 5557 ostendit
1412 5498 1570 5556 cardinalis
1599 5501 1675 5558 Bona

853 5575 904 5630 lib.
933 5590 940 5628 i
965 5575 1065 5630 lloruin
1091 5574 1305 5645 liturgicarum,
1323 5587 1384 5643 cap.
1400 5570 1427 5639 8,
1444 5585 1507 5627 cum
1527 5572 1556 5626 in
1579 5585 1612 5627 ea
1629 5586 1675 5628 re-

854 5648 1005 5715 periantur
1023 5646 1150 5716 quandam
1168 5646 1314 5700 orationes
1335 5658 1369 5699 ex
1385 5643 1460 5699 libro
1475 5645 1675 5699 sacramento-

854 5732 916 5774 rum
931 5718 1022 5773 sancti
1036 5717 1166 5784 Oreporii
1192 5717 1296 5785 llagni.
1321 5723 1350 5770 et
1368 5713 1569 5769 consarcinata
1589 5716 1629 5770 sit
1642 5730 1674 5769 ex

854 5789 1150 5848 dissolutricem
1166 5789 1296 5859 liturgiis
1312 5786 1419 5854 iacobi,
1434 5785 1536 5842 llasilii
1553 5793 1582 5842 et
1593 5786 1678 5865 Cliry-

853 5861 984 5916 sostomi.
997 5860 1118 5929 Quibus,
1129 5859 1257 5930 aliisque
1273 5857 1446 5915 rationibus
1452 5859 1516 5912 rite
1525 5867 1704 5925 perpenses,
