3892 6136
112 224 165 286 ida
499 237 546 294 Ab
565 239 784 303 ANASTASlUll
805 249 1063 314 inobsecrabili
1093 260 1180 316 tibin.
1207 261 1420 322 nole-isliu.

142 353 221 411 Anni
250 355 330 412 Anni
348 361 423 416 Hom.
443 364 545 437 ciuiles,
560 383 704 440 eorumque
723 374 875 431 com-Anni
888 378 918 432 U.
947 381 978 440 A
1019 382 1101 440 Anne
1129 388 1323 446 Annibalicni
1338 394 1659 464 polepticicrtemrom
1697 435 1705 456 ι

151 428 212 482 Per.
290 437 545 492 mensuscurndlru
559 437 662 496 Christi
675 458 790 498 commu·
811 447 840 503 G.
853 452 917 503 onte
1008 452 1112 528 Olprnp.
1249 461 1351 518 Christi
1369 480 1542 523 communem.

129 499 185 554 ιιι.
210 509 238 559 et
290 502 321 554 rri
334 506 360 556 ci
369 517 429 558 cum
435 508 549 574 periodo
565 511 676 566 iuliano
688 513 793 584 Sooiip.
813 523 839 574 et
857 524 919 589 post

141 570 218 718 (oggi
254 629 540 705 mmmmm.
556 640 713 717 &dmm
728 641 792 718 433,
823 591 907 645 Pam·
1133 612 1287 671 deductum
1343 614 1434 673 luisse
1478 573 1705 678 AntiocbenlsCA

192 792 196 797 ·
258 719 484 798 Ptolemaeorcge
504 729 700 789 misereinter
718 748 795 805 pra-

259 803 390 865 liandum
412 811 553 889 demerso,
568 831 686 891 regnum
702 823 793 878 attri-

259 893 325 951 buit
351 898 501 959 Ptolemaeo
521 905 646 979 iuniori,
673 913 701 965 ct
727 909 794 968 Cleo

260 986 349 1052 patrae
359 987 463 1059 sorori,
478 1004 564 1061 quam
581 991 626 1050 illi
639 994 794 1067 despondit

259 1069 354 1129 adbuc
368 1088 457 1144 puero
477 1079 638 1140 undecenni
666 1100 794 1159 uxorem,

260 1170 338 1215 more
351 1160 493 1236 AEgyptio·
507 1163 631 1244 [Strabo
646 1172 696 1230 lib.
722 1189 794 1248 ιιιι,

260 1246 477 1322 pagliarolo
500 1256 553 1314 lib.
577 1274 647 1318 ιιιι.
672 1264 795 1324 Hirtius.

259 1337 376 1396 sueton.
392 1342 433 1398 in.
446 1344 503 1403 lul.
516 1360 578 1418 cap.
591 1347 649 1428 36]
660 1354 692 1409 ln
715 1355 795 1429 AEgy-

261 1434 309 1497 pto
337 1437 465 1491 moratus
487 1436 581 1495 caesar
605 1454 717 1500 menses
740 1460 797 1504 no-

260 1530 321 1573 nem
344 1518 486 1595 [Appiam.
503 1526 555 1583 lib.
582 1544 613 1601 ιι,
639 1532 708 1591 bell.
728 1540 795 1612 oin]

260 1606 338 1664 circa
363 1612 453 1671 Veris·
471 1616 590 1676 initium
621 1622 796 1686 Alexandria

261 1697 397 1760 discessit
414 1704 444 1761 iu
457 1705 577 1777 Syriam.
600 1711 669 1781 Eius
681 1714 796 1774 disces-

261 1806 313 1849 sus
341 1806 440 1850 rumor
463 1794 493 1851 in
527 1797 641 1855 ltaliam
667 1808 797 1873 pervenit

262 1894 295 1937 ιιι
310 1882 383 1938 Νοι.
396 1883 538 1954 Quinctil.
554 1902 605 1946 seu
619 1891 730 1962 Aprilis
742 1897 796 1952 Ju-

262 1969 335 2027 liani
351 1968 452 2029 dicad.
465 1973 534 2048 [Cic.
548 1977 583 2033 ad
594 1977 681 2037 Attlc.
697 1982 748 2039 lib.
762 1999 794 2057 ιι,

263 2070 307 2128 cp.
320 2056 364 2134 la]
385 2074 442 2131 qua
463 2062 511 2119 die
531 2064 691 2127 Antiochiae
711 2086 797 2130 eum-

263 2146 326 2202 dem
344 2150 437 2222 egisse
457 2152 540 2211 docet
551 2157 592 2213 ιο.
616 2159 717 2218 llalela
741 2163 794 2220 lib.

262 2249 293 2294 ιι
307 2237 412 2295 coron.
425 2241 527 2300 Paucis
540 2246 645 2306 diebus
667 2253 796 2326 insyria

260 2327 412 2385 Provincia
452 2339 642 2408 consumptis,
681 2347 793 2400 sextum

257 2419 396 2476 Caesarem
421 2421 524 2492 eidem,
562 2430 591 2481 et
629 2427 795 2502 legionibus

149 2510 220 2565 Hinc
257 2511 394 2583 praelcoit.
409 2507 473 2588 [bio
486 2512 537 2570 lib.
557 2514 660 2594 ιιιιι.]
686 2518 792 2592 Classe,

145 2600 224 2668 coepit
256 2614 313 2672 qua
334 2608 459 2674 uenerat,
488 2602 633 2675 proiectus
654 2607 685 2662 lu
715 2608 793 2666 Gill-

147 2690 214 2742 AErc
255 2689 330 2745 clam
343 2685 476 2763 [Hirtius
492 2698 521 2750 et
540 2694 596 2751 Jos.
612 2693 664 2750 lib.
684 2710 745 2770 ιιι,
761 2713 787 2755 c.
822 2715 895 2758 ιιιι

129 2776 235 2843 AEpro-
260 2772 304 2850 ld]
324 2778 487 2850 regionum,
509 2786 537 2837 ct
561 2795 681 2854 regnum
695 2785 791 2842 liniti·
810 2802 872 2845 nuc.
889 2803 912 2846 c.

123 2879 186 2918 rum
211 2867 242 2920 in
256 2878 366 2922 morum
389 2869 502 2940 negotia
524 2871 679 2930 ordinarit.
698 2874 793 2934 Auto-
806 2891 920 2935 sueso-

135 2953 231 3009 Gilicic
256 2955 381 3009 numiam
397 2956 567 3014 civitatibus
581 2961 660 3018 dedit
683 2965 789 3032 praeci-
808 2979 860 3023 unc.
886 2981 915 3025 in

126 3041 160 3096 de
173 3057 229 3111 quc
253 3041 329 3110 puls,
343 3055 414 3112 quas
426 3042 657 3103 intercludimus
667 3053 702 3107 ad
715 3066 791 3110 mare
804 3069 865 3111 sun.
877 3069 921 3112 no.

117 3131 236 3188 d-Neris
248 3129 404 3186 undenum
420 3144 494 3188 cuns.
506 3133 548 3190 Ad
562 3134 669 3194 bellurn
684 3141 785 3197 Ponti·
800 3145 857 3199 liu.
885 3162 919 3201 ec

115 3218 238 3290 Epspr.
248 3231 314 3274 cunr
329 3230 464 3277 euocatus
489 3229 588 3280 contra
606 3227 787 3287 Pbarmacem
802 3234 918 3290 Aurum·

119 3325 152 3378 p.
164 3303 227 3378 aie,
250 3308 340 3379 Venit,
359 3309 446 3381 Vidit,
461 3312 542 3367 Vicit.
557 3309 641 3387 [Plut.
662 3317 692 3373 ln
706 3318 831 3391 cassu
846 3325 920 3380 Veii.

119 3396 234 3451 ecdu—
246 3394 325 3474 etc.,]
339 3397 416 3454 intra
435 3400 573 3470 quintum
592 3404 678 3462 diem.
698 3402 784 3480 [Sue-
814 3407 903 3467 bird.

131 3491 224 3541 rumne
250 3492 309 3544 ton.
328 3487 359 3543 in
378 3488 434 3545 Jul.
458 3502 483 3545 o.
510 3488 568 3562 35.]
589 3494 787 3553 Mithridatem

121 3589 177 3628 non
197 3591 232 3630 cc
250 3589 343 3650 regem
379 3577 521 3649 Bosphori
554 3583 719 3640 constituit.
735 3586 788 3643 Per

122 3678 184 3716 ecre
198 3668 229 3717 ut
248 3665 386 3721 Graeciam
403 3667 519 3724 Romam
543 3671 631 3743 venit,
656 3674 786 3732 circum-

121 3749 193 3804 Vail.
215 3747 347 3822 dagonis
369 3765 400 3807 se
427 3767 512 3824 anno,
541 3770 575 3814 ex
603 3774 660 3830 quo
693 3761 787 3820 iuerat

139 3836 205 3893 edit.
244 3837 372 3895 dictator
387 3839 492 3896 iterum
507 3842 677 3915 designatus
698 3849 784 3918 [Plut.

247 3923 368 4002 incas]
390 3933 418 3983 et
437 3929 538 3986 consul
562 3944 594 3986 ιιι
620 3933 650 3988 ln
676 3948 784 3994 annum

247 4014 409 4083 proximum
443 4016 612 4089 designatus
651 4024 785 4082 consules

245 4102 323 4158 circa
338 4111 496 4172 postremos
518 4106 605 4177 buius
617 4110 686 4166 anni
701 4127 786 4170 men-

246 4202 292 4246 ses
306 4191 414 4248 crearit
424 4204 482 4262 eos,
495 4194 546 4264 qul
559 4196 587 4251 in
603 4197 697 4255 Fastis
712 4215 785 4258 mar·

247 4281 352 4336 moreis
364 4280 537 4350 Capitolinis
552 4283 690 4357 leguntur

181 4385 186 4397 ·
280 4367 314 4438 Q.
329 4366 441 4424 Tullum
455 4368 591 4427 Calenum

281 4457 312 4512 P.
333 4457 480 4514 vatinium
499 4461 534 4516 ad
552 4466 610 4518 tres
626 4470 783 4533 postremos

280 4547 349 4602 anni
364 4559 475 4605 menses
486 4547 565 4606 Suet.
584 4551 614 4607 ln
624 4551 683 4610 Gla.
698 4570 723 4612 c.
736 4555 780 4615 ⁴5.

242 4649 315 4692 anns
338 4649 469 4693 masonis
502 4653 653 4699 mourcsrrn
677 4645 783 4719 incipit

243 4724 272 4780 ιι.
301 4737 327 4780 ι.
355 4738 391 4781 ex
423 4730 572 4799 autumno,
606 4745 663 4801 quo
688 4734 783 4793 Cacsar

242 4815 386 4872 concessit
398 4813 611 4876 Autonomiam.

275 4905 488 4964 Annuscinilis
509 4909 702 4971 Rornanorum
728 4930 780 4973 se-

240 4995 353 5052 cundus
380 5001 446 5053 aute
480 5011 580 5057 noram
612 5003 779 5062 ordinatio-

241 5095 303 5137 nem
318 5083 440 5143 Caesaris
457 5094 572 5146 constat
597 5090 701 5148 diebus
723 5092 778 5152 355

275 5171 344 5238 Ejus
355 5174 487 5228 Kalendae
500 5177 646 5233 doncuria
667 5194 776 5250 praece-

238 5255 312 5312 dunt
336 5259 455 5317 initium
478 5275 556 5318 norae
581 5265 777 5330 ordinationis

238 5357 379 5402 annorum
403 5348 585 5407 iulianorum
599 5353 702 5412 diebus
720 5357 774 5418 800

236 5441 265 5492 et
279 5433 413 5491 incidunt
434 5436 465 5493 in
480 5438 557 5494 diem
580 5437 618 5497 23
641 5443 775 5506 Octobris

235 5523 304 5583 anui
332 5522 442 5580 iuliani
471 5525 623 5600 proleptici
649 5529 685 5590 l8
707 5542 775 5594 ante

949 1826 976 1888 B

1133 703 1260 761 ostendit
1282 703 1366 762 card.
1390 706 1476 763 Nonis
1499 721 1534 779 ep
1549 708 1660 781 Syrom.

1132 791 1205 848 diss.
1219 804 1264 863 ιιι,
1280 805 1342 864 cap.
1359 790 1385 864 ι,
1401 807 1520 866 eamque
1533 809 1569 852 cx
1580 797 1668 856 Num·

1132 880 1198 953 mis,
1225 880 1319 938 dolos
1341 883 1666 962 subliuoianosignato

1133 983 1190 1023 aro
1209 966 1270 1042 iti,
1283 978 1311 1028 et
1329 972 1437 1030 Tiberii
1451 975 1588 1049 Augusti,
1610 977 1668 1036 sub

1132 1058 1242 1130 Flacco,
1262 1076 1338 1120 anno
1355 1065 1419 1134 cp'us
1448 1065 1563 1138 imperii
1585 1064 1612 1139 i,
1637 1074 1668 1126 et

1131 1148 1259 1205 dodoci.
1281 1149 1328 1223 82,
1350 1153 1528 1212 demonstrat
1543 1155 1667 1215 initium

1132 1236 1280 1296 desumere
1303 1257 1338 1296 ec
1354 1247 1493 1298 omummo
1510 1247 1583 1300 crini
1602 1248 1665 1303 Per.

1132 1328 1198 1383 ιιι.
1215 1325 1295 1398 leco,
1310 1335 1373 1386 orric
1394 1347 1559 1389 communem
1581 1332 1669 1391 ciri-

1132 1420 1169 1473 sti
1190 1419 1326 1489 aporiam
1357 1418 1401 1478 la.
1430 1424 1465 1479 Et
1486 1436 1521 1480 ex
1544 1429 1668 1480 autum-

1132 1523 1169 1566 no
1196 1507 1283 1579 buius
1307 1510 1374 1565 anni
1400 1506 1480 1580 loeo,
1504 1524 1578 1568 uuas
1590 1511 1668 1568 Cas-

1133 1610 1211 1654 snnrs
1241 1599 1512 1657 incucurrisse.
1540 1597 1570 1666 8,
1594 1600 1612 1674 5
1636 1598 1665 1660 Ξ.

1166 1685 1239 1742 Ante
1268 1699 1359 1744 annos
1389 1694 1447 1745 tres
1479 1688 1668 1747 Aristobulus

1132 1780 1254 1849 Hyrcani
1276 1780 1438 1836 ludaeorum
1450 1780 1598 1852 pontidcls
1612 1779 1668 1839 ira·

1132 1876 1185 1943 ter,
1215 1879 1244 1930 et
1272 1873 1437 1943 insidiator,
1467 1874 1504 1932 ob
1532 1875 1667 1949 querelas

1132 1976 1197 2019 eum
1242 1960 1341 2035 fratre,
1389 1964 1485 2021 Roma
1518 1965 1664 2039 detentus,

1130 2051 1236 2110 deinde
1254 2053 1423 2109 Caesarianae
1452 2051 1591 2111 factionis
1618 2053 1666 2111 ia-

1131 2158 1198 2202 vore
1226 2143 1297 2202 liber
1317 2145 1457 2202 dimissus
1471 2145 1503 2201 in
1530 2145 1665 2217 paulam

1130 2234 1343 2305 aPompcianis
1364 2234 1457 2292 luerat
1478 2247 1588 2293 veneno
1612 2251 1667 2295 su-

1131 2323 1237 2393 blatus,
1262 2324 1382 2395 eiusque
1403 2324 1483 2381 lilius
1501 2324 1666 2385 Alexander

1130 2413 1224 2469 securi
1241 2426 1395 2484 percussus
1403 2413 1568 2471 Antiochia
1582 2413 1667 2474 ascl-

1130 2501 1215 2573 pione
1225 2501 1309 2571 iussu
1326 2501 1453 2572 Pompeii
1469 2497 1596 2578 [loseph.
1611 2505 1663 2564 ιιι).

1129 2606 1188 2663 ιιι,
1203 2608 1230 2649 c.
1256 2591 1310 2664 ι·3.]
1324 2593 1487 2663 Antigonus
1501 2593 1665 2655 Aristobull

1130 2681 1209 2738 dilus
1221 2683 1274 2740 boc
1286 2696 1362 2739 anuo
1380 2683 1415 2739 ad
1430 2683 1568 2741 Casuram
1585 2686 1665 2742 venit

1127 2769 1288 2827 Antiocbiae
1321 2777 1461 2843 agentem,
1497 2773 1601 2844 patris,
1630 2787 1664 2831 ac

1128 2856 1228 2915 fratris
1242 2859 1404 2918 infortunia
1422 2875 1660 2936 commemorans,

1127 2952 1156 3003 et
1189 2961 1327 3007 accusans
1357 2953 1516 3021 Hyrcanum
1542 2953 1664 3025 pontili-

1127 3050 1198 3108 cem,
1226 3044 1255 3095 et
1285 3038 1469 3111 Antipatrum
1498 3043 1661 3100 ludaeorum

1127 3126 1357 3199 gubernatorem,
1377 3132 1511 3190 mandato
1525 3132 1661 3206 Hyrcani,

1126 3220 1261 3288 unquam
1288 3233 1338 3291 per
1376 3220 1435 3277 rim
1462 3221 1661 3296 principatum

1126 3310 1220 3380 gentis
1239 3315 1378 3380 gererent.
1392 3310 1495 3381 Causa,
1510 3312 1585 3368 vicit
1596 3310 1662 3369 An—

1126 3397 1241 3467 tipater,
1261 3399 1336 3468 apud
1358 3399 1496 3457 cesarem
1517 3407 1660 3472 perorata.

1124 3485 1297 3543 Confirmala
1314 3490 1440 3557 Hyrcani
1449 3492 1590 3562 pontificis
1601 3506 1659 3546 uat-

1124 3576 1658 3652 circumcolatadnriporrodyuastia.

1124 3679 1326 3736 quamcunque
1346 3667 1495 3742 voluisset,
1509 3676 1539 3727 et
1553 3687 1661 3743 procus

1123 3757 1194 3810 racio
1208 3756 1311 3811 Judaeae
1327 3760 1482 3815 concredito
1491 3763 1551 3829 tuit
1569 3762 1660 3821 aCae-

1123 3856 1198 3899 sare.
1220 3838 1355 3918 [ioseplr.,
1372 3847 1423 3904 lib.
1449 3861 1510 3922 xiv,
1534 3862 1598 3921 cap.
1625 3848 1660 3909 45

1121 3930 1266 4001 Antiquit.
1291 3939 1320 3989 et
1344 3935 1395 3991 lib.
1410 3950 1419 3992 1
1433 3937 1504 3994 Belli
1525 3951 1588 4008 cap.
1612 3937 1655 4018 8.]

1123 4017 1259 4076 Praeterea
1268 4024 1397 4092 Hyrcano
1416 4025 1557 4101 poutidci,
1572 4033 1603 4086 et
1617 4028 1660 4086 ll-

1121 4106 1272 4176 berisejus
1287 4107 1503 4186 litbnarclriam,
1514 4122 1544 4172 et
1554 4118 1658 4187 ponti-

1122 4192 1237 4249 tlcatum
1251 4196 1414 4257 iudaeorum
1429 4207 1568 4274 perpetuo
1581 4205 1658 4262 retl-

1121 4294 1188 4338 nere
1205 4297 1282 4341 morc
1304 4288 1408 4360 patrio,
1422 4290 1538 4348 iudicia
1554 4292 1658 4351 deiu-

1120 4371 1203 4429 daioa
1225 4375 1392 4450 disciplina,
1407 4385 1435 4436 et
1450 4381 1518 4451 jura
1530 4383 1660 4442 decima·

1121 4476 1196 4534 rum,
1243 4479 1277 4522 ac
1319 4475 1420 4525 catera
1460 4472 1660 4535 sacerdotalia

1120 4552 1299 4611 conllrmavit
1315 4569 1412 4631 ‘eaque
1431 4563 1467 4619 de
1489 4565 1658 4635 re,1toma-

1120 4643 1176 4713 nis,
1193 4651 1221 4702 et
1235 4647 1343 4706 Graecis
1370 4651 1478 4711 litteris
1492 4654 1656 4730 inscriptas

1119 4749 1211 4792 aeneas
1233 4737 1345 4796 tubulas
1368 4751 1429 4800 turn
1450 4744 1482 4801 in
1508 4746 1659 4820 Capitolio

1119 4824 1223 4896 Roma,
1240 4830 1299 4882 tum
1323 4831 1398 4900 apud
1419 4833 1536 4904 Tyrum,
1560 4836 1656 4898 Sido-

1119 4930 1193 4989 nem,
1208 4922 1236 4974 et
1254 4919 1421 4979 Ascalonem
1436 4927 1580 4986 constitui
1590 4931 1656 5001 lus·

1118 5006 1158 5062 sit
1171 5006 1237 5077 [los.
1251 5007 1304 5064 ιιι).
1317 5023 1377 5080 ιιι,
1393 5026 1418 5068 c.
1431 5010 1486 5091 i'IJ.
1497 5015 1656 5092 Antipater

1117 5100 1285 5167 procurator
1305 5097 1418 5172 iudaeae,
1431 5117 1497 5161 enm
1511 5110 1656 5171 animad-

1116 5187 1237 5241 verteret
1251 5187 1411 5258 Hyrcanum
1433 5197 1598 5275 stupidum,
1619 5217 1656 5262 ac

1119 5288 1243 5347 segnem,
1257 5277 1333 5335 lilios
1356 5296 1425 5339 suos
1439 5289 1577 5359 regimini
1594 5307 1657 5364 pu-

1114 5366 1191 5424 blico
1209 5367 1263 5425 sub
1287 5371 1415 5440 Hyrcano
1439 5375 1480 5432 its
1498 5379 1654 5456 admovit,

1112 5464 1146 5516 ut
1161 5458 1313 5515 i’lrasaelus
1328 5466 1397 5517 natu
1412 5465 1567 5536 maximus,
1584 5472 1653 5530 iile

1112 5549 1270 5625 rosolymae,
1295 5554 1573 5628 etcircumlaoentls
1597 5574 1651 5619 rs-
