3892 6136
117 317 171 380 315
639 316 823 378 eltdclnril
839 320 888 377 Ab
905 321 1022 380 OPUSC.
1045 325 1078 381 ii.
1098 325 1163 397 snt)
1180 328 1302 388 iiorlir.
1777 336 1831 396 346

116 448 162 500 tos
180 442 285 511 passim
300 454 415 499 errores
431 442 461 498 in
478 442 613 499 universa
631 443 755 500 itomana
769 443 945 516 antiquitate
958 448 987 506 A
999 444 1103 517 dicem,
1118 450 1187 506 dnm
1209 453 1270 523 lpse
1291 454 1374 510 modo
1389 468 1422 510 ex
1439 467 1507 524 nna,
1525 455 1608 512 modo
1623 469 1658 512 ex
1673 458 1730 516 alia
1744 460 1830 517 Urbis
1879 477 1884 487 ·

116 531 336 588 commiserunt.
353 547 367 581 s
1001 540 1082 603 porta
1097 535 1182 608 (quod
1198 540 1326 611 hospites
1338 556 1371 598 ac
1384 543 1527 614 peregrini
1545 544 1646 615 solent)
1655 545 1691 600 ad
1702 547 1829 619 aliquem

152 621 207 676 Par
215 625 293 676 certe
303 618 419 676 utilitas
427 622 513 690 atque
526 619 643 676 ubertas
653 632 707 676 non
719 625 762 676 est
775 619 892 677 iliarum
904 633 947 675 re-
1002 625 1167 694 terminum,
1184 642 1237 684 suo
1251 629 1350 686 itineri
1363 631 1424 687 sire
1436 644 1471 687 ex
1481 632 1615 688 condicto
1627 635 1828 708 constitutum,

118 708 275 766 tustiorum
290 706 519 777 descriptionum
531 707 594 764 lluil
607 714 635 763 et
649 708 837 765 victorissub
851 709 948 766 Valen-
1002 711 1063 767 sire
1076 711 1149 770 iorte
1162 713 1277 773 iortuna
1292 717 1420 775 oblatum
1438 721 1611 790 procederet,
1629 721 1783 779 observans
1799 724 1828 779 in

119 796 242 866 tiniano,
262 795 339 852 Urbe
358 796 484 852 nandum
509 809 526 852 a
548 796 650 853 Gothis
674 797 783 866 diruta,
805 811 839 853 ac
860 798 948 855 istius
1002 799 1048 854 ria
1065 815 1129 870 quae
1149 802 1205 874 ipsi
1222 806 1442 863 observarentur
1463 814 1564 865 notatu
1582 810 1680 882 digna.
1702 809 1832 867 Accessit

116 884 270 956 Anonymi,
288 898 373 956 quem
389 884 543 952 scripsisse
559 884 752 957 intelligimus
774 891 839 957 post
853 887 948 943 clades
1003 888 1106 945 lisdem
1123 891 1248 963 sebedls,
1266 896 1306 950 ita
1321 895 1516 966 perfunctorie
1529 900 1667 968 exaratis,
1684 903 1717 956 ut
1730 898 1831 956 dextra

117 974 259 1046 plurimas
272 975 369 1029 Romae
383 987 400 1031 a
414 972 545 1029 barbaris
561 972 667 1029 illatas.
684 976 754 1030 Nam
769 981 870 1032 octavo
885 977 948 1032 cir·
1004 977 1374 1054 prosinlstrisqnandoqne
1384 985 1626 1053 enuntientuom
1639 986 1829 1058 perturbatio,

118 1064 189 1121 citer
202 1062 249 1119 rel
263 1074 339 1120 nono
349 1061 594 1118 eraecbristiana
606 1062 712 1119 saeculo
725 1063 798 1120 bano
814 1078 876 1121 esse
890 1065 951 1120 tri·
1002 1070 1207 1136 acompactori
1229 1070 1415 1142 negligentia,
1436 1077 1487 1128 aut
1508 1074 1677 1143 supinitate,
1695 1080 1728 1130 ni
1746 1075 1830 1132 arbl-

118 1152 261 1209 buendam
274 1154 397 1220 constat,
413 1163 478 1206 cum
492 1150 634 1220 posterior
648 1150 689 1207 sit
697 1156 780 1207 aemte
793 1152 926 1209 belisarii
939 1170 948 1216 t
1003 1157 1073 1222 tror,
1082 1153 1214 1224 proiecta.
1224 1158 1484 1216 ilemhranasenim
1493 1159 1831 1232 ilias,duplicicolumna

117 1241 303 1313 quippecnm
317 1240 347 1295 in
358 1252 391 1295 ea
406 1240 714 1295 memorentnrmolr'nan
725 1239 799 1312 (pag.
811 1239 865 1297 509
876 1242 948 1297 edit.
1002 1254 1136 1298 ramnum
1152 1243 1182 1300 in
1197 1246 1324 1318 singulis
1337 1245 1418 1303 ioliis
1431 1246 1587 1305 distinctas
1598 1247 1652 1321 (uti
1666 1256 1784 1320 apparet
1794 1264 1830 1308 ex

115 1327 241 1398 labili.)
254 1341 308 1385 sen
321 1325 539 1397 molendinaria,
551 1332 579 1382 et
589 1329 730 1384 vetustior
744 1341 806 1384 esse
817 1328 950 1385 videatur
1003 1328 1167 1388 dimidiatis
1180 1332 1361 1391 dictionibus
1374 1335 1405 1390 in
1416 1336 1518 1407 aliquo
1530 1350 1614 1394 versu
1623 1337 1769 1409 expressis
1782 1353 1832 1409 per

116 1418 209 1473 leone
222 1417 260 1471 iv
274 1416 396 1486 ejusque
413 1413 447 1471 de
467 1415 583 1471 nomine
601 1415 750 1486 appellate
772 1416 857 1472 Urbis
876 1418 950 1472 Leo-
1004 1417 1116 1474 litteras
1128 1421 1275 1492 capitales,
1293 1422 1402 1493 quibus
1417 1426 1590 1495 respondent
1605 1425 1721 1497 syllaba
1735 1426 1832 1483 aelit-

117 1507 194 1562 ninae
208 1504 336 1572 ambitu,
353 1516 410 1574 quo
423 1502 589 1559 Vaticanum
606 1503 756 1560 basilicam
769 1505 853 1576 eique
865 1505 950 1575 adja-
1003 1511 1071 1562 terae
1091 1509 1217 1566 eamden
1238 1510 1395 1567 dictionem
1420 1514 1596 1583 complentes
1620 1518 1649 1570 et
1668 1514 1830 1572 columnam

116 1594 213 1651 centia
230 1591 340 1666 praedia
353 1591 491 1663 providus
508 1590 557 1647 iile
572 1590 700 1662 pontifex
715 1598 827 1650 iumine
837 1597 881 1648 est
894 1592 950 1648 ad-
1004 1595 1162 1663 proximam
1176 1598 1304 1666 ejusdem
1320 1599 1432 1671 paginae
1444 1608 1626 1670 occupantes,
1643 1600 1747 1673 iliiqne
1757 1602 1833 1671 inn-

115 1696 219 1739 rersus
244 1679 410 1752 trequentes
440 1681 575 1736 incursus
605 1680 810 1738 Saracenorum
836 1698 843 1736 ε
866 1677 948 1737 nemo
1002 1683 1110 1754 gandae)
1133 1687 1229 1741 secuit
1257 1686 1367 1758 aliquis
1393 1688 1422 1742 in
1448 1693 1542 1758 partes
1565 1688 1648 1760 duas,
1675 1694 1762 1761 atque
1789 1690 1830 1746 ita

116 1784 172 1831 aon
188 1769 338 1839 intelligit
352 1769 424 1824 banc
445 1768 484 1823 ita
500 1769 583 1840 louge
602 1767 638 1823 ab
654 1768 716 1824 illis
731 1768 850 1839 distare,
867 1774 900 1825 ul
914 1760 1155 1843 neBcompegit,
1189 1775 1272 1843 qnasi
1308 1775 1448 1831 columnae
1485 1781 1738 1847 consequerentur,
1774 1791 1830 1833 non

116 1857 378 1929 conterriquidem
395 1857 495 1928 possit.
515 1856 578 1913 Ruii
596 1857 948 1929 enimetvictorisplena
1003 1858 1186 1914 cohaererent.
1220 1860 1369 1929 Eiusmodi
1403 1868 1496 1918 tamen
1527 1863 1663 1918 damnum
1697 1876 1830 1934 reparare

117 1955 160 2007 est
173 1946 320 2014 recensio,
340 1945 465 2018 elegans,
487 1945 637 2016 castigata,
655 1945 782 2017 singulis
800 1947 829 2002 in
849 1948 948 2019 regio-
1004 1958 1059 2001 non
1076 1945 1133 2001 iuli
1146 1946 1273 2015 difficile,
1294 1962 1358 2004 cnm
1377 1949 1520 2006 dictiones
1538 1951 1607 2019 lpsae
1625 1958 1831 2008 consecuturas

120 2036 205 2095 nibns
231 2047 406 2092 enumerans
429 2035 518 2102 vicos,
540 2034 688 2101 aedieulas,
716 2034 830 2106 templa,
858 2035 946 2105 lacus,
1004 2033 1128 2104 syllabas
1142 2035 1379 2104 demonstrarent,
1394 2039 1438 2094 uti
1456 2038 1606 2095 observare
1624 2039 1730 2108 poterit
1745 2040 1831 2110 quis-

122 2126 244 2195 balinae,
269 2123 407 2194 thermas,
429 2122 551 2179 aedilicia
572 2122 698 2195 denique
720 2128 878 2179 memoratu
898 2125 950 2180 di-
1004 2122 1072 2194 quis
1084 2123 1225 2179 editionis
1239 2124 1453 2182 biablllonianae
1471 2126 1590 2198 paginas
1606 2126 1647 2181 lta
1661 2126 1832 2197 contulerit,

122 2228 182 2288 gna,
194 2219 258 2270 tam
284 2210 400 2283 publica
419 2224 504 2282 quam
527 2212 646 2281 privata.
665 2211 703 2267 At
719 2211 777 2267 baec
791 2210 949 2282 descriptio
1003 2210 1047 2266 uti
1060 2223 1111 2267 nos
1121 2212 1292 2280 praestitisse
1302 2217 1462 2285 cognoscet.
1481 2213 1609 2284 Exempli
1620 2226 1706 2270 causa
1717 2219 1832 2284 postre-

118 2302 247 2375 lojnnior
269 2315 376 2373 paucas
398 2300 552 2356 admodum
576 2300 768 2356 indicationes
788 2301 948 2372 insignium
1003 2312 1178 2356 mnsversns
1192 2298 1397 2373 pagbiliedit.
1411 2301 1573 2361 iiabillonii
1591 2301 1832 2373 prosequentibus

119 2393 366 2450 monimentorum
386 2393 541 2459 percenset.
565 2389 706 2445 Redditur
720 2393 845 2445 attamen
865 2389 949 2445 utilis
1004 2387 1179 2458 iteraporta
1192 2388 1333 2447 Flaminia
1348 2392 1425 2447 intra
1439 2390 1541 2448 Urbem
1556 2392 1590 2447 ad
1608 2390 1704 2447 iaevam
1720 2391 1831 2448 indicat

120 2481 254 2539 ordinata
267 2479 330 2548 iila,
345 2478 507 2548 licetparca
521 2476 699 2534 indicatione
713 2477 852 2543 locorum,
866 2479 950 2547 juxta
1003 2481 1155 2545 sequentes
1174 2491 1274 2534 rersns
1296 2492 1356 2550 pag.
1380 2477 1443 2549 508,
1464 2484 1492 2535 et
1512 2493 1577 2537 cum
1597 2480 1641 2535 eis
1662 2478 1781 2536 titulum
1800 2479 1829 2535 S.

120 2570 169 2626 rie
187 2569 314 2626 ductum
334 2567 433 2623 dextra
455 2566 582 2637 levaque
596 2567 789 2637 sequentium,
805 2571 834 2623 et
847 2565 952 2623 obver-
1004 2562 1130 2619 siloesm·
1142 2565 1184 2637 (ln
1198 2567 1293 2637 eapite
1308 2581 1385 2624 nunc
1399 2567 1583 2640 appeliatum)
1595 2572 1621 2623 et
1635 2569 1675 2623 ste
1692 2583 1743 2639 per
1761 2583 1832 2639 por-

120 2660 249 2717 tantium
267 2659 296 2714 ei
315 2657 365 2729 qni
386 2656 485 2728 aliqua
505 2669 540 2712 ex
556 2660 639 2727 parta
655 2656 741 2711 Urbis
762 2656 896 2726 procedat
914 2657 949 2713 ad
1004 2653 1088 2707 ticam
1107 2668 1192 2723 usqae
1212 2653 1370 2710 colamnam
1390 2659 1437 2712 Ali
1460 2655 1531 2728 (lege
1552 2655 1609 2727 AN)
1624 2674 1632 2727 i
1648 2670 1713 2713 mox
1734 2656 1830 2712 eadem
1939 2664 1942 2667 ·

119 2748 217 2822 aliam,
236 2748 284 2803 rel
304 2746 340 2803 ad
357 2750 466 2803 certum
486 2746 538 2801 rlae
558 2758 617 2800 snae
637 2744 791 2800 terminum
811 2744 949 2803 intranei
1004 2740 1050 2797 via
1071 2742 1212 2798 Flaminia
1231 2742 1308 2799 intra
1328 2743 1425 2800 urbem
1449 2744 1608 2817 progressis
1627 2745 1829 2801 sinistrorsum

120 2845 198 2894 extra
212 2835 318 2893 Urbem
331 2853 340 2907 ς
351 2837 380 2891 in
392 2834 534 2904 eiusmodi
546 2832 780 2904 progressionum
791 2833 889 2891 titulis
900 2834 951 2890 in·
1005 2830 1114 2901 pariter
1128 2830 1247 2886 ollertur
1265 2833 1364 2886 Forma
1381 2835 1505 2899 Virginis
1522 2832 1614 2905 (aquae
1628 2833 1742 2890 scilicet
1762 2832 1831 2888 llir-

122 2927 263 2983 dicatum.
1004 2916 1091 2991 ginis)
1104 2920 1207 2985 tracta,
1228 2918 1333 2975 deinde
1351 2919 1447 2975 Sancti
1460 2922 1584 2993 Marcelli
1599 2920 1714 2977 titulus.
1731 2923 1832 2976 lteram

154 3015 271 3072 Utinam
287 3014 322 3071 ad
341 3024 392 3069 nos
408 3011 584 3082 pervenisset
598 3010 696 3065 minus
710 3008 832 3081 abrupta
844 3016 872 3067 et
891 3011 950 3067 mi·
999 3022 1051 3078 per
1060 3008 1197 3076 porticam
1207 3022 1294 3077 nsque
1306 3008 1344 3062 ad
1353 3008 1509 3079 Apostolos.
1520 3009 1592 3080 Quis
1606 3009 1703 3080 itaque
1716 3022 1771 3066 non
1784 3009 1831 3064 vi-

122 3085 948 3173 nuseoniusabaecqnalisennquepercensio.Nasceremns
962 3082 988 3146 C
1003 3097 1069 3152 deat
1091 3095 1164 3152 bane
1187 3097 1381 3153 recensionem
1405 3098 1595 3156 edificiorum
1620 3098 1656 3155 ad
1681 3097 1830 3154 sinistram

121 3191 384 3263 saitemrestlglum
395 3188 513 3259 aliquod
523 3187 634 3243 riarum
646 3186 774 3243 omnium
787 3188 950 3257 praeeipua-
1002 3184 1226 3241 constltutorum
1248 3185 1322 3254 ejus.¹
1345 3186 1396 3254 qui
1411 3199 1427 3240 a
1449 3188 1533 3242 Porta
1549 3186 1690 3241 Flaminia
1704 3185 1739 3242 ad
1760 3198 1832 3240 san-

123 3295 194 3352 rurn,
208 3294 275 3352 qnae
290 3282 320 3335 in
335 3277 409 3335 Urbe
428 3275 687 3348 irequentabantnr
702 3282 766 3345 post
780 3275 876 3332 clades
889 3275 951 3332 Go-
1002 3278 1064 3329 etos
1074 3272 1224 3327 duodecim
1237 3272 1382 3342 apostolos
1397 3273 1443 3328 via
1459 3273 1600 3328 Flaminia
1617 3269 1714 3345 [bodie
1725 3273 1831 3328 Curri-

124 3367 253 3425 tblcaset
266 3364 449 3434 Vandalicas,
462 3377 495 3420 ac
505 3363 684 3432 direptiones
698 3363 948 3434 Langobardorum
1002 3360 1094 3418 cuiari
1110 3356 1198 3434 dicta]
1211 3360 1288 3416 intra
1302 3360 1404 3416 Urbem
1420 3360 1563 3430 procedat.
1577 3361 1753 3431 jungendam
1769 3371 1831 3415 esse

125 3456 378 3513 etSaracenorum.
393 3451 431 3507 At
444 3452 518 3508 malo
534 3450 697 3506 litterarum
713 3447 771 3505 lato
783 3451 907 3522 contigit
918 3457 950 3507 ιιι
1001 3451 1086 3507 alteri
1097 3449 1228 3508 sectioni.
1241 3463 1273 3505 en
1286 3464 1349 3520 quar
1361 3450 1542 3505 dextrorsum
1555 3449 1691 3503 visuntur
1701 3447 1828 3503 eamdem

126 3545 255 3602 collectio
280 3543 337 3599 ista
360 3540 396 3597 ab
422 3545 539 3598 auctore
562 3538 739 3594 scriberetur
763 3538 949 3610 negligenter,
1001 3539 1048 3594 ria
1068 3538 1276 3593 demonstranti
1302 3550 1364 3608 pag.
1390 3534 1452 3605 508,
1477 3535 1525 3592 sed
1552 3533 1701 3604 peturbato
1728 3535 1831 3593 ordine

129 3647 200 3692 nore
213 3631 447 3688 adversariorum
462 3635 514 3684 ant
526 3626 698 3683 schedarum
723 3627 867 3682 memoriae
884 3634 952 3684 tan-
1004 3626 1213 3698 postpositaeet
1228 3625 1269 3680 ita
1284 3623 1475 3695 perscriptae?

127 3726 181 3780 um
193 3733 298 3791 causa,
311 3724 344 3775 nt
355 3731 439 3775 casus
449 3715 568 3787 obtulit,
579 3715 681 3771 dietim
694 3714 847 3771 relatarum
860 3716 889 3771 in
900 3731 954 3773 co-

888 3808 942 3861 Va'a
955 3808 1137 3863 lateranense

632 3881 729 3938 Sancti
746 3875 893 3932 Laurentii
910 3877 941 3933 in
960 3877 1067 3935 lucina

637 3946 767 4009 ΤΟΝΙΝΙ.
787 3946 952 4004 Obelisoum

179 4052 183 4059 ³
641 4022 779 4080 columna
795 4019 933 4075 Antonini

129 4093 199 4151 Unde
212 4091 367 4166 colligitur
381 4104 482 4148 versus
497 4093 688 4162 precedentes
701 4107 764 4165 pag.
779 4085 832 4146 507
851 4103 916 4146 cnm
930 4089 977 4146 bis
988 4087 1233 4161 consequentibus
1244 4090 1274 4144 et
1285 4086 1454 4157 postpositis
1472 4099 1536 4159 pag.
1549 4083 1603 4144 508
1622 4085 1664 4142 ita
1677 4099 1740 4143 esse
1757 4085 1833 4155 lun-

132 4165 230 4235 Μῦς
661 4238 687 4293 A
702 4236 786 4291 Porta
800 4233 939 4287 Flaminia
956 4247 1044 4303 usqne
1056 4233 1103 4286 vin
1119 4231 1300 4286 lateranense

409 4322 443 4376 ln
454 4320 577 4376 Sinistra
590 4323 784 4380 Pariturrium
1034 4317 1130 4374 Sancti
1144 4316 1292 4373 Laurentii
1309 4316 1339 4372 in
1351 4317 1459 4373 Lucina
1471 4318 1502 4371 ln
1517 4317 1602 4373 dextr

283 4403 287 4412 ’
374 4391 472 4448 Sancti
487 4393 621 4449 silvestri
636 4395 719 4450 etsie
734 4407 784 4464 per

358 4462 501 4535 porticum
521 4479 612 4534 usque
627 4466 789 4521 columnam
804 4461 983 4519 ANTONINI.
1163 4458 1328 4517 Obelisoum

375 4534 472 4591 Sancti
489 4536 628 4592 llarcelli.
645 4536 748 4591 lterum
766 4548 816 4604 per
1161 4529 1300 4587 Columna
1315 4528 1455 4586 Antonini

358 4606 501 4676 porticum
519 4606 659 4677 usquead
675 4605 828 4676 Apostolos
1163 4601 1215 4657 Via
1233 4602 1419 4656 lateranense

160 4694 347 4753 indicatrero
360 4694 543 4751 itinerarium
555 4695 696 4766 Anonymi
710 4694 780 4750 sein
792 4692 953 4763 portaria·
965 4695 993 4757 D
1007 4691 1127 4748 titulnrn
1150 4690 1239 4744 senati
1256 4688 1390 4752 Marcelli,
1412 4694 1440 4745 et
1460 4691 1558 4744 iterum
1573 4704 1625 4760 per
1644 4688 1780 4758 porticam
1797 4687 1831 4742 ad

134 4784 216 4841 ninia
226 4783 431 4852 constitutum,
449 4788 478 4838 et
490 4792 651 4853 pergentem
669 4788 744 4840 recta
756 4795 847 4852 nsque
859 4780 894 4837 ad
911 4781 953 4836 ti·
1007 4778 1126 4835 titulum
1143 4776 1191 4831 SS.
1205 4776 1388 4847 apostoloram
1402 4777 1575 4847 pervenisse,
1592 4782 1619 4832 et
1631 4776 1665 4832 ad
1681 4776 1761 4829 Viam
1775 4775 1833 4828 La-

132 4871 202 4928 tnios
209 4871 305 4928 saneti
318 4869 445 4926 llarcelli
459 4876 487 4925 et
497 4876 661 4927 sanctorum
671 4869 823 4926 duodecim
834 4874 954 4938 aposto-
1008 4872 1186 4927 teranensem,
1199 4880 1262 4935 quae
1272 4865 1325 4934 (nti
1337 4879 1369 4921 ex
1384 4865 1470 4922 titulo
1482 4866 1620 4921 sectionis
1630 4861 1758 4934 apparet)
1768 4862 1835 4919 ine-

131 4957 229 5027 iornm,
242 4959 445 5015 sinistrorsum
460 4957 576 5028 quidem
592 4959 699 5015 vidisse
710 4955 952 5028 Pariter-inmani
1008 4961 1053 5010 rat
1066 4952 1223 5010 constituta
1240 4953 1327 5021 nujus
1342 4955 1458 5009 itineris
1473 4958 1555 5008 meta.

131 5045 276 5119 legendnm
290 5051 393 5117 putant
405 5048 597 5111 Peritumtam,
610 5047 663 5104 boe
678 5052 721 5103 est
733 5045 872 5102 ambitum
886 5050 955 5102 tur·
1042 5046 1226 5100 Dextrorsum
1243 5054 1309 5096 vero
1318 5046 1431 5097 constat
1445 5043 1597 5098 adnotasse
1608 5038 1727 5098 titulum
1739 5041 1832 5098 sancti

130 5133 248 5192 riumffl
262 5149 279 5191 a
289 5140 372 5205 porta
382 5135 523 5191 Flaminia
541 5136 575 5192 ad
588 5134 802 5210 Pincianam,ln
813 5133 955 5190 moenibns
1008 5133 1152 5188 Laurentii
1169 5133 1199 5185 in
1216 5131 1327 5194 lucino,
1343 5130 1448 5186 deinde
1468 5131 1624 5195 obclusam,
1645 5145 1745 5201 nempe
1764 5130 1835 5187 obe-

130 5228 155 5279 et
173 5224 249 5280 cliro
271 5223 505 5293 campunarum,
527 5237 600 5294 quas
618 5231 767 5280 enumerat
786 5236 848 5294 pag.
868 5218 952 5293 alim
1009 5223 1111 5279 liscum
1128 5221 1268 5292 insignem
1285 5219 1383 5289 Campi
1404 5220 1511 5289 liarlii,
1534 5228 1632 5277 nostra
1652 5222 1738 5277 etiam
1754 5226 1835 5276 aetate

128 5312 229 5369 deinde
248 5311 370 5368 titulum
392 5315 481 5368 saneti
497 5312 633 5375 siluestri,
654 5314 730 5368 unde
751 5327 801 5381 per
818 5314 954 5382 porticum
1006 5312 1145 5382 iacentem
1159 5322 1245 5380 prope
1257 5308 1528 5378 eumdemtitulum,
1540 5311 1624 5381 cujus
1635 5308 1834 5378 parsmaxima

127 5400 169 5472 (ex
187 5402 227 5458 ils
245 5415 312 5473 quae
331 5408 501 5472 supererant
521 5402 551 5457 in
568 5403 672 5471 Campo
690 5400 804 5472 liartlo)
816 5414 902 5468 usqua
916 5398 954 5453 ad
1008 5402 1165 5456 etiamnum
1181 5399 1288 5454 visitur
1301 5399 1329 5454 in
1343 5399 1415 5455 celia
1428 5400 1540 5455 vinaria
1552 5400 1654 5455 domus
1668 5398 1837 5469 privatam

128 5488 287 5547 θοιιιιιιιιαιιι
299 5491 479 5548 ΑΝΤΘΝΙΝΙ
489 5491 599 5562 (nempe
618 5491 652 5544 ad
665 5489 829 5546 Coebiidern
843 5489 880 5543 bi.
891 5486 954 5542 An·
1008 5487 1165 5544 aNardino
1178 5486 1356 5545 describitur
1369 5487 1421 5544 lib.
1436 5502 1475 5559 rr,
1491 5502 1553 5557 cap.
1568 5485 1594 5556 6,
1612 5498 1674 5557 pag.
1692 5483 1755 5551 abl,
1773 5499 1834 5541 me-

128 5579 190 5637 relii
208 5578 366 5651 Antonini)
380 5592 559 5649 progressum
583 5580 613 5634 in
624 5579 746 5634 sinistra
765 5575 954 5646 pertransisse
1009 5581 1137 5633 morante
1152 5589 1238 5647 prope
1259 5576 1334 5634 bunc
1354 5576 1523 5646 obeliscum,
1543 5575 1605 5632 loco
1621 5574 1690 5646 styli
1707 5581 1833 5633 erectum
