3892 6136
119 261 185 323 issi
277 224 280 229 ’

510 266 669 328 HISTOth
687 265 732 323 DE
750 265 838 323 vinis
858 263 941 321 noll.
961 263 1060 321 PONT-
1073 293 1111 307 -
1128 266 1157 323 S.
1171 267 1421 328 TELESPHORUS.

1752 266 1822 328 titia

120 391 276 449 circulum.
306 393 471 464 Telesphort
494 397 570 452 enlm
590 399 672 452 etate
695 394 851 466 plurimum
876 406 943 464 per-
957 384 987 448 A
1000 393 1125 452 llomana
1139 399 1232 465 modo,
1242 399 1288 454 sed
1302 399 1387 454 etiam
1399 398 1428 453 in
1439 398 1584 455 recentius
1594 397 1762 455 lundatisin
1773 398 1820 452 llo

121 462 255 519 lectionis
273 467 419 536 accepisse
430 467 505 524 ritus
515 468 612 525 eodem
624 468 653 523 in
665 466 826 536 potioribus
836 470 944 536 myste-

119 536 173 591 riis
190 535 343 607 religionis
363 543 466 594 nostrae
481 538 676 597 anniversaria
690 537 855 595 celebritate
870 549 943 592 iero·

118 606 213 663 leodis
234 606 320 675 probe
346 609 559 682 intelligimus,
580 611 603 666 si
625 611 803 679 complexum
823 606 944 664 attendi·

120 691 183 734 mus
206 680 296 735 trium
312 681 491 737 decretorum
507 697 570 753 quae
586 683 633 738 hic
650 687 843 738 memomntur
858 694 873 735 a
887 680 943 734 Te-

119 749 253 818 lesphoro
270 758 436 821 prescripta,
462 767 551 823 eaque
566 767 764 824 comparamus
780 765 844 808 cum
859 749 943 806 testi-

120 820 553 886 moniist'atrumistiussstatis,
565 839 667 891 mores,
684 824 798 880 accitus
808 821 944 879 Christia-

118 905 220 948 norum
232 894 454 966 attingentibus,
468 902 606 966 quantum
622 896 682 952 illis
693 894 824 965 permisit
833 891 943 949 cautela

117 964 944 1038 saocnorisdtsciptinaenostras,nequelutdelibusneque

117 1035 333 1092 catechumenis
370 1043 430 1093 tum
452 1041 592 1106 temporis
606 1040 736 1108 apertius
751 1035 941 1107 propalante.

115 1106 284 1178 Triaigitur
305 1108 362 1163 baec
374 1108 487 1165 decreta
501 1109 666 1181 Telesphori
683 1108 863 1165 manifestant
875 1106 943 1162 cele·

116 1177 250 1234 britatem
273 1179 347 1234 ritus
367 1181 463 1248 potius
484 1194 568 1252 quam
593 1182 632 1236 rei
658 1181 869 1237 institutionem
882 1190 944 1232 esse

116 1247 161 1305 illi
173 1248 358 1305 tribuendam
373 1270 379 1305 :
396 1258 425 1307 iit
434 1252 547 1308 scilicet
556 1252 600 1309 lex
613 1267 629 1308 a
640 1252 812 1321 Telesphoro
825 1248 940 1319 perscri-

119 1326 166 1391 pta
177 1333 234 1376 non
248 1321 390 1377 invexerit
404 1323 432 1378 in
448 1324 600 1379 Ecclesiam
623 1337 729 1380 morem
745 1322 849 1392 jejunii
864 1320 946 1389 Qua-1

115 1392 296 1474 dragesimae,
308 1393 366 1462 jam
377 1392 412 1449 ab
423 1396 563 1464 apostolis
576 1395 768 1451 inductumex
784 1392 945 1449 imitatione

115 1462 227 1519 Christi
256 1464 381 1534 Domini,
404 1465 488 1535 cujus
512 1467 672 1537 exemplum
698 1466 778 1535 ipsis,
801 1479 834 1520 ac
862 1461 945 1519 nobis

116 1547 219 1590 norma
232 1535 344 1590 vivendi
359 1538 535 1606 propositum
551 1537 794 1608 semperluitased
806 1542 837 1592 ut
853 1536 882 1591 in
896 1547 943 1590 se-

116 1610 192 1733 Ειιιιιι
218 1605 448 1664 hebdomadibus
471 1608 723 1682 Quadragesimam
745 1605 945 1664 constituenti·

998 466 1108 536 clesiis,
1119 470 1203 525 ausit
1215 470 1310 539 ipsius
1325 468 1458 525 dduciam
1471 470 1506 526 ad
1520 470 1727 538 impetrandum
1738 483 1755 524 a
1765 471 1821 524 beo

998 538 1134 607 spiritum
1147 541 1275 602 consilii,
1289 546 1320 596 ut
1329 541 1417 597 certis
1427 539 1601 597 lectionibus
1612 540 1820 608 utriusqueTe·

999 613 1132 690 stamenti
1145 613 1321 682 prescriptis
1333 625 1381 682 per
1393 617 1498 682 septem
1509 612 1615 682 ieiunii
1631 610 1821 666 hebdomadas

1002 694 1032 736 in
1043 681 1265 755 Quadragesima
1279 683 1521 752 pararetliomioo
1533 682 1641 751 plebem
1658 681 1818 751 perlectam.

1000 751 1036 806 Ut
1050 767 1115 809 vero
1129 754 1156 809 id
1181 754 1303 811 leliciter
1317 756 1415 811 cedere
1433 754 1646 821 animadvertit,
1669 766 1823 808 conversus

998 825 1084 879 etiam
1102 826 1135 881 ad
1154 826 1321 881 Natiuitatis
1335 826 1491 883 [lominica
1504 825 1636 896 mysteria
1649 823 1731 880 cultu
1745 823 1822 879 eele-

998 893 1090 950 briori
1106 896 1293 966 disponenda,
1312 898 1471 954 iterandum
1487 910 1519 952 ea
1535 903 1616 952 nocie
1627 896 1758 952 divinum
1773 908 1822 949 sa-

998 966 1141 1023 critlcinm
1154 969 1287 1037 pracepit
1300 987 1305 1022 :
1323 967 1443 1025 tortasse
1453 975 1484 1024 ut
1496 968 1658 1024 consuleret
1667 966 1823 1022 affluentiae

1000 1037 1140 1095 bdelium.
1162 1040 1318 1108 plurimum
1338 1047 1429 1097 auctae
1451 1039 1506 1095 sub
1520 1040 1681 1095 alexandro
1695 1051 1728 1092 ex
1751 1050 1823 1092 coo-

998 1110 1129 1164 versione
1145 1111 1276 1167 Romanae
1290 1110 1453 1166 nobilitatis
1470 1112 1504 1166 ad
1522 1110 1680 1177 Christum,
1692 1122 1750 1178 quo
1761 1107 1824 1163 sci-

999 1180 1067 1236 licet
1077 1181 1188 1250 copiam
1199 1182 1450 1239 sacrisassistendi
1462 1182 1636 1252 parationem
1648 1177 1822 1249 praeberetis

1000 1258 1078 1307 tanta
1102 1252 1294 1309 solemnitate.
1325 1255 1474 1324 llymmnm
1506 1266 1621 1323 quoque
1648 1250 1821 1317 angelicum,

999 1335 1029 1378 ea
1041 1327 1122 1378 nocte
1136 1325 1343 1382 concinendum
1360 1325 1497 1380 statuisse
1516 1323 1617 1387 lertur,
1636 1323 1670 1379 ad
1686 1321 1823 1379 benebcia
1909 1368 1917 1379 .

1001 1395 1143 1464 praeterita
1166 1395 1314 1452 recolenda
1337 1403 1424 1466 partae
1441 1396 1519 1466 pacis
1530 1397 1618 1451 Deum
1635 1395 1710 1450 inter
1727 1399 1755 1448 et
1769 1392 1824 1447 ho-

1002 1467 1102 1531 mines,
1118 1472 1204 1536 atque
1221 1467 1249 1522 in
1269 1468 1425 1523 Nativitate
1439 1467 1547 1523 Christi
1564 1466 1753 1522 annuntiatae.
1774 1462 1825 1518 llis

1001 1535 1093 1602 igitur
1104 1538 1288 1594 incrementis
1299 1554 1348 1608 pro
1363 1545 1523 1608 temporum
1534 1538 1750 1607 opportunitate
1760 1540 1824 1617 apte

998 1607 1162 1678 dispositis,
1179 1610 1213 1665 ad
1227 1608 1421 1666 celebritatem
1441 1609 1618 1680 jejuniorum
1632 1613 1661 1664 et
1677 1606 1825 1663 Paschatis

137 1691 172 1732 us
185 1677 423 1734 certusdelectus
439 1695 552 1749 precum
568 1681 758 1751 stabiliretur,
775 1679 943 1747 apteiltspo·
999 1694 1079 1749 aeque
1099 1694 1133 1735 ac
1160 1682 1327 1737 Nativitatis
1350 1682 1506 1737 Dominica·
1527 1679 1703 1736 recolendam
1727 1677 1825 1732 Teles-

116 1761 190 1805 neos
202 1750 236 1804 ad
261 1750 395 1819 mysteria
410 1751 558 1808 Paschalia
582 1753 659 1809 clero
674 1758 700 1808 et
726 1752 831 1822 populo
845 1750 944 1806 devote
957 1748 983 1809 Β

115 1818 297 1890 celebranda,
319 1827 345 1876 et
364 1822 574 1892 adbaptismum
588 1825 670 1880 novis
686 1823 818 1880 Ecclesiae
838 1819 945 1876 letibus

115 1891 380 1948 administrandum
415 1895 716 1965 praevtudisposiuoie
749 1893 943 1959 catecheseon,

117 1970 147 2017 et
159 1963 381 2032 scrutiniorum,
420 1980 461 2021 uae
475 1981 539 2022 cuni
558 1966 833 2050 geniculationibus,
848 1970 945 2032 etpre-

116 2033 407 2106 eigiliiseloratiooi
433 2052 466 2094 ns
477 2038 588 2094 crebris
599 2039 655 2107 jam
678 2045 739 2094 tum
754 2042 884 2105 oportere
898 2033 946 2090 ob·

116 2105 226 2161 servari
244 2104 280 2161 ab
299 2107 476 2178 ingressuris
493 2110 527 2165 ad
559 2109 734 2172 baptismum
749 2107 947 2163 Tertullianus

116 2175 266 2305 presbyter
282 2178 428 2246 proximus
440 2180 605 2250 Telesphori
618 2181 694 2238 aetati
704 2181 906 2237 commemorat
917 2176 946 2232 iii

130 2246 197 2304 ibro
216 2261 299 2319 quem
323 2250 358 2306 de
377 2253 474 2307 eodem
499 2262 677 2310 sacramento
689 2251 853 2323 perscribit.
869 2249 946 2305 Siata

117 2332 188 2376 vero
211 2325 337 2388 tempora
357 2322 542 2379 solemnioris
565 2324 700 2392 baptismi
723 2320 945 2380 administrandi

120 2404 173 2519 fer
184 2403 245 2446 eam
259 2398 367 2448 aetatem
382 2407 445 2449 cum
455 2395 692 2452 haberenturnon
703 2402 813 2452 tantum
831 2391 946 2464 pascha·

132 2463 161 2518 ia
180 2463 412 2520 Resurrectiouis
439 2467 606 2533 Dominicae,
630 2475 658 2524 et
681 2470 868 2531 Pentecostes,
897 2463 944 2519 sed

117 2533 208 2590 etiam
225 2534 372 2603 Natalitia,
389 2542 417 2591 et
429 2537 608 2607 Epiphania,
623 2553 685 2608 quae
701 2541 738 2594 ita
749 2539 849 2607 juncta
861 2535 946 2590 Nati-

118 2606 204 2662 vitati
229 2613 308 2672 sunt,
328 2612 359 2662 ut
385 2609 460 2677 apud
483 2610 626 2681 AEgyptios
642 2612 758 2667 dicatur
778 2609 874 2664 eadem
898 2605 947 2661 die

119 2683 245 2746 utraque
270 2677 438 2756 solemnitas
464 2680 605 2737 celebrata
628 2681 876 2752 (quemadmodum
901 2681 947 2733 Ec-

120 2747 213 2803 clesia
226 2749 324 2804 Latina
343 2750 603 2808 manilestationem
618 2754 745 2809 Domini.
756 2751 945 2821 baptismum,

118 2819 332 2876 etmiracutum
348 2823 513 2891 nuptialein
527 2823 807 2893 Epiphaniarecolia
822 2835 852 2878 se
865 2827 949 2877 testa·

1001 1751 1084 1877 phoci
1100 1753 1213 1808 decreta
1225 1753 1427 1809 instruxerunt
1439 1754 1571 1809 llomanae
1585 1750 1716 1807 Ecclesiae
1728 1749 1826 1805 Ritua·

1011 1821 1157 1878 eslibros:
1173 1837 1295 1892 quorum
1308 1821 1656 1880 indiciasatismaniiesta
1666 1821 1749 1877 nobis
1759 1833 1826 1888 prae·

999 1900 1113 1949 servant
1127 1894 1379 1966 lpotogtatustini
1393 1895 1536 1967 martyris,
1552 1902 1580 1950 et
1591 1894 1698 1964 scripta
1709 1890 1826 1948 Tertul-

1002 1964 1083 2021 liani.
1099 1965 1177 2035 Quod
1195 1968 1270 2022 enim
1288 1969 1411 2035 pertinet
1428 1967 1462 2022 ail
1478 1968 1565 2022 ritum
1584 1966 1761 2036 ieiuniorum
1778 1975 1823 2018 so-

1003 2036 1139 2093 lemnium
1154 2052 1203 2108 per
1215 2037 1477 2110 Quadragesiniam,
1492 2035 1673 2094 manifestum
1686 2042 1731 2091 est
1743 2048 1824 2090 com-

1002 2108 1114 2177 paranti
1129 2111 1204 2165 ritus
1219 2117 1413 2166 memoratosa
1423 2108 1612 2178 Tertulliano,
1625 2107 1825 2176 indicatosque

1001 2180 1155 2247 atestino,
1171 2187 1258 2251 atque
1275 2181 1344 2237 adeo
1366 2187 1519 2251 usurpatos
1532 2181 1657 2236 secundo
1670 2178 1775 2235 seculo
1790 2177 1826 2233 de

1002 2264 1059 2321 quo
1086 2251 1243 2319 loquimur,
1268 2266 1333 2308 oiim
1357 2253 1513 2324 descriptis
1536 2251 1571 2307 ab
1592 2251 1756 2321 Augustino
1777 2261 1825 2318 per

1002 2328 1135 2392 quartum
1150 2324 1298 2392 saeculum,
1312 2338 1327 2379 a
1342 2323 1457 2382 Gelasio
1472 2337 1547 2385 vero,
1557 2328 1585 2379 et
1599 2321 1761 2392 aGregorio
1772 2321 1826 2375 lda-

1001 2407 1057 2465 gno
1078 2395 1106 2449 iii
1120 2395 1249 2451 ordinem
1266 2396 1434 2460 liomanum,
1449 2402 1477 2451 et
1491 2396 1520 2451 in
1536 2393 1763 2450 sacramentaria
1777 2404 1826 2447 re-

1000 2466 1098 2521 ductis
1108 2466 1221 2537 quinto,
1232 2474 1321 2530 sesto,
1333 2466 1664 2530 etconsecutissaeculis,
1679 2463 1754 2519 nihil
1765 2473 1827 2518 esse

1001 2536 1141 2593 similius.
1155 2559 1168 2589 ι
1183 2538 1404 2608 lngressurosad
1419 2538 1594 2608 baptismum
1607 2534 1828 2608 (aitTertullla-

1003 2608 1186 2679 uusloqueiis
1196 2610 1230 2666 de
1241 2610 1493 2675 solemniPaschael
1506 2607 1688 2666 orationibus
1704 2605 1824 2674 crebris,

1000 2680 1826 2760 jejuniisetgeniculationibus,etpervigiliisoiareopor-

1004 2758 1053 2820 tet,
1065 2757 1120 2807 etc.
1133 2769 1146 2802 i
1158 2753 1222 2808 llaec
1235 2759 1404 2822 nempesunt
1413 2752 1564 2816 scrutinia,
1574 2766 1637 2878 3⁰ae
1647 2754 1785 2806 vocantur
1797 2760 1826 2802 in

1005 2822 1171 2879 Ritualibos
1183 2825 1316 2880 Romanae
1327 2823 1513 2887 Ecclesiam
1531 2837 1572 2878 me
1597 2825 1660 2878 iana
1672 2820 1828 2890 prasertim

120 2889 398 2961 tur);coiisequens
411 2904 481 2961 erat,
505 2901 537 2951 ut
551 2896 718 2951 Nativitatis
741 2895 827 2951 etiam
847 2892 949 2948 Domi·
1005 2894 1182 2951 hebdomade
1207 2896 1323 2953 illarum
1344 2903 1462 2965 septem,
1489 2908 1551 2965 quae
1577 2891 1827 2964 Quadragesimam

119 2962 206 3029 nice,
218 2963 482 3031 etsspiphauiorum
499 2967 575 3023 ritus
586 2967 746 3035 peculiares
757 2966 949 3033 hiscemvste-
1003 2967 1195 3036 constituunt,
1216 2974 1243 3022 et
1256 2968 1314 3035 jam
1329 2972 1387 3022 tum
1399 2964 1612 3022 constituebant
1622 2965 1705 3034 J'uiita
1718 2962 1771 3017 hoc
1781 2960 1830 3015 dc·

120 3033 180 3091 riis
190 3034 393 3091 convenienter
407 3037 649 3094 administrandis
667 3042 834 3108 aptarentur
845 3050 861 3091 a
874 3034 950 3092 Tele·
1003 3037 1278 3106 eretumTelesphori
1288 3038 1576 3107 ipsoadministrante
1586 3033 1828 3105 poiititlcatum,et

119 3104 231 3174 sphoro
247 3105 276 3160 in
293 3105 389 3163 titulis
405 3108 550 3175 Romanis,
568 3124 641 3180 quos
658 3111 758 3180 paucis
772 3115 838 3164 ante
853 3108 948 3177 ipsum
963 3123 987 3185 c
1006 3108 1194 3176 undemajora
1206 3109 1340 3177 jejuniaa
1352 3109 1484 3165 Patribus
1495 3107 1639 3176 appellata
1653 3104 1745 3160 solent
1758 3108 1828 3157 vete·

119 3175 209 3231 annis
236 3177 374 3233 diviserat
392 3176 427 3234 25
457 3181 630 3252 presbyteris
657 3182 816 3236 Evaristus.
846 3177 947 3233 Proiii-
1004 3177 1827 3248 resauctoresarcessere,viveodiapudll.P.l).llartene

120 3260 189 3303 mus
206 3248 327 3304 Eiaristi
350 3263 499 3307 successor
519 3253 679 3309 Alexander
698 3253 795 3307 statim
811 3249 949 3306 actitulis
1002 3250 1180 3319 deantiquis
1188 3250 1321 3305 Ecclesiae
1337 3250 1444 3305 ritibus
1457 3256 1542 3317 tomo,
1552 3247 1642 3304 etlib.
1656 3261 1675 3315 i,
1694 3246 1778 3300 artic.
1793 3257 1825 3325 ¹.¹·

120 3318 298 3391 singillatim
313 3320 459 3389 praelectus
475 3324 547 3380 vidit
566 3338 582 3378 a
596 3325 745 3380 decessore
757 3321 947 3392 presbyteros,
1004 3322 1042 3375 lis
1057 3320 1106 3375 illa
1126 3320 1308 3388 hebdomade,
1331 3335 1364 3375 ac
1385 3321 1535 3376 Doininica
1549 3319 1678 3375 mediana
1696 3316 1725 3371 in
1736 3329 1827 3371 sacris

120 3390 214 3461 legem
225 3391 493 3459 scriptamccnonis
504 3395 666 3464 quotidiani
680 3393 816 3450 sacrificii
830 3398 947 3448 contra·
1006 3392 1187 3460 quotidianis
1216 3391 1361 3463 Evangelii
1384 3392 1532 3447 lectionem
1556 3405 1594 3446 eii
1610 3392 1716 3445 loanne
1741 3384 1828 3441 lerme

120 3461 246 3518 deudam
268 3461 328 3517 illis
351 3464 471 3534 curavit,
491 3472 518 3522 et
539 3467 682 3536 passionis
703 3466 860 3522 Dominicae
887 3477 950 3518 me-
1004 3464 1106 3517 dietim
1126 3462 1250 3518 Fcclcsia
1265 3463 1389 3518 Romana
1413 3468 1583 3519 mutuatur:
1607 3461 1728 3516 inicium
1745 3457 1828 3527 plane

123 3531 258 3600 moriam,
272 3546 289 3588 a
310 3533 418 3590 Christi
443 3537 536 3606 prima
550 3537 735 3593 institutione
750 3542 778 3592 et
789 3536 825 3591 ab
839 3540 949 3605 aposto·
1007 3531 1189 3588 manifestum
1206 3534 1295 3603 hujus
1310 3534 1439 3590 delectus
1454 3547 1508 3588 non
1524 3532 1614 3588 habiti
1629 3537 1695 3586 aute
1709 3530 1826 3585 initium

124 3603 220 3659 lorum
235 3604 391 3661 traditione
409 3609 590 3664 continenter
613 3608 757 3679 alligatam
775 3625 784 3677 3
800 3607 868 3662 licet
888 3611 949 3661 tum
1005 3604 1123 3660 secundi
1137 3605 1235 3660 saeculi
1250 3603 1577 3671 ,cumdilectusChristi
1589 3601 1828 3673 apostolusllvan-

124 3687 201 3740 eam,
216 3680 276 3730 tum
298 3674 448 3733 lormulaoi
471 3685 615 3734 certorum
633 3678 783 3734 verborum
806 3679 841 3734 ad
860 3689 951 3732 sacra·
1006 3676 1111 3743 getium
1126 3690 1210 3731 suom
1222 3675 1829 3743 seriiismandaveritlitteris,quamutan-

124 3744 216 3800 menti
232 3746 425 3817 integritatem
448 3751 652 3820 pertinentium
667 3756 772 3805 sartam
790 3755 950 3818 tectamque
1006 3752 1049 3802 tea
1064 3746 1117 3818 legi
1139 3747 1276 3816 potuerit.
1294 3748 1378 3804 Ritus
1398 3761 1464 3804 vero
1486 3747 1694 3803 scrutiniorum
1710 3756 1759 3813 per
1777 3742 1829 3798 has

124 3818 525 3885 sempercustoditamsctret,
545 3821 757 3892 praeviiatameii
769 3819 951 3890 precibus,ac
1007 3817 1197 3874 hebdomadas
1205 3833 1313 3875 coaevos
1324 3819 1471 3875 habendos
1481 3831 1544 3874 esse
1554 3831 1618 3873 cum
1632 3815 1778 3897 plerisque
1788 3812 1827 3868 il-

124 3886 236 3944 ritibus
247 3889 282 3944 ad
298 3889 425 3959 eiusdem
450 3893 594 3961 passionis
608 3892 753 3948 tremenda
767 3893 901 3963 mysteria
913 3897 950 3946 at·
1007 3888 1100 3945 lorum
1117 3892 1365 3959 consequentium,
1382 3904 1455 3961 qiios
1471 3902 1645 3959 usurpamus
1661 3887 1763 3954 inipsa
1775 3898 1830 3967 ma·

124 3958 394 4018 tentiusrccoleitda
405 3965 590 4033 sacerdotem,
603 3965 763 4031 ministros,
776 3970 803 4019 et
816 3964 950 4032 populum
1005 3962 1062 4030 jori
1085 3960 1280 4027 hebdomada3
1302 3962 1452 4031 sacrisque
1473 3958 1652 4016 solemnibus
1667 3955 1739 4013 feria
1752 3969 1782 4011 vi
1799 3968 1828 4010 in

124 4030 323 4087 excitantibus
359 4033 507 4102 instruxit,
545 4043 575 4090 ut
606 4035 720 4091 abunde
758 4034 862 4090 notavi.
896 4035 953 4089 lloc
1009 4035 1170 4093 Parasceve,
1186 4039 1213 4088 et
1225 4032 1347 4089 Sabbato
1366 4038 1474 4099 sancto,
1490 4039 1517 4087 et
1534 4027 1768 4088 Paschalidiead
1783 4040 1830 4083 no·

124 4100 214 4157 etiam
248 4102 383 4159 instituto
418 4107 551 4174 providit,
587 4113 618 4162 ut
644 4105 718 4162 iiibil
747 4107 893 4162 diversum
923 4105 952 4160 in
1007 4110 1094 4159 stram
1106 4110 1215 4159 etatem
1228 4117 1260 4159 eii
1273 4104 1352 4160 hisce
1366 4102 1496 4158 lontibus
1513 4103 1667 4168 derivatos,
1681 4099 1831 4170 perspicue

125 4170 225 4227 titulis
247 4173 403 4245 presbyteri
430 4177 598 4234 inducerent
626 4177 661 4234 ab
685 4192 717 4234 eo
745 4179 819 4248 quod
845 4176 952 4233 servari
1007 4175 1202 4244 comtemplari
1223 4189 1376 4243 possumus
1399 4175 1428 4229 iii
1443 4174 1582 4245 Apologia
1603 4175 1694 4242 prima
1708 4169 1829 4237 tustini,

125 4255 179 4313 per
215 4244 382 4369 episcopum
420 4249 549 4305 viderent
580 4249 608 4304 in
646 4250 829 4319 quotidianis
861 4250 953 4304 sacris
1008 4240 1831 4318 sect.35.ubirecensbaptizatosdeducensesacrofonte

125 4325 258 4391 exempo
280 4317 484 4386 apostolorum.
511 4320 573 4375 Pari
595 4322 687 4393 igitur
711 4335 781 4376 ciira
799 4334 832 4376 ac
844 4318 954 4376 sollici·
1007 4319 1041 4374 ad
1054 4319 1182 4389 synaxim
1201 4332 1266 4374 cum
1281 4320 1393 4375 caeteris
1407 4318 1540 4375 ildelibus
1557 4317 1765 4382 celebrandam,
1777 4314 1831 4396 de-

127 4384 232 4440 tudine
244 4384 443 4458 Telesphorus,
463 4398 612 4462 postquam
625 4397 753 4448 curatam
769 4392 843 4447 vidit
863 4389 953 4461 provi·
1008 4390 1220 4446 scribitseriem
1239 4392 1359 4459 rituum,
1374 4396 1401 4445 et
1418 4405 1543 4460 precum,
1557 4396 1639 4445 vetate
1652 4385 1828 4454 Telesphori,

124 4455 230 4538 denter
244 4456 503 4530 legemquotidiaoi
513 4463 661 4534 sacrificii,
671 4465 790 4533 ejusque
802 4465 912 4519 rituum
923 4462 951 4516 iu
969 4474 1040 4559 Dac
1053 4475 1103 4516 sua
1115 4468 1302 4517 servatorum.
1316 4463 1355 4516 ita
1370 4469 1546 4530 conceptam,
1560 4467 1591 4515 ut
1605 4457 1695 4536 videri
1706 4455 1830 4525 potuerit

126 4524 226 4583 titulis
240 4542 288 4596 per
302 4531 506 4594 Alexandrum,
523 4534 635 4590 censuit
649 4534 705 4590 sibi
720 4548 782 4590 esse
796 4534 954 4590 consulem·
1007 4532 1250 4602 compendiariam
1261 4533 1417 4603 imaginem
1432 4546 1464 4586 es
1480 4529 1573 4587 officio
1589 4529 1709 4609 majoris
1720 4524 1831 4608 hebdo-

125 4597 210 4666 dum,
227 4606 267 4680 ut
294 4602 322 4656 ln
349 4603 450 4660 iisdem
475 4605 571 4661 titulis
586 4618 681 4660 annua
704 4619 783 4661 sacra
810 4607 951 4674 potiorum
1009 4604 1097 4658 madae
1117 4601 1236 4658 Ordinis
1263 4604 1392 4670 numani,
1416 4601 1574 4669 Gelasiani,
1594 4601 1773 4679 Gregoriani,
1797 4608 1831 4651 ac

126 4667 328 4751 celebritatum
353 4675 500 4732 Paschalis
520 4684 547 4732 et
572 4676 953 4747 Nativitatishivcllpipha-
1008 4675 1099 4730 nostri
1110 4673 1231 4729 fideliter
1241 4674 1531 4744 transcripsisse,nisi
1541 4669 1829 4749 anteipseedidisset,

127 4741 323 4822 niaenllomini)
345 4748 495 4804 occasione
517 4748 652 4818 baptismi
669 4748 807 4803 solemnis
822 4755 890 4804 tunc
907 4748 954 4803 ad·
1008 4759 1093 4816 quain
1107 4743 1285 4808 Gelasius,ei
1300 4745 1467 4816 Gregorius,
1481 4752 1510 4799 et
1522 4742 1612 4799 nostri
1624 4739 1829 4797 Ritualeslibri

128 4810 315 4871 ministrandi
341 4815 550 4884 frequentiores
565 4830 657 4875 coetus
676 4818 803 4875 lidelium
820 4819 953 4874 habitura
1008 4817 1142 4872 ordinem
1157 4816 1261 4886 missae,
1273 4817 1517 4886 eapeoilisseiitad
1530 4819 1716 4870 memoratum
1724 4810 1831 4867 sabba-

127 4881 375 5008 (iguandoquidem
411 4890 446 4946 ad
478 4890 663 4961 baptismum,
697 4899 725 4946 et
756 4890 952 4959 penitentiam
1009 4893 1121 4957 tum,et
1133 4888 1310 4943 Dominicam
1323 4887 1552 4943 Resurrectionis
1564 4893 1626 4954 post
1639 4885 1831 4964 ordinemse-

126 4967 157 5035 ιι,
170 4955 387 5014 ministrandam
402 4961 478 5017 tituli
492 4962 633 5032 precipue
644 4961 756 5019 fuerant
768 4961 905 5028 instituti,
924 4966 954 5016 ut
1009 4957 1113 5015 lemnis
1125 4958 1273 5028 baptismi.
1287 4961 1326 5016 lta
1339 4959 1413 5014 euiiii
1422 4958 1525 5014 scribit
1540 4955 1832 5026 ‘llpsicibetcllertit

126 5025 238 5106 diserte
251 5027 374 5100 legimus
388 5046 465 5087 oiim.
480 5031 509 5088 ll
523 5040 551 5089 et
565 5033 610 5106 31)
625 5041 728 5090 certam
745 5033 833 5104 legem
844 5032 951 5088 rituum
1009 5028 1038 5085 n.
1059 5032 1086 5084 P.
1103 5030 1267 5086 loachimiis
1284 5030 1433 5086 Perionius
1444 5029 1666 5086 benedictinus:
1684 5026 1831 5107 ‹iNosau-¹

126 5094 303 5168 obtinerent,
317 5115 373 5170 qua
386 5103 475 5172 pietas
489 5106 695 5163 confluentium
713 5107 811 5176 aptius
824 5104 954 5173 dispone·
1009 5108 1074 5168 tem,
1088 5109 1236 5170 postquam
1250 5100 1451 5163 itaabluimus,
1463 5100 1829 5180 ciipiavimusqueeumqui

127 5173 211 5222 retur
227 5182 277 5238 per
292 5173 403 5229 easdem
418 5174 598 5233 celebritaies
613 5177 648 5233 ad
662 5176 782 5248 gloriam
797 5178 855 5232 Deo
867 5174 953 5231 eihi-
1007 5172 1142 5241 credidit,
1158 5178 1186 5228 et
1198 5185 1333 5230 assensus
1346 5179 1399 5242 est,
1413 5174 1523 5230 eumad
1540 5174 1650 5241 eosqui
1664 5170 1767 5227 fratres
1781 5170 1832 5223 di·

124 5237 262 5303 bendam,
284 5248 312 5297 et
335 5258 392 5301 iino
414 5246 520 5316 spiritu
542 5262 655 5320 unaque
670 5262 735 5305 voce
759 5247 954 5304 honorilicau-
1008 5253 1115 5300 cuntur
1131 5244 1268 5300 ducimus
1295 5259 1360 5301 eum
1386 5246 1413 5300 iii
1443 5244 1535 5300 locum
1557 5257 1614 5314 qno
1637 5245 1831 5300 convenerunt

124 5309 198 5393 dum
222 5313 320 5385 iteum,
344 5322 376 5372 ut
397 5318 520 5387 apostoli
538 5333 590 5376 nos
612 5325 791 5388 monuerant.
817 5321 953 5375 Procura-
1008 5315 1304 5386 comprecandieausa
1314 5318 1457 5372 contentis
1467 5315 1584 5382 animis,
1597 5321 1625 5370 ct
1637 5327 1733 5385 prose,
1745 5320 1831 5382 etpio

125 5381 202 5464 troni
220 5383 376 5443 Alexandri
399 5390 455 5444 luit
470 5392 635 5459 adjumento
651 5391 888 5460 complementum
902 5402 954 5444 ca·
1008 5402 1041 5445 eo
1054 5388 1104 5459 qui
1123 5387 1287 5443 illustratus
1298 5392 1352 5455 est,
1368 5387 1561 5458 omnibusque
1573 5385 1642 5443 aliis
1655 5387 1705 5457 qui
1724 5385 1830 5454 ubique

125 5465 215 5509 nonis
237 5453 377 5514 librorum
399 5461 470 5516 Novi
492 5463 677 5531 Testamenti,
704 5463 731 5515 in
747 5461 865 5517 loannis
880 5474 953 5531 opo-
1008 5468 1087 5526 sunt,
1098 5465 1130 5515 ut
1142 5466 1170 5515 et
1183 5458 1512 5530 veritatisdlscipuli,et
1524 5459 1617 5528 reipsa
1629 5458 1830 5514 bonaesanctae

124 5522 197 5580 stoli
211 5532 303 5585 morte
321 5537 465 5600 peractum
479 5551 485 5586 ε
506 5541 538 5589 ut
555 5541 648 5603 posset
658 5547 673 5587 a
685 5533 807 5601 receptis
818 5544 907 5600 perse,
919 5546 952 5589 ac
1007 5545 1063 5602 que
1074 5529 1282 5599 vitascultores,
1296 5536 1536 5601 etpraeceptorum
1547 5530 1679 5586 custodes
1687 5529 1830 5599 possimus

125 5594 303 5667 decessores,
316 5606 344 5656 et
356 5603 391 5659 ab
405 5604 536 5660 universa
548 5606 594 5661 ciii
606 5609 725 5687 praeerat
738 5601 953 5659 Ecclesialibris
1008 5602 1144 5665 inveniri,
1168 5608 1201 5657 ut
1221 5609 1354 5658 eternam
1371 5603 1492 5659 salutem
1517 5601 1723 5671 adipiscamur,
1739 5621 1753 5651 i
1767 5602 1830 5657 llaec

126 5667 243 5724 eosdem
259 5671 342 5743 ritus,
356 5680 384 5730 et
397 5690 495 5745 preces
509 5689 564 5731 non
580 5689 685 5758 minus,
698 5687 782 5742 quam
795 5688 810 5729 a
824 5675 944 5730 traditio
1007 5687 1073 5730 vero
1096 5673 1214 5729 omnino
1234 5674 1405 5743 respondent
1424 5673 1508 5731 statis
1535 5672 1667 5740 precibus
1683 5673 1830 5731 Paschalis

125 5737 216 5795 nibus
229 5741 371 5800 derivare.
393 5748 563 5803 Eorumdem
586 5761 651 5803 vero
667 5744 807 5802 librorum
823 5751 954 5802 sacratus
1009 5753 1122 5810 octavae,
1147 5757 1196 5815 per
1209 5759 1281 5816 quas
1294 5759 1311 5802 a
1326 5748 1383 5803 Deo
1398 5758 1624 5815 comprecamur.
1648 5751 1681 5800 ut
1693 5744 1784 5800 renati
1800 5745 1828 5799 ln

125 5821 233 5868 census
248 5814 335 5884 paulo
347 5816 406 5887 jam
420 5818 565 5890 vulgatior
579 5818 633 5874 soh
647 5819 831 5891 Telesphoro,
855 5830 910 5874 non
924 5817 953 5873 in
1004 5816 1119 5876 Christo
1130 5822 1330 5873 sacamentum
1351 5817 1466 5873 uiuendo
1487 5821 1603 5873 teacout
1623 5817 1703 5884 qued.
1712 5815 1846 5880 phenet*
