3892 6136
195 252 263 310 ⁴939

523 383 688 440 sanutus.

231 487 316 544 Linea
328 484 356 543 7.
372 491 455 543 -Et
475 494 653 545 constitutum
672 491 704 543 dr
723 490 844 543 Ecclesia
868 491 943 556 fecit.
970 490 1020 544 Per
1077 523 1083 534 -

196 557 255 614 bec
267 560 434 628 pontiacum
448 568 584 632 tempora,
599 575 721 631 quorum
736 574 826 629 nuper
838 560 1021 616 meminimus

196 635 261 700 post
283 631 498 701 Telesphorum,
523 632 652 703 undique
676 632 858 701 pullularunt
881 630 1018 686 haeretici.

196 721 210 750 r
234 702 364 773 ansque
379 719 437 757 curn
450 704 576 757 Ecclesiae
589 709 721 773 tunquam
740 704 895 756 clarissima
915 703 1021 756 lumina

193 770 246 843 (ait
258 773 401 829 Eusebius
415 773 465 828 ub.
481 788 517 839 tv,
533 787 565 830 ca
589 769 638 842 .Ί,
654 776 725 840 illst,
727 775 739 846 )
758 789 837 827 suam
852 773 1022 842 splendorem

193 858 245 912 per
265 849 350 899 totum
379 850 514 899 terrarum
535 789 625 899 orbern
647 846 833 914 diffudissent,
854 850 879 898 rt
901 845 967 913 fides
990 847 1020 899 in

194 920 358 969 seruatorem
372 931 405 970 ac
417 919 561 971 Dominum
584 922 706 972 nostrum
727 921 818 971 lesum
834 916 970 970 Christum
990 918 1020 969 in

195 987 321 1040 uniuerso
331 984 471 1042 hominurn
484 1003 581 1055 genere
599 1003 760 1055 magnopere
781 989 882 1054 ciperet
896 1005 904 1053 ;
919 986 1019 1041 diabo-

196 1055 242 1111 lus
257 1069 322 1113 osor
339 1056 502 1127 probitatis.
519 1059 649 1115 veritatis
669 1059 818 1124 inimicus,
836 1063 865 1112 et
888 1057 1020 1113 humana

193 1125 299 1184 salutis
310 1140 421 1198 semper
434 1129 526 1185 hostis
536 1128 759 1194 intensissimus,
773 1142 880 1185 ommes
889 1142 956 1183 suas
966 1142 1020 1183 ma·

193 1197 296 1254 chinas
310 1204 338 1254 et
353 1197 482 1257 fallacias
497 1208 596 1256 contra
613 1207 699 1257 totam
719 1201 874 1255 Ecclesiam
890 1213 1017 1265 versans,

192 1268 271 1324 sicut
279 1270 339 1341 jam
355 1271 464 1338 pridem
484 1272 611 1327 externis
628 1271 857 1340 persecutionum
873 1270 1018 1338 procellis,

191 1347 221 1394 et
236 1341 344 1410 impetu
363 1343 500 1397 arisersus
513 1356 573 1397 eam
593 1343 767 1397 dimicarent
783 1359 790 1409 ς
808 1342 851 1396 sic
871 1347 931 1395 tum
951 1342 1021 1408 qui-

191 1411 254 1467 dem
270 1410 375 1467 abillis
386 1412 442 1468 viis
457 1413 633 1482 interclusis,
649 1415 721 1468 viris
736 1411 867 1483 perditis.
883 1419 912 1467 et
926 1412 1019 1481 plenis

193 1483 404 1553 praestigiarum
425 1498 496 1540 usus
520 1484 578 1540 alio
602 1485 775 1540 insidiarum
795 1496 897 1555 genere
923 1498 1020 1553 oppu-

192 1565 289 1620 gnare,
302 1568 457 1625 omnesque
468 1556 529 1611 vias
543 1556 703 1628 excogitare
717 1556 840 1622 studuit,
854 1555 960 1625 quibus
975 1555 1019 1610 his

193 1624 426 1694 praestigiatores,
440 1631 469 1681 ct
485 1627 613 1682 homines
632 1625 808 1683 fraudulenti
831 1625 910 1680 illam
927 1627 1018 1695 ipsam

191 1703 295 1751 nostrae
321 1695 471 1767 religionis
492 1697 714 1767 appeliationem
739 1697 844 1754 callide
861 1695 1020 1766 praeteren-

190 1772 234 1822 tes
264 1778 321 1823 non
353 1767 437 1824 modo
464 1767 561 1826 lideles
596 1768 818 1839 praecipitarent,
852 1769 900 1823 sed
931 1769 1017 1824 etiam

191 1836 257 1893 lidei
289 1837 417 1907 inaros,
450 1840 603 1910 rudesque,
632 1839 668 1895 ah
700 1841 794 1908 aditu,
826 1840 875 1910 qui
903 1839 937 1895 ad
968 1852 1019 1894 sa-

190 1908 283 1965 lutare
301 1853 355 1966 bei
379 1910 500 1967 Verbum
522 1912 644 1981 patebat,
671 1913 787 1981 penitus
808 1914 977 1967 averterent.
1003 1929 1015 1960 ι

190 1980 241 2036 Per
257 1981 564 2050 provinciasaudacter
575 1982 806 2038 disseminabant
819 1995 916 2037 errore
926 1996 995 2038 suas
1008 2001 1015 2050 ς

189 2058 219 2107 at
234 2053 346 2108 hamam
363 2052 388 2108 si
400 2053 576 2114 accederent,
587 2053 623 2109 ab
640 2055 728 2122 hujus
743 2053 875 2108 Ecclesiae
885 2066 1018 2108 commu-

190 2123 275 2178 nione
289 2129 435 2193 separatos
451 2137 481 2179 se
501 2124 593 2180 videri
616 2139 681 2180 cum
710 2125 829 2191 nollent,
854 2125 1016 2179 doctrinam

191 2206 272 2249 suam
288 2193 448 2265 palliabant
460 2195 739 2264 acdissimulabant,
755 2209 809 2251 aron
826 2196 883 2251 nisi
898 2196 1017 2251 remotis

190 2263 311 2320 arbitris
335 2267 461 2323 mmdem
484 2267 605 2323 latenter
628 2268 855 2323 insusurrantes.
878 2268 927 2323 sin
950 2280 1016 2323 vero

188 2335 399 2407 detegerentur,
415 2339 635 2410 exomologesim
656 2352 685 2394 se
706 2337 797 2394 iacere
812 2352 845 2394 ac
865 2345 1017 2394 retractare

189 2405 375 2463 simulabant.
392 2408 494 2465 Verum
512 2411 613 2465 iterata
626 2409 778 2477 cespitatio
792 2411 821 2465 in
846 2412 959 2467 casdem
975 2423 1016 2465 er·

190 2491 270 2535 rores
285 2492 358 2550 quos
374 2480 459 2548 paulo
473 2486 539 2536 ante
554 2480 768 2545 damnaverant,
784 2495 847 2537 cum
867 2481 932 2537 illos
947 2496 1010 2551 pra

188 2550 268 2606 deret
281 2551 419 2620 relapsos,
437 2551 602 2620 pontiacum
618 2553 731 2622 judicio
753 2553 1016 2609 condemnabantur

189 2626 218 2677 et
266 2619 412 2677 liehantur
425 2622 461 2677 ab
477 2622 615 2678 Ecclesia.

250 2705 292 2747 ua
324 2693 418 2747 Roma
454 2692 647 2749 reddebantur
671 2693 794 2761 judicia,
822 2694 1018 2764 sequebantur

79 2812 82 2825 ,
189 2763 296 2835 passim
314 2761 478 2831 pros-incia.
503 2764 683 2819 Montanistae
703 2778 767 2819 cum
791 2764 957 2833 huy'usmodi
974 2765 1018 2820 si-

189 2832 399 2890 mulationibus
414 2834 493 2903 pacis
511 2835 632 2901 litteras,
656 2840 684 2889 et
699 2837 914 2891 communionis
929 2852 944 2890 a
960 2839 1017 2892 ito·

189 2917 270 2962 mana
284 2905 585 2975 sedesubripuissent,
601 2907 706 2976 recepti
720 2904 833 2962 lucrant
846 2906 882 2961 ab
892 2907 1018 2962 Asiano-

189 2983 294 3035 rumet
318 2977 461 3047 Phrygum
485 2976 635 3034 Eccleslis.
654 2979 756 3033 Verum
778 2976 878 3033 iraude
901 2992 1019 3035 eorum-

187 3050 252 3105 dem
265 3047 465 3104 hereticorum
485 3047 598 3105 detecta
623 3051 703 3120 pacis
717 3049 822 3105 litterae
834 3050 893 3119 jam
909 3053 1021 3107 emissa

812 256 989 312 hNhSThSll
1009 256 1280 312 electuruecshu

1033 382 1210 443 Arevocatae
1223 386 1299 436 sunt.
1318 381 1527 437 Testimonium
1542 381 1640 437 reddit
1656 379 1701 435 rei
1718 383 1805 445 gestae
1827 391 1861 432 ex
1874 377 1901 432 il-

1836 253 1898 313 litt

1076 450 1168 578 Ιοιῖιιιι
1177 453 1342 523 gregalibus
1350 453 1699 510 Tertullianusadversus
1710 452 1848 506 Praseam
1856 449 1900 503 suh

1077 537 1118 578 ιιιι
1136 537 1205 580 rum.

1111 612 1150 666 hd
1189 609 1406 668 consumendos
1437 614 1466 669 in
1506 613 1655 683 provincis
1696 611 1851 667 haereticos
1880 617 1899 665 rt

1075 684 1287 748 schismaticos,
1317 684 1538 756 confugiebatur
1555 687 1592 740 ad
1615 690 1748 740 sanctam
1769 683 1844 737 Patri
1863 696 1899 736 sr-

1075 754 1150 820 dem,
1163 762 1300 825 tanquam
1320 756 1354 810 ad
1378 763 1551 839 sequestrem
1568 763 1656 827 atque
1680 754 1836 810 custodem
1857 755 1900 808 do-

1075 827 1188 880 ctrine.
1214 827 1364 882 Persuasio
1382 841 1457 883 enum
1481 830 1658 896 commanis,
1691 832 1768 881 teste
1796 826 1898 887 imnao,

1072 897 1130 964 jam
1143 905 1203 952 tum
1217 898 1339 967 vigebat,
1352 901 1490 968 eamdem,
1504 912 1569 969 quae
1584 898 1619 955 ah
1639 896 1789 968 apostolis
1807 905 1863 950 erar
1878 898 1898 950 ir

1077 967 1202 1023 Ecclesia
1214 966 1583 1040 traditionem,etyeritatis
1595 969 1898 1039 praeconiationemhie

1078 1041 1242 1106 praeservari
1250 1054 1301 1094 sua
1313 1041 1408 1096 nativa
1418 1043 1543 1110 puritate
1552 1042 1718 1111 preditam.
1728 1046 1760 1094 et
1771 1038 1806 1094 ad
1818 1047 1900 1092 etates

1074 1123 1173 1164 ornrres
1188 1111 1345 1166 transmitti
1363 1126 1411 1181 pcr
1423 1114 1635 1168 successionem
1653 1111 1843 1181 pontiacum.
1861 1112 1900 1163 h'o

1075 1187 1134 1235 tum
1164 1182 1239 1236 enim
1267 1190 1338 1248 erat,
1360 1197 1377 1238 a
1402 1184 1519 1239 Christo
1545 1183 1670 1239 Domino
1706 1183 1786 1237 hanc
1820 1182 1898 1235 adca

1074 1253 1259 1308 ‹constitutam
1276 1251 1376 1324 inisse,
1392 1261 1421 1310 ut
1438 1263 1514 1310 esset
1535 1253 1668 1310 risibilis
1689 1253 1900 1318 demonstratio,

1076 1325 1190 1378 unicam
1206 1325 1301 1395 vigere
1317 1326 1345 1379 in
1363 1326 1487 1380 Ecclesia
1500 1326 1636 1391 iidem,et
1651 1326 1777 1379 unicam
1788 1323 1899 1393 regulam

1076 1408 1197 1449 morum.
1215 1415 1228 1446 u
1243 1396 1334 1451 Romae
1350 1394 1475 1452 iundatae
1490 1397 1626 1452 Ecclesia
1640 1397 1743 1462 tidem,
1770 1405 1800 1450 et
1823 1396 1901 1450 tradi·

1074 1466 1900 1538 tionemindicautcsconlunuimus,etc.nacordimuum,

1074 1544 1102 1592 et
1122 1538 1315 1603 successione,
1331 1551 1363 1593 ca
1377 1553 1440 1609 quae
1455 1547 1498 1595 est
1518 1539 1554 1595 ab
1568 1539 1719 1610 apostolis
1741 1539 1775 1593 in
1791 1537 1901 1593 Ecclesia

1075 1608 1193 1664 traditio
1206 1616 1233 1663 et
1248 1612 1379 1665 ueritatis
1393 1611 1578 1680 praconiatio
1600 1613 1744 1680 persenit
1768 1624 1857 1680 usque
1875 1608 1900 1663 ai

1076 1693 1136 1735 nas.
1154 1680 1187 1735 Et
1200 1686 1244 1735 est
1258 1680 1425 1750 plenissima
1441 1681 1501 1738 haec
1516 1684 1660 1748 ostensio,
1680 1694 1787 1741 ranam,
1801 1688 1829 1736 et
1845 1693 1903 1734 ean·

1035 1752 1137 1814 Bdem
1153 1752 1368 1808 vivificatricem
1384 1752 1465 1807 iidem
1481 1767 1554 1821 esse,
1572 1768 1639 1824 quae
1667 1754 1698 1809 in
1727 1753 1855 1808 Ecclesia
1874 1752 1901 1804 ah

1073 1822 1215 1893 apostolis
1230 1837 1320 1893 usque
1336 1837 1413 1880 nunc
1428 1825 1468 1879 sit
1493 1833 1678 1892 conseruata,
1695 1832 1729 1880 et
1759 1826 1860 1878 tradita
1880 1824 1900 1876 ir

1074 1895 1233 1949 veritate.»
1255 1895 1282 1951 S.
1305 1897 1430 1950 irenaeus
1448 1897 1512 1950 ado.
1538 1898 1625 1950 hares
1654 1895 1711 1951 lib.
1738 1910 1785 1963 ιιι,
1804 1909 1861 1962 cap.
1880 1893 1900 1947 l.

1074 1966 1123 2021 llic
1136 1979 1169 2021 ex
1183 1966 1312 2036 antiquis
1327 1966 1470 2031 Patribus,
1484 1969 1535 2037 qui
1554 1968 1616 2023 hac
1630 1967 1824 2038 perscripsit,
1838 1967 1901 2035 lega·

1073 2039 1181 2094 tionem
1189 2038 1362 2093 obiueratad
1375 2039 1529 2093 Romanam
1539 2040 1639 2094 sedem
1649 2041 1777 2094 nomine
1790 2038 1900 2094 Ecclesia

1072 2108 1284 2179 Lugdunensis,
1310 2110 1393 2178 cuius
1408 2117 1478 2164 tunc
1498 2118 1560 2165 erat
1584 2111 1757 2181 presbyter.
1780 2110 1900 2166 Eusebius

1071 2179 1193 2234 affirmat
1205 2181 1268 2250 (lib.
1290 2182 1404 2247 aliisi,
1421 2195 1484 2250 cap.
1505 2179 1532 2252 3)
1548 2200 1554 2235 :
1574 2203 1587 2232 u
1604 2185 1716 2237 idcirco
1727 2184 1898 2250 ableanturo

1071 2251 1300 2318 Lugdunensibus
1321 2255 1406 2319 sitisse
1425 2253 1464 2306 ad
1475 2254 1658 2308 Eleutherum
1676 2257 1835 2310 Romanum
1842 2267 1898 2322 pta·

1072 2325 1178 2390 tificcnr,
1196 2339 1276 2392 quern
1288 2324 1456 2378 uehementer
1470 2326 1622 2391 rogabant,
1639 2334 1672 2381 ut
1683 2343 1752 2397 prix
1770 2333 1797 2381 el
1808 2338 1897 2380 motta

1072 2394 1120 2447 diu
1133 2397 1163 2447 in
1178 2396 1305 2448 Ecclesiis
1319 2396 1561 2449 constabiliretur:
1580 2415 1594 2446 ιι
1615 2399 1647 2452 in
1667 2400 1785 2469 quibus
1801 2404 1896 2453 natatu·

1074 2479 1118 2520 res
1140 2465 1307 2529 schismata,
1331 2472 1359 2520 et
1389 2466 1489 2521 turbas
1512 2469 1755 2525 concitaverant.
1781 2471 1859 2526 hddit
1875 2470 1894 2517 i-

1072 2538 1272 2606 Hieronymus,
1298 2552 1314 2592 a
1338 2537 1513 2608 martyribus
1532 2538 1722 2610 ablegatum,
1748 2540 1894 2597 consulenti

1073 2621 1160 2662 cauca
1173 2622 1259 2676 super
1272 2607 1442 2664 difficilibus
1457 2623 1536 2678 quaes
1550 2610 1704 2669 tionibus.
1733 2612 1895 2684 (hieremie

1073 2678 1174 2748 Script.
1189 2681 1291 2733 Euclea.
1306 2683 1335 2733 in
1355 2681 1479 2753 lrcnaeo.)

1110 2768 1172 2822 ilaec
1185 2781 1285 2837 nempe
1305 2770 1471 2825 testimonia
1486 2770 1595 2826 invicte
1608 2773 1892 2836 demonstrantium

1075 2840 1167 2894 sedem
1182 2853 1198 2894 a
1212 2840 1315 2908 primis
1329 2841 1407 2895 hisce
1421 2842 1604 2912 temporibus
1626 2846 1772 2902 Ecclesia
1794 2847 1892 2904 habitan

1075 2909 1165 2966 tuisse
1181 2917 1317 2980 tanquam
1329 2911 1468 2968 heresum
1480 2915 1772 2974 exterminatricem.
1795 2922 1892 2983 ιιιιιιιιι-

1075 2982 1167 3035 elimas
1180 2983 1283 3036 multam
1292 2987 1471 3039 sententiam:
1485 2992 1513 3039 et
1523 2992 1668 3056 tanquam
1682 2992 1823 3046 arbitram
1837 2990 1892 3060 pacis

1077 3054 1227 3108 Ecclesiae:
1239 3057 1306 3121 Pan,
1320 3055 1534 3110 etconcordiain
1545 3057 1682 3113 Ecclesiis
1694 3067 1891 3118 constitueretur.

201 3226 1880 3266 ——-————-——————-—-—-‚—-...

789 3391 888 3460 xlii.
930 3391 1118 3465 sauctus
1151 3396 1286 3467 SOTER

677 3587 765 3632 suno
788 3588 918 3633 euersas
945 3575 1014 3647 trs,
1036 3589 1062 3632 ra
1083 3593 1227 3638 nassau.
1262 3596 1333 3640 rnre.
1372 3582 1421 3641 ts.

263 3984 267 3990 Ι
354 3903 409 3964 13
430 3901 539 3981 Soter,
571 3905 708 3967 natione
739 3905 947 3988 Campanas,
976 3914 1140 3992 repaire
1169 3911 1362 3992 Concordia,
1389 3915 1429 3977 dc
1456 3915 1602 3980 ciuitate
1633 3921 1794 4001 Fundis,
1830 3918 1894 3985 sedit

319 4016 426 4061 annos
454 4016 584 4080 novem,
607 4017 738 4066 menses
754 4006 821 4065 tres
841 4014 856 4046 ²
880 4006 966 4068 Fuit
992 4010 1105 4070 autem
1132 4010 1338 4091 tentporiius
1366 4010 1485 4076 Severi
1513 4029 1535 4077 a
1560 4021 1758 4083 ιοιιι-ιιιιιιιι
1785 4016 1895 4086 nurui

319 4100 351 4159 et
378 4096 541 4179 dqrctttnt
559 4115 665 4180 aspare
680 4100 722 4162 ad
754 4100 912 4182 Ceteyrtn
940 4104 1307 4171 clarummane.
1332 4112 1512 4175 constituit
1543 4117 1585 4175 at
1616 4116 1731 4180 nulla
1759 4114 1893 4182 monuit

314 4192 638 4275 pallansacratan
667 4199 889 4279 contingeret,
917 4218 976 4265 nec
1002 4204 1176 4268 incensum
1199 4211 1341 4288 poneret
1364 4209 1536 4272 insaucia
1566 4212 1751 4279 Ecclesia.
1770 4218 1833 4280 Hic
1853 4212 1893 4295 i·

281 4292 369 4355 hoii
412 4291 646 4356 ordinationes
686 4298 757 4358 tres
792 4314 859 4378 per
879 4293 1037 4377 'mensem
1076 4304 1283 4367 Decembrem
1308 4331 1318 4368 .·
1354 4305 1563 4386 presbyteros
1596 4315 1676 4373 acto
1696 4312 1724 4386 d,
1765 4314 1892 4377 mamus

322 4405 453 4470 novem,
468 4390 636 4472 episcopos
646 4409 714 4473 per
728 4394 866 4458 diversa
881 4395 953 4460 ioca
969 4416 1107 4462 nunnro
1122 4401 1288 4465 undecim.
1318 4404 1384 4478 Qui
1398 4403 1500 4466 etiam
1523 4407 1695 4486 sepultus
1723 4417 1774 4476 cst
1793 4411 1829 4474 in
1847 4428 1893 4471 m
1934 4456 1936 4471 .

319 4488 456 4551 matario
469 4488 590 4550 calixti
604 4488 661 4551 via
676 4491 795 4572 hyspia,
814 4510 835 4553 x
847 4493 994 4559 Kalend.
1009 4500 1110 4579 Maii,
1128 4503 1161 4562 ιι
1170 4499 1312 4562 cessavit
1327 4501 1539 4581 episcopatus
1555 4504 1630 4567 dies
1645 4508 1781 4588 viginti
1796 4510 1865 4572 dus
1875 4519 1890 4562 0.
1934 4508 1936 4515 '

761 4680 1026 4748 ‘CATALOGUS
1040 4687 1118 4750 SUB
1140 4688 1319 4751 LIBERIO.

863 4837 907 4889 Ea
925 4835 1043 4891 editione
1056 4835 1251 4895 Schelesiratii.

283 4987 375 5049 soter
393 4985 493 5049 annis
507 5001 627 5050 novem
641 4988 816 5052 mensibus
827 4989 946 5053 tribus.
963 4987 1041 5050 Fuit
1052 4989 1257 5070 temporibus
1261 5039 1323 5053 .....

630 5145 706 5201 uota
719 5142 905 5200 Scirelestratii
919 5147 956 5200 ad
971 5147 1125 5214 catalogum
1142 5148 1320 5203 hilarianum
1334 5151 1365 5204 in
1378 5151 1480 5207 Solerc.

240 5284 353 5341 Lacum
366 5282 545 5352 antiquioris
559 5282 682 5353 catalogi
701 5285 730 5339 in
743 5284 840 5341 Saterc
852 5285 979 5356 suppleri
991 5291 1085 5356 posset
1097 5301 1131 5342 ex
1145 5301 1195 5342 ms.
1213 5288 1350 5359 Caesareo,
1366 5291 1395 5346 in
1408 5304 1466 5362 quo
1479 5290 1623 5348 habetur:
1639 5295 1776 5366 Tempore
1786 5288 1897 5350 numiui

204 5378 230 5427 et
253 5372 398 5438 Commodi,
412 5388 430 5425 a
445 5373 590 5426 consulatu
608 5373 672 5428 Veri
686 5380 711 5427 et
729 5375 899 5430 Herenniani
914 5392 999 5445 usquc
1015 5376 1128 5431 Paterno
1141 5382 1166 5431 ιι
1186 5378 1308 5433 Erudua.
1322 5381 1424 5436 Verum
1441 5380 1513 5437 vitio
1529 5380 1648 5438 librarii
1679 5387 1846 5442 consulatus
1866 5379 1897 5435 iii

204 5459 322 5517 aliunde
337 5460 367 5516 in
384 5474 435 5516 ms.
455 5460 585 5530 irrepsit.

762 5572 902 5616 NOTULAE
922 5572 1129 5618 masturbatus
1153 5577 1332 5621 FABROTTI.

240 5699 298 5764 su,
313 5710 382 5753 ann.
398 5700 425 5768 i,
443 5703 541 5759 minus
556 5703 586 5759 d.
604 5699 646 5757 ii.
662 5702 677 5745 b
691 5705 722 5773 Β,
743 5707 779 5760 iti.
793 5706 890 5763 hura
910 5720 983 5764 coss.
1006 5705 1076 5765 hur.
1097 5710 1192 5766 Severi
1215 5713 1238 5766 ll
1260 5720 1288 5767 et
1302 5712 1343 5768 cl,
1361 5714 1537 5785 Pompeiani,
1554 5731 1653 5791 usque
1674 5721 1711 5778 ad
1728 5719 1899 5780 commodant

201 5792 230 5844 et
247 5785 433 5859 Quintillum.
450 5800 462 5828 ⁰
484 5792 551 5845 Vide
566 5793 631 5846 Ear.
647 5808 693 5848 an.
708 5789 798 5849 lietu
812 5797 851 5864 itu
866 5795 881 5837 d
898 5796 952 5862 GE,
971 5793 1016 5854 48.
1031 5797 1110 5866 0013,
1127 5795 1170 5854 lt.
