3884 6126
42 351 94 410 tia

399 347 600 412 SCHELESI'II.
622 356 771 412 osseus.
802 357 846 411 DE
864 357 978 427 ANTIQ.
1004 361 1086 416 hom.
1109 362 1206 418 PONT.
1228 362 1395 421 CATALOG.

1695 363 1746 432 iti

38 487 183 542 Romanos
196 499 291 556 usquc
305 487 340 542 ad
355 486 555 543 Marcellinum
568 488 708 543 duntaxat
721 487 751 542 in
763 499 796 542 eo
806 498 871 541 eon·
883 490 912 550 A
925 510 992 573 pyus
1009 512 1051 562 θεῖ
1071 507 1119 563 qq,
1135 508 1287 582 gamm,
1306 512 1360 568 sub
1381 509 1548 583 pontificatu
1559 518 1678 591 queyqy,
1698 525 1746 579 quq

39 574 140 630 tineri.
163 574 234 629 Nam
256 583 322 644 post
341 576 541 631 Marcellinum
561 590 595 630 ex
616 577 713 631 eodem
731 574 871 644 opusculo

40 669 170 719 recenset
182 663 217 718 ad
234 668 300 733 post
313 664 495 720 consulatum
516 664 543 717 X
559 671 586 720 et
599 666 646 720 Vll
661 665 776 732 iterum,
793 666 873 718 hiar-

40 752 146 808 celinm
161 771 169 821 ς
182 752 218 807 ad
234 753 417 809 consulatum
436 754 552 809 Maximi
572 754 632 809 illl
643 760 671 808 et
681 751 787 808 Licinii
799 751 872 806 hiei-

40 841 173 897 cbiadem
188 860 197 911 ς
214 841 249 897 ad
266 841 448 898 consulatum
465 842 614 899 Volusiani
635 847 664 897 et
679 841 781 896 Amani
805 841 873 911 Syl-

41 935 168 986 rsstrum
185 935 233 1000 ;et
245 931 281 986 ad
297 931 479 988 consulatum
499 930 638 986 Feliciani
658 936 686 986 et
705 930 799 985 Titani
819 931 873 986 Ju-

41 1018 124 1089 lium,
139 1023 168 1074 et
184 1018 263 1074 hunc
281 1018 398 1090 quidem
412 1019 459 1075 his
470 1018 565 1075 verbis
581 1037 588 1073 :
610 1040 622 1071 ι
639 1019 747 1075 Auctor
759 1019 807 1074 iile
823 1018 874 1072 in-

41 1112 137 1163 certus
148 1107 388 1164 dePontibeibus
403 1108 593 1164 horumCoss.
607 1107 650 1164 sic
660 1106 870 1163 commeminit:

41 1196 130 1249 Julius
156 1198 242 1250 annis
273 1197 334 1251 XV.
359 1198 398 1250 D.
422 1197 446 1251 I.
473 1199 509 1251 D.
546 1198 592 1251 XI.
616 1197 680 1250 Fuit
708 1195 872 1265 temporibus

43 1284 219 1340 Constantini
237 1301 255 1338 a
277 1284 348 1340 Coss.
373 1286 506 1340 Felicicni
524 1290 549 1341 et
567 1287 678 1340 Titiani
699 1301 732 1339 eac
753 1285 798 1339 die
819 1298 872 1339 v111

44 1375 105 1429 idus
115 1373 278 1443 Februarii,
288 1376 319 1428 in
336 1375 408 1430 diem
417 1375 510 1445 pridie
524 1376 591 1429 Idus
609 1375 716 1444 Aprilis
739 1377 874 1429 tlensium·

46 1465 78 1517 tio
91 1465 118 1518 V
131 1468 160 1515 et
175 1460 336 1516 Constantio
356 1461 460 1517 Caesare
474 1463 546 1520 Coss.
560 1465 705 1519 Hactenus
723 1466 824 1518 auctor
837 1463 873 1518 de

48 1550 235 1621 pontificibus
249 1549 394 1620 maximis,
406 1565 490 1622 quem
505 1554 603 1622 citavi,
616 1552 807 1624 progreditur,
821 1564 872 1607 nec

925 595 1064 650 successit
1092 596 1241 654 Damasus.
1272 599 1340 655 Fuit
1363 601 1455 672 igitur
1477 605 1540 673 ejus
1560 610 1661 662 auctor
1685 609 1748 680 ipso

924 681 1095 753 Hieronymo
1106 685 1192 755 paulo
1206 688 1365 759 antiquior.
1384 707 1397 738 s
1414 691 1513 749 Edidit
1528 693 1601 750 hanc
1614 696 1748 753 disserta·

925 767 1747 851 tionemiuterOperaeJ‘usposthumaLondini,annoi688,
1820 841 1823 847 .

925 858 1089 917 Dodweilus
1101 862 1310 937 Dubiiniensis,
1325 866 1375 938 qui
1388 867 1456 924 lieet
1470 870 1680 938 prolixioribus
1692 888 1749 931 no-

928 948 966 1004 tis
981 953 1009 1004 et
1023 953 1238 1009 commentariis
1252 955 1315 1010 suis
1325 956 1526 1027 antiquitatem
1540 973 1746 1034 nonuunquam

928 1035 1076 1095 illustrare
1088 1048 1208 1097 conetur
1217 1047 1247 1098 et
1259 1043 1287 1098 id
1299 1058 1414 1115 quoque
1433 1047 1468 1104 de
1487 1051 1619 1118 prasenti
1630 1051 1748 1109 catalo-

927 1139 962 1196 go
974 1125 1066 1184 Iacere
1085 1132 1247 1203 contendat,
1260 1133 1324 1201 ejus
1336 1137 1428 1191 tamen
1449 1137 1620 1209 antiquitati
1640 1138 1748 1212 absque

927 1213 987 1270 ullo
998 1213 1183 1275 fundamento
1195 1225 1247 1276 aut
1258 1221 1368 1278 ratione
1380 1224 1516 1282 detrahit.

926 1406 974 1462 An
988 1412 1128 1480 antiquior
1149 1327 1471 1484 GataloqncffiUitblribso
1484 1439 1561 1494 popa
1579 1429 1746 1499 conscriptus

962 1481 1027 1534 sit?
1049 1485 1084 1537 Et
1105 1502 1142 1568 on
1163 1487 1223 1542 dns
1248 1491 1368 1559 epistole
1386 1494 1508 1558 Damasi,
1535 1501 1560 1551 et
1590 1499 1749 1568 Hieronymi

961 1566 993 1604 ea
1004 1552 1037 1606 de
1048 1570 1078 1608 rc
1087 1557 1166 1612 edita
1175 1563 1356 1630 supposititiae
1365 1566 1504 1620 censenda
1512 1569 1592 1623 sint?

48 1640 205 1710 quidquam
215 1639 341 1695 ulterius
350 1639 466 1710 ⁰ff⁸¹¹dir
478 1654 535 1711 (1¹¹⁰
549 1641 583 1695 ad
596 1654 672 1711 9³1)ae
682 1641 754 1696 diiii
770 1644 870 1696 suni-'²
925 1661 948 1711 Ι.
965 1662 1104 1723 Antiquior
1117 1663 1255 1727 catalogus
1269 1668 1463 1732 Damnsopapae
1472 1673 1590 1724 tribuitur
1601 1679 1751 1728 auctoritato

49 1727 94 1782 libi
109 1727 315 1797 cuspinianus
335 1742 468 1798 expresse
484 1727 618 1796 affirmat,
636 1729 785 1799 pontifices
806 1741 872 1783 cum

51 1815 218 1872 consulibus
228 1816 305 1873 ultra
320 1817 518 1873 Marcellinum
530 1831 622 1888 usque
636 1818 670 1872 ad
686 1817 795 1873 lulium
809 1817 874 1885 pri-

53 1918 120 1960 mum
142 1905 311 1977 procedere,
325 1911 411 1975 prout
425 1907 583 1963 etiamnum
599 1907 756 1976 procedunt
772 1906 800 1960 iu
814 1919 875 1961 uo-

55 1994 381 2066 stmcatalogieditione,
390 1995 419 2049 iu
429 2009 484 2066 qua
500 1995 633 2051 Liberius
645 1996 762 2066 quidem
775 1996 876 2064 adjun-

56 2082 134 2154 gitur,
152 2083 204 2139 sed
227 2081 337 2153 absque
359 2083 510 2139 consulum
525 2084 720 2155 adnotatione,
743 2097 776 2139 eo
798 2083 873 2154 quod

57 2176 146 2227 anctm
165 2171 278 2226 Liberii
293 2172 407 2241 quidem
417 2172 537 2228 initium
553 2178 717 2228 nontamen
735 2172 819 2227 tinem
833 2185 877 2226 as·

35 2260 38 2267 “
60 2267 164 2317 santus
176 2261 228 2326 sit,
247 2260 374 2316 sedante
389 2260 539 2317 Liberium
550 2261 665 2318 obierit.

88 2347 126 2403 tt.
139 2349 243 2420 Neque
256 2348 310 2405 hoc
325 2353 455 2406 nostrum
471 2351 619 2416 duntaxat,
637 2351 782 2407 sedetiam
800 2349 878 2404 alio-

62 2440 159 2495 munde
173 2439 266 2509 hujus
279 2440 408 2494 auctoris
423 2443 504 2494 alate
511 2440 656 2509 judicium
669 2446 721 2507 est,
735 2438 877 2496 scribente

63 2525 201 2598 bucherio,
225 2527 277 2594 qui
295 2526 438 2599 integrum
454 2528 615 2600 catalogum
631 2529 743 2598 primus
764 2527 876 2584 edidit:

66 2617 240 2688 mucusque,
253 2616 288 2671 ad
305 2615 450 2672 Liberium
461 2616 582 2688 scilicet,
600 2617 768 2687 pontiiicum
781 2617 881 2671 Roma·

65 2718 152 2762 nomm
171 2704 330 2776 catalogus
345 2710 411 2760 ante
424 2704 531 2761 Liberii
548 2711 667 2761 mortem
680 2705 879 2773 concinnatus,

66 2808 136 2864 qmrn
157 2792 328 2850 membrana
348 2792 466 2849 nonnisi
487 2793 605 2863 punctis
631 2793 778 2863 exprimit.
798 2811 811 2842 n
827 2791 881 2868 Ubi

66 2884 226 2939 membranas
236 2883 378 2953 meminit,
391 2882 421 2938 in
432 2895 488 2954 qua
498 2883 555 2938 tria
567 2882 626 2938 alia
636 2883 774 2953 opuscula
784 2882 882 2937 eodem

67 2977 180 3042 tempore
199 2972 364 3042 iisdemque
383 2970 554 3027 consulibus
567 2973 675 3042 scripta
700 2970 885 3042 reperieban-

68 3065 111 3114 tur.
125 3061 166 3116 Ac
182 3060 313 3130 primum
325 3058 443 3131 quidem
455 3064 517 3115 erat
529 3058 718 3131 fragmentum
734 3061 883 3116 Fastorum

67 3148 186 3205 adrnno
215 3147 326 3203 Christi
350 3145 404 3204 205
431 3149 466 3204 ad
491 3145 554 3219 aot,
575 3162 632 3218 quo
651 3148 784 3203 eonsules
803 3150 885 3202 erant

33 3256 37 3263 ¹
66 3237 535 3311 (aasentiasVlietconstautius
554 3239 600 3293 111.
622 3236 757 3294 Exstabat
771 3249 885 3308 quoque

68 3326 229 3395 opnmnlum
249 3325 287 3381 de
302 3326 446 3382 Praefectis
466 3325 617 3383 Urbicum
639 3326 693 3382 hoc
707 3326 816 3382 titulo:
841 3326 886 3378 Da

69 3416 220 3486 tenporibus
247 3413 377 3470 Gallieni.
398 3418 607 3485 quiaquantum
621 3417 747 3484 temporis
765 3399 887 3484 praesec-

71 3509 145 3561 turam
166 3505 252 3561 Urbis
266 3504 513 3567 administraverit,
532 3505 561 3559 in
583 3517 640 3575 quo
656 3503 743 3558 iidem
759 3501 886 3572 praefecti

73 3595 100 3649 ad
111 3609 183 3652 anno
203 3591 260 3651 stt
280 3595 421 3665 usquead
438 3607 546 3650 annum
564 3590 617 3649 354
633 3595 826 3656 recensentur,
849 3589 887 3646 fl-

76 3683 154 3740 niente
165 3683 388 3741 illohisverbis:
401 3684 559 3740 constantio
571 3683 626 3738 VII
634 3682 824 3737 etilonstantio
834 3682 884 3736 III.

78 3770 199 3827 tianius
223 3772 326 3842 Orfitus
345 3773 495 3842 prefectus
520 3772 596 3826 Urbi.
617 3772 734 3827 Demum
751 3769 888 3825 calenda-

80 3856 137 3915 riun
154 3861 312 3932 antiquum
322 3859 526 3916 continebatur
535 3859 689 3915 Valentino
702 3859 817 3914 cuidam
839 3857 888 3913 in·

82 3949 201 4018 scripturn
213 3949 268 4006 sub
283 3948 461 4017 constantio,
477 3962 561 4020 quem
579 3948 714 4004 ultimum
731 3947 889 4017 imperato-

84 4048 130 4092 rum
142 4042 280 4108 recenset,
294 4043 323 4092 et
338 4050 393 4093 non
410 4037 508 4093 divum
531 4043 565 4093 ut
578 4042 698 4092 ceteros
712 4048 820 4105 omnes,
839 4033 888 4090 sed

85 4122 210 4183 domiuum
233 4130 344 4195 rocat3
370 4129 485 4197 signum
513 4125 786 4181 manifestissimum
813 4123 888 4194 quod

87 4214 231 4271 incursub
253 4215 423 4271 consentio
444 4214 604 4287 scripserit,
632 4214 765 4284 idemque
787 4212 837 4267 iile
852 4211 891 4266 sit

88 4301 122 4368 qni
136 4302 271 4375 usquead
283 4303 466 4360 consulatum
480 4302 643 4359 Constantii
657 4302 811 4372 septimum
823 4313 890 4369 prae·

31 4402 34 4423 ³
89 4385 128 4444 hta
143 4392 285 4463 opuscula
305 4393 448 4462 perduxit,
471 4396 500 4448 et
516 4392 677 4464 catalogum
697 4393 890 4448 Romanorum

958 1724 1066 1772 duarum
1075 1726 1239 1785 epistolarum
1264 1731 1461 1790 quarumallera
1475 1735 1533 1783 aD.
1548 1737 1706 1801 Hieronymo
1717 1742 1749 1790 ad

887 1809 914 1871 B
958 1786 1109 1846 Damasum,
1119 1788 1222 1837 alterae
1260 1804 1347 1840 amaso
1362 1793 1394 1841 sd
1404 1794 1435 1842 D.
1452 1795 1638 1860 Hieronymum
1647 1802 1749 1862 scriptas

960 1851 1074 1920 sunt3-
1091 1848 1125 1898 11.
1143 1849 1240 1898 Harum
1253 1852 1393 1902 litterarum
1404 1859 1599 1915 germanitatem
1614 1874 1645 1909 ex
1659 1862 1749 1912 slmili-

959 1909 1008 1956 bus
1025 1909 1189 1960 lutlerisiuier
1200 1927 1278 1974 opera
1289 1915 1392 1963 Damasi
1407 1931 1422 1964 a
1437 1917 1530 1967 Martio
1538 1920 1641 1970 Milesio
1664 1925 1750 1985 oditis,

959 1971 1109 2032 comprobet
1131 1973 1286 2024 Godefridus
1304 1977 1497 2029 Henscheuius.
1515 2007 1546 2017 -
1563 1983 1606 2031 III.
1625 1984 1751 2047 Adiungit

960 2032 1141 2107 Hleuscheni‘us
1152 2037 1284 2098 nonnulla,
1294 2039 1427 2101 exquibus
1437 2041 1545 2101 probare
1555 2047 1671 2108 conatur,
1684 2048 1751 2095 duos

960 2095 1554 2152 LibriPontriicahsuuctoresiuisseAntherum
1577 2109 1602 2153 et
1610 2107 1750 2157 Damasum

960 2170 1050 2218 papas.
1063 2185 1093 2193 -
1106 2159 1150 2207 IV.
1167 2160 1283 2209 Primum
1293 2161 1452 2212 Henscheoii
1462 2163 1656 2217 fundamentum
1667 2183 1697 2218 ex
1708 2170 1751 2218 Ilt-

960 2220 1021 2268 teris
1039 2220 1159 2268 aMuriio
1172 2221 1273 2271 Milesio
1291 2224 1375 2282 edilis,
1388 2225 1520 2286 refutatur,
1535 2240 1566 2276 eo
1595 2231 1646 2279 uod
1660 2230 1751 2280 litteras

961 2281 1012 2330 iila
1026 2284 1195 2342 supposititiae
1212 2285 1272 2342 sint,
1284 2289 1353 2334 recte
1373 2287 1473 2335 Erasini
1485 2292 1510 2336 et
1526 2243 1624 2339 Labici
1634 2294 1751 2342 censuris

962 2346 1066 2391 notatae.
1083 2371 1112 2379 -
1127 2344 1189 2392 vm*
1207 2345 1288 2394 istolas
1305 2348 1518 2410 quoqueDamasi
1529 2351 1709 2416 etHieronymi
1719 2355 1751 2403 de

963 2404 1041 2453 Libro
1052 2405 1161 2454 Pontiilc
1201 2409 1371 2468 suppositiiiae
1382 2412 1520 2470 suni,utin
1530 2414 1619 2474 primis
1629 2415 1752 2477 probatur

963 2481 994 2515 ex
1009 2466 1073 2529 stylo
1084 2468 1244 2540 Hieronymi,
1254 2470 1298 2517 dni
1312 2470 1453 2531 piurimum
1463 2473 1569 2524 differis
1581 2477 1645 2538 stylo
1655 2478 1752 2538 episto·

962 2530 995 2578 lae
1009 2531 1191 2638 supposititiae.
1210 2556 1241 2566 —
1256 2531 1302 2580 VI.
1320 2532 1390 2582 Idem
1407 2534 1572 2585 conhrmatur
1582 2552 1613 2586 ex
1623 2539 1753 2588 nonnullis

965 2593 1752 2725 itdimittedimitteiitliihiiaaidh

965 2716 1151 2776 ratusgradum
1185 2718 1264 2766 amasi
1275 2718 1306 2765 ad
1315 2720 1491 2780 pontificatum
1500 2724 1755 2785 assumptionemco-

967 2777 1092 2839 gnoverit,
1108 2783 1133 2826 et
1145 2780 1211 2827 scire
1223 2780 1331 2841 cupierit
1345 2783 1402 2843 quis
1414 2781 1590 2832 Romanorum
1623 2785 1756 2834 ontisscum

967 2842 1053 2911 conns
1069 2853 1184 2889 canones
1197 2842 1338 2890 excessisse
1353 2847 1532 2904 cognoscatur.
1544 2872 1574 2881 —
1616 2847 1650 2896 11.
1664 2847 1757 2910 Neque

964 2906 1038 2964 yuvnt
1054 2902 1150 2960 dicere,
1166 2902 1262 2951 Hieron
1308 2917 1351 2952 um
1364 2905 1391 2954 id
1401 2907 1467 2955 scire
1477 2908 1599 2968 cupiisse,
1614 2908 1675 2958 buis
1692 2923 1758 2957 mar·

967 2963 1094 3038 tyrologio
1109 2977 1213 3025 operam
1231 2966 1247 3013 d
1281 2969 1316 3016 at.
1338 2966 1404 3016 Nam
1416 2982 1463 3031 pro
1479 2968 1524 3017 illo
1538 2968 1681 3019 sufficiebat
1691 2971 1758 3019 scire

970 3039 1074 3136 quinam
1084 3039 1132 3088 pro
1143 3026 1287 3076 Christiana
1296 3027 1421 3089 religione
1431 3031 1543 3104 martyrii
1551 3031 1663 3142 palmam
1673 3033 1759 3142 adepti

981 3090 1078 3137 uerunt.
1093 3114 1123 3122 —
1140 3088 1211 3137 VIII.
1235 3089 1339 3138 Damasi
1351 3105 1455 3154 quoque
1470 3097 1553 3153 episto
1564 3108 1604 3142 am
1619 3108 1716 3156 suppos
1727 3094 1758 3143 ii·

899 3151 923 3214 C
970 3152 1030 3199 tiam
1048 3163 1114 3209 esse,
1128 3162 1159 3198 ex
1175 3149 1240 3211 stylo
1254 3152 1353 3200 inculto
1368 3156 1392 3201 et
1408 3154 1467 3202 rudi
1481 3156 1635 3204 ostenditur.
1660 3183 1689 3191 -
1708 3155 1756 3205 IX.

969 3212 1148 3274 Antiquiorem
1163 3211 1313 3271 Getalogum
1328 3226 1412 3323 neque
1426 3217 1561 3264 sDamsso
1576 3218 1761 3279 conscriptum.

970 3288 1054 3336 neque
1080 3273 1137 3334 ejus
1154 3274 1304 3322 auctoritate
1321 3289 1368 3335 pro
1388 3279 1458 3325 aturn
1496 3279 1614 3337 rodilsse,
1629 3291 1713 3340 neque
1728 3278 1760 3326 sd

970 3336 1059 3384 divum
1077 3335 1264 3397 Hieronymum
1278 3338 1459 3387 transmissum
1473 3291 1562 3399 bisse,
1577 3341 1760 3387 monstramus.

977 3414 1002 3470 l.
1016 3415 1225 3487 inquisivimus
1240 3416 1383 3485 superiori
1403 3418 1498 3486 capite
1509 3418 1544 3472 de
1558 3416 1692 3487 pluribus
1704 3429 1763 3473 au-

940 3504 1080 3576 ctoribus,
1095 3517 1132 3559 an
1144 3502 1179 3558 ab
1194 3503 1256 3558 illis
1272 3503 1357 3558 tertio
1369 3503 1473 3559 saeculo
1488 3503 1636 3574 antiquior
1654 3503 1765 3560 catalo-

940 3608 994 3666 gus
1015 3592 1111 3648 editus
1135 3590 1232 3660 luerit,
1256 3589 1491 3661 ostendimusque
1510 3596 1654 3648 auctorem
1677 3591 1761 3648 illius

941 3687 1067 3750 tempore
1097 3678 1258 3734 Constantii
1295 3678 1477 3748 imperatoris
1520 3685 1621 3751 quarto
1657 3679 1763 3737 saeculo

942 3769 1104 3840 scripsisse,
1129 3768 1177 3823 sed
1206 3767 1468 3838 nomenhucusque
1498 3768 1661 3840 ignoratum
1689 3782 1761 3825 esse.

942 3862 1024 3916 Nunc
1039 3857 1245 3929 inquirendum
1258 3861 1301 3912 est
1312 3856 1348 3912 de
1361 3857 1483 3913 Damaso
1498 3869 1579 3929 papa,
1596 3857 1647 3928 qui
1661 3863 1763 3928 quarto

944 3948 1048 4005 saeculo
1068 3947 1152 4017 sedit,
1171 3960 1239 4003 num
1266 3945 1310 4001 illi
1337 3944 1410 4001 torte
1430 3946 1583 4019 catalogus
1601 3945 1764 4016 adjudicari

945 4036 1046 4107 possit.
1057 4035 1241 4092 Occasionem
1256 4034 1324 4090 huic
1340 4034 1492 4105 quaestioni
1504 4034 1688 4103 prebuerunt
1700 4034 1765 4090 duae

945 4125 1081 4195 epistolae,
1105 4137 1227 4195 quarum
1240 4122 1356 4179 alteram
1373 4135 1389 4177 a
1408 4123 1440 4175 D.
1461 4122 1632 4192 Hieronymo
1651 4122 1686 4177 ad
1706 4123 1766 4177 Da-

946 4226 1055 4269 masum
1080 4226 1191 4282 papam,
1217 4211 1336 4267 :alteram
1351 4224 1367 4267 a
1382 4212 1502 4266 Damaso
1516 4211 1551 4266 ad
1567 4211 1598 4264 D.
1622 4210 1766 4278 Hierony-

946 4315 1022 4357 mum
1038 4301 1085 4356 hIs
1100 4300 1194 4357 verbis
1206 4301 1369 4369 concriptas
1382 4297 1472 4355 luisse
1488 4297 1604 4354 ierunt:

984 4410 996 4440 a
1013 4388 1183 4444 Beatissimo
1198 4401 1276 4458 papa
1287 4389 1407 4443 Damaso
1421 4386 1620 4456 Hieronymus.

89 4480 235 4541 putihcnm
258 4480 314 4537 sub
328 4480 497 4538 Constantio
517 4480 565 4537 bis
584 4479 680 4536 verbis
702 4479 888 4535 terminarit:
905 4493 934 4554 D
983 4499 995 4528 ι
1012 4477 1139 4534 Gloriam
1156 4476 1319 4539 sanctitatis
1329 4481 1385 4532 tua
1398 4480 1495 4531 nostra
1507 4475 1659 4532 humilitas
1670 4476 1768 4546 depre-

88 4562 190 4624 tiberim
203 4564 262 4637 suri
291 4571 455 4640 tenporibus
478 4570 652 4627 Constantini
667 4573 692 4624 et
711 4569 754 4623 alie
774 4581 803 4622 xi
819 4567 886 4621 Kal.

87 4653 165 4712 turbs
177 4660 207 4713 in
218 4659 362 4714 diem.....
373 4675 391 4713 a
404 4658 480 4714 (loss.
498 4659 652 4714 Gmtstontii
673 4660 697 4715 V
712 4662 739 4712 et
758 4657 891 4714 Constan-

87 4745 241 4803 tocaesore.
265 4746 320 4803 Ubi
345 4761 437 4819 neque
462 4748 644 4820 consulatus,
671 4761 728 4818 quo
756 4745 892 4802 Liberius

86 4834 155 4906 obiit,
173 4850 265 4910 neque
285 4836 350 4893 dies
372 4837 474 4894 mortis
495 4838 558 4907 ejus
580 4838 737 4908 apponitur
757 4837 835 4908 quia,
859 4839 892 4892 ut

86 4929 145 4981 recte
157 4925 319 4982 Bucherius
331 4924 472 4997 observat,
485 4931 551 4982 ante
565 4926 674 4996 Liberii
688 4930 806 4982 mortem
819 4938 893 4981 con-

85 5011 203 5070 cinnatus
216 5011 285 5069 fuit.
303 5015 372 5070 ltem
393 5013 482 5070 sentit
495 5014 629 5071 eruditus
641 5014 774 5070 Petavius
789 5012 841 5068 lib.
862 5025 892 5083 v,

84 5110 131 5170 ap.
151 5100 180 5169 5,
196 5101 361 5157 Rationarii
377 5106 549 5172 temporum,
565 5102 615 5158 ubi
630 5101 754 5158 scribit:
777 5122 790 5154 ι
806 5103 895 5157 Vetus

86 5185 218 5248 indiculus
240 5192 434 5247 homanorum
453 5191 621 5261 pontiiloum
639 5190 745 5248 Liberii
769 5198 895 5261 tempore

85 5286 230 5352 nutemus,
254 5293 339 5352 quem
363 5293 450 5351 penes
476 5294 528 5337 uos
558 5280 706 5337 habemus.
731 5299 743 5331 u
770 5282 805 5336 Et
831 5285 896 5349 post

86 5364 214 5426 inanum
229 5369 416 5439 Pearsouius,
433 5369 607 5442 areligione
621 5369 737 5441 quidem
753 5369 897 5425 catholica

86 5454 194 5526 dianus,
209 5458 259 5515 sed
272 5459 318 5515 vir
328 5456 494 5515 acutissimi
508 5459 619 5532 ingenii
630 5463 660 5515 et
674 5458 895 5531 maguiJ'udicii,

88 5546 135 5616 qui,
146 5547 218 5603 diss
237 5562 245 5602 ι
260 5548 296 5605 de
309 5548 496 5606 successione
510 5549 670 5619 primorum
681 5550 775 5604 Rome
789 5547 898 5618 episco-

89 5638 289 5708 prorumpite
309 5636 356 5710 t3,
371 5653 450 5695 uum.
467 5636 495 5708 2,
510 5638 633 5710 ingenue
652 5637 775 5695 latetur:
792 5638 899 5693 «Scri-

948 4587 960 4618 ι
981 4572 1064 4622 catur
1078 4572 1111 4622 ut
1123 4566 1279 4621 secundum
1291 4563 1543 4635 apostolicaesedis
1554 4563 1764 4630 auctoritatem,

948 4676 961 4707 a
983 4668 1067 4726 quam
1089 4653 1275 4725 cognorimus
1290 4665 1339 4722 per
1357 4657 1436 4708 tuam
1455 4651 1637 4707 sanctitatem
1657 4650 1761 4723 guber·

948 4763 960 4795 ι
981 4743 1055 4812 nari,
1067 4747 1149 4798 actus
1159 4746 1302 4812 gestorum
1317 4755 1334 4797 a
1349 4740 1424 4796 beati
1437 4740 1513 4796 Petri
1526 4738 1649 4809 apostoli
1663 4737 1765 4809 princi

948 4855 960 4883 ι
983 4837 1051 4902 patu
1059 4843 1150 4899 usque
1161 4829 1196 4884 ad
1207 4835 1301 4884 vestra
1311 4834 1447 4899 tempora,
1460 4842 1523 4898 quae
1535 4828 1649 4883 scilicet
1659 4826 1688 4881 in
1700 4825 1767 4881 sede

948 4942 961 4974 a
983 4926 1031 4975 tua
1046 4924 1124 4990 gesta
1136 4922 1214 4986 sunt,
1227 4916 1312 4972 nobis
1324 4916 1510 4987 perordinem
1524 4914 1624 4984 paucis
1632 4925 1768 4969 enarrare

948 5031 961 5063 a
981 5007 1121 5081 digneris,
1136 5010 1277 5078 quatenus
1292 5009 1389 5060 nostra
1409 5003 1561 5059 humilitas
1576 5002 1704 5060 sentiens
1718 5016 1768 5059 re-

949 5119 962 5150 «
983 5095 1211 5170 cognoscatquis
1222 5093 1327 5150 meruit
1335 5093 1371 5149 de
1385 5090 1529 5163 episcopis
1544 5092 1717 5164 supradictae
1728 5104 1769 5149 se-

951 5209 963 5240 «
983 5189 1030 5244 dis
1044 5187 1180 5258 martyrio
1195 5184 1338 5252 coronari,
1353 5183 1395 5239 rel
1410 5182 1435 5238 si
1452 5183 1519 5253 quis
1533 5187 1632 5240 contra
1647 5194 1769 5238 canones

953 5298 965 5330 ι
986 5276 1179 5347 apostolorum
1214 5272 1370 5330 excessisse
1398 5278 1598 5344 cognoscatur.
1631 5272 1687 5327 Ora
1717 5284 1768 5340 pro

952 5386 965 5417 «
986 5365 1079 5436 nobis,
1097 5364 1261 5420 beatissime
1274 5374 1386 5433 papa.»

987 5456 1159 5510 «Damasus
1182 5454 1334 5523 episcopus
1368 5451 1451 5508 urbis
1477 5453 1572 5506 Itomae
1597 5447 1769 5517 Hieronymo

954 5565 966 5595 ι
988 5543 1161 5616 presbytero.

989 5653 1002 5683 a
1022 5632 1133 5689 Gaudet
1148 5631 1273 5686 L'cclesia
1290 5637 1339 5686 tuo
1363 5629 1441 5686 ionic
1456 5630 1515 5697 y'am
1528 5628 1633 5683 suthala
1646 5645 1654 5696 3
1669 5633 1697 5680 et
1708 5638 1773 5680 am-
