3892 6136
86 283 194 342 data

547 293 706 352 HISTORIA
722 294 767 350 DE
785 292 874 351 vixis
892 287 977 348 ΗΘΜ.
996 288 1098 349 Ponit.
1114 320 1152 333 -
1165 292 1194 348 S.
1218 292 1398 349 insinuas.

1755 291 1825 352 tata

120 405 281 467 3iannarli
307 409 369 481 936,
387 427 487 486 nempe
508 418 623 474 liaximi
643 423 670 474 et
692 416 831 482 lliricani,
857 419 942 472 nota·
954 416 984 476 A
999 415 1028 470 iii
1048 418 1178 472 eumdem
1193 416 1341 487 suffragiis
1356 417 1525 474 sacerdotali
1540 417 1682 475 catbedrae
1695 418 1823 490 impone·

122 481 264 564 taretiam
275 483 392 541 Fabiani
401 488 552 544 exordium
566 497 621 544 tam
633 489 662 544 in
675 488 814 558 catalogis
826 486 941 554 liberii,

120 555 150 605 et
164 550 272 634 Felicis·
290 553 401 630 Quarti,
427 572 511 628 quam
529 560 558 615 iii
574 560 723 616 codicibus
738 560 898 614 naasmsii:
916 564 945 613 et

121 622 230 678 sedisse
243 624 355 681 dicitur
366 627 510 685 Fabianus
521 633 606 687 annis
624 645 681 696 xiv,
695 644 790 686 mense
804 628 828 697 l,
840 630 943 685 diebus

122 692 189 774 xlii·
209 693 363 754 Liberiauo
386 706 414 755 et
430 699 604 757 colbertinis
624 709 748 773 quatuor
769 699 805 772 (i,
822 699 849 770 3,
873 700 901 770 5,
918 697 944 771 6)

121 775 207 846 annis
222 778 288 823 vero
309 782 372 837 xiii,
401 784 495 827 mense
512 786 531 842 i,
556 774 658 830 diebus
672 789 691 829 x
705 773 734 828 in
751 771 943 843 bergomensi,

122 847 153 916 ιιι
168 834 332 895 colbertino
346 840 462 910 Quarto,
479 848 506 898 et
520 845 548 900 in
564 845 687 914 picturis
702 843 945 900 leonianisbasi-

124 903 227 989 ¹¹⁰ae.s·
246 909 339 966 Pauli.
363 912 488 985 Catalogi
511 915 655 983 Cavensis,
676 913 829 984 Foriensis,
843 920 870 970 et
888 917 945 970 Lu-

122 989 229 1040 censis.
254 992 364 1037 necnon
379 982 561 1042 colbertinus
576 988 729 1054 secundus,
746 1000 779 1042 ac
793 986 943 1056 septimus,

122 1056 291 1128 enumerant
305 1065 396 1110 auitos
408 1069 466 1126 ιιι,
494 1071 603 1114 menses
617 1072 657 1128 xi,
675 1058 738 1114 dies
753 1071 791 1113 xi.
810 1056 946 1114 Lucensis

123 1117 186 1172 dics
200 1121 452 1201 contrabitadvii.
935 1149 937 1153 ⁴

154 1205 314 1294 ‘Consulum
332 1213 445 1269 nomina
459 1228 475 1270 a
487 1216 642 1274 Maximino
652 1226 681 1274 et
694 1216 830 1274 Africano
857 1216 946 1272 Citri-

124 1282 162 1359 τιιι
181 1275 244 1350 936)
258 1280 294 1363 aii
321 1283 438 1357 Decium
456 1302 486 1354 ti,
500 1295 527 1342 ct
542 1289 661 1344 Gratum
674 1289 792 1359 (Christi
863 1287 946 1358 lquae

125 1360 154 1402 in
163 1350 493 1436 catalogisetoodicibus
503 1359 651 1414 recensitis
661 1360 945 1429 metiunturpontili-

123 1426 218 1501 catum
235 1422 363 1506 labi-ani,
388 1428 503 1483 etiamsi
526 1430 677 1501 videantur
698 1443 788 1485 annos
804 1440 947 1500 quatuor-

123 1488 702 1567 decimrequirere,noiipiurestaineneii
727 1507 945 1572 uniquamxiii,

124 1560 277 1646 ai'lcturis
291 1566 443 1623 Leonianis
453 1571 613 1637 indicatos3
628 1572 653 1626 si
667 1517 811 1628 ordinatio
828 1572 945 1628 Fabiani

124 1631 158 1686 aii
184 1643 380 1719 episcopatum
397 1639 554 1697 Romanum
577 1648 722 1698 statuatur
736 1644 784 1698 die
798 1644 946 1700 Uominica

126 1699 155 1756 ii
172 1704 336 1764 Decembris
348 1722 423 1765 anno
438 1708 500 1781 Ebu,
517 1714 673 1769 tiaximino
685 1719 714 1769 et
725 1713 860 1769 Africano
873 1727 945 1770 con-

1000 493 1097 556 retur,
1113 501 1145 543 ea
1162 492 1253 543 lameri
1271 501 1325 543 nori
1342 488 1500 545 excludunt
1515 488 1695 545 nobilitatem
1709 490 1823 560 generis

1000 558 1136 626 Fabiani3
1165 572 1249 628 quain
1267 558 1297 614 in
1314 572 1346 615 ea
1360 558 1500 616 electione
1521 559 1675 628 prolicuam
1692 561 1824 617 Ecclesiae

1001 627 1128 683 iuturnm
1144 631 1305 686 communis
1321 629 1441 686 iratrum
1468 631 1610 686 sententia
1625 632 1823 701 constituerat,

999 704 1027 755 ot
1039 699 1164 756 coelestis
1177 714 1310 757 assensus
1332 702 1384 757 lioc
1404 700 1478 757 iacto
1493 699 1739 771 comprobaverit;
1755 704 1824 758 dum

1000 771 1093 826 virum
1111 772 1235 827 nobilem
1251 772 1327 827 nibil
1344 772 1400 828 tale
1413 773 1585 843 cogitantem
1598 772 1745 842 disposuit
1759 787 1824 828 cum

1000 843 1158 898 domestico
1180 857 1232 898 suo
1261 843 1444 899 comitatulo
1465 843 1565 898 Urbem
1582 844 1705 913 regredi,
1720 848 1749 898 ct
1773 856 1826 898 co-

1000 912 1105 969 lumban
1119 914 1278 969 advolantis
1295 913 1559 985 indiciodesigoari
1578 913 1740 983 pontilicem
1753 914 1827 984 opti·

1002 998 1088 1052 muin,
1117 992 1227 1055 etpost
1252 998 1342 1041 annas
1368 999 1408 1040 iiii
1439 983 1630 1040 fortissimum
1660 990 1824 1055 martyrem.

1000 1056 1113 1110 Sanctis
1135 1056 1185 1110 imi
1204 1057 1290 1124 bujus
1306 1056 1431 1126 auspicii
1446 1056 1559 1113 sceleste
1581 1057 1697 1127 signum
1713 1069 1825 1111 sumina

1001 1126 1150 1182 alacritate
1162 1132 1190 1182 et
1204 1140 1345 1183 consensu
1360 1133 1431 1196 tum,
1443 1127 1579 1195 temporis
1603 1132 1776 1196 perceptum,
1794 1132 1826 1182 ut

1001 1197 1143 1253 Eusebius
1158 1202 1303 1262 memorat,
1327 1199 1449 1267 posteris
1468 1212 1583 1268 quoque
1600 1199 1638 1252 ita
1657 1195 1777 1266 placuit,
1794 1203 1826 1252 ut

1001 1269 1097 1323 codem
1114 1268 1242 1337 symbolo
1266 1268 1405 1324 columba
1429 1270 1457 1324 iii
1485 1269 1648 1324 cathedram
1669 1267 1827 1323 invalentis

1003 1340 1134 1394 itomanae
1145 1340 1222 1394 sedis
1233 1341 1380 1395 antistites
1392 1340 1533 1409 hodieque
1547 1346 1673 1394 utantur.
1691 1339 1721 1393 iit
1737 1338 1824 1394 veteri

1002 1423 1117 1480 quoque
1146 1423 1284 1466 marmore
1310 1415 1420 1480 reperto
1449 1415 1526 1465 intra
1558 1409 1751 1466 caemeterium
1777 1410 1824 1464 SS.

1002 1481 1077 1536 Petri
1099 1485 1127 1536 et
1141 1482 1300 1537 Marcellini
1318 1483 1360 1537 via
1383 1483 1533 1547 lavicana,
1547 1481 1586 1536 ita
1601 1493 1761 1549 expressam
1778 1493 1826 1536 re-

1003 1553 1190 1621 peritBosius
1200 1554 1362 1608 cathedram
1374 1551 1576 1621 poniiumlem,
1591 1552 1663 1607 ielis
1679 1550 1826 1607 hincinde

1005 1623 1186 1686 instructam,
1203 1629 1231 1678 ei
1246 1622 1549 1679 insidentiscolumbae
1561 1623 1651 1692 figura
1667 1622 1765 1678 nimbo
1775 1635 1826 1677 οι-

1003 1697 1078 1761 nita,
1107 1707 1226 1764 eamque
1250 1694 1383 1749 exitibuit
1406 1695 1477 1748 iiiiii
1501 1694 1566 1749 iiius
1594 1693 1824 1749 iiomaesubteri.

123 1773 258 1854 solibus,
277 1791 342 1833 cuin
356 1783 523 1849 martyrium
536 1784 719 1854 compleverit
738 1786 785 1840 die
796 1783 832 1840 FU
845 1787 945 1841 ianua·
961 1781 987 1843 B
1002 1762 1051 1846 fib·
1067 1778 1105 1831 Νι
1120 1779 1182 1835 ⁰²¹9·
1197 1761 1238 1830 Ην
1249 1764 1336 1820 emb·
1352 1778 1391 1832 V¹=
1402 1779 1463 1834 ⁰³9·
1515 1805 1522 1831 ι
1540 1764 1657 1846 Fabiani,
1673 1762 1777 1819 ficium
1796 1765 1825 1819 '¹¹¹

127 1844 162 1899 rii
192 1859 267 1903 anno
287 1847 350 1920 250¹
377 1852 462 1908 pepp,
487 1868 504 1908 ῃ
525 1860 553 1910 ,y
575 1857 662 1910 qm„
683 1869 755 1911 0055¹
782 1859 844 1912 Η,ΒΟ
868 1857 944 1912 enim
1001 1835 1051 1890 iila
1067 1836 1201 1892 recolens.
1221 1837 1354 1892 Eundem
1369 1835 1505 1892 consulas
1514 1840 1542 1893 et
1557 1835 1709 1892 baronium
1722 1837 1756 1892 aii
1771 1847 1826 1890 ait-

124 1921 250 1998 extrcma
276 1922 423 1978 continent
437 1925 649 1982 annossolidas
667 1940 729 1996 xiii,
756 1941 899 1983 mensemi
918 1933 945 1983 ct

124 1987 228 2059 diesi,
245 1991 274 2045 in
296 1992 418 2061 picturis
431 1995 460 2050 S.
477 1996 557 2051 Pauli
575 2002 650 2053 recte
662 1998 801 2069 signatos.

160 2076 371 2159 depositionem
386 2087 480 2138 autem
495 2085 611 2142 Fabiani
629 2094 767 2157 peractam
783 2086 874 2144 inisse
894 2101 946 2144 ea-

123 2144 187 2202 dem
201 2148 250 2230 die
263 2147 298 2206 FU
309 2152 449 2216 ianuarii,
466 2170 518 2225 qua
529 2157 589 2226 ipse
603 2160 770 2228 martyrium
783 2160 946 2229 compleve-

125 2223 179 2299 rat,
195 2232 326 2277 universa
336 2223 506 2281 documenta
522 2230 679 2285 vetustiora
695 2230 824 2286 Romanae
845 2230 945 2286 Eccle-

123 2301 175 2343 siae
200 2295 351 2374 testantur.
378 2294 556 2365 Opuscnlum
578 2301 696 2356 tertium
720 2304 814 2357 atatis
838 2300 943 2357 Liberii

125 2372 216 2444 papa,
241 2363 348 2419 editum
369 2369 550 2435 aEueberio,
578 2371 652 2427 uiide
673 2386 804 2428 recusum
826 2386 873 2442 per
894 2386 945 2430 nus

124 2430 181 2486 luit
210 2446 238 2486 in
276 2434 356 2491 Prole
376 2439 486 2495 amenis
514 2441 569 2496 sub
596 2441 723 2512 initium,
761 2446 945 2514 depositiones

122 2507 280 2589 martyrum
295 2452 435 2564 cxbfiaens
457 2512 540 2580 juxta
559 2516 661 2568 seriem
679 2515 830 2582 meusium,
858 2529 946 2571 exor-

123 2572 203 2657 dium
219 2582 297 2644 capit
310 2593 399 2633 mense
419 2582 552 2637 ianuario
565 2583 600 2638 ab
620 2585 681 2653 ipsa
696 2585 875 2655 depositione
892 2588 947 2642 Fa-

124 2643 213 2728 biani,
240 2647 437 2706 decimotertio
461 2655 522 2706 iiiii.
546 2655 689 2709 Februarii·
705 2658 821 2711 Fabiani
835 2658 874 2712 ἰιι
890 2658 946 2713 Ca-

124 2714 197 2780 listi,
209 2722 237 2772 et
248 2719 407 2776 sebastiani
417 2723 444 2777 in
459 2725 651 2781 catacumbis.
672 2727 822 2799 catalogus
837 2727 944 2784 Liberii

126 2789 289 2873 exactuslad
307 2804 357 2846 ins.
383 2795 527 2865 exemplar
544 2796 702 2852 Caesareum
720 2799 749 2853 in
761 2800 832 2855 edil.
857 2799 947 2855 Sobe-

128 2858 252 2915 testratii
281 2861 383 2918 habet:
404 2864 430 2918 Α
457 2869 598 2921 consulatu
625 2870 742 2922 Montani·
767 2875 793 2924 et
816 2870 947 2937 Africani

127 2944 212 2999 usque
238 2934 317 3015 Decio
346 2948 366 2989 ιι
389 2940 414 2990 et
437 2936 530 2993 Gauio.
558 2942 657 2994 Passus
683 2940 727 2994 die
752 2955 805 2996 ιιιιι
824 2942 886 2995 ilai.
903 2942 948 2995 Fe·

126 3002 233 3070 araon,
252 3003 320 3060 licet
346 3007 434 3063 codex
456 3008 601 3078 Euoberii,
623 3011 728 3067 detrita
742 3010 862 3068 fortasse
878 3025 947 3080 pos-

125 3078 215 3128 trema
228 3077 348 3144 unitate,
365 3079 494 3136 redderet
517 3095 556 3134 ιιι
569 3082 633 3136 Eat.
655 3082 731 3137 Febr.
747 3083 947 3208 linrtyrologia

125 3147 312 3229 vetustioraa
327 3148 449 3206 Boionio
474 3154 624 3220 recensita,
638 3161 665 3208 et
694 3154 765 3208 illud
782 3154 855 3224 quod
881 3155 947 3209 Fo-

127 3223 272 3273 rentinius
286 3225 365 3274 vocat
380 3222 547 3290 Hieronymi,
558 3223 654 3279 eadem
669 3224 717 3279 die
730 3223 868 3280 reierunl.
885 3225 949 3278 lin-

128 3287 210 3369 tiqira
224 3287 461 3359 Sacramentum,
491 3295 668 3350 Passionales
683 3294 764 3360 libri,
777 3302 805 3351 ct
819 3295 948 3351 ilissalcs

129 3358 255 3442 perinde·
271 3363 457 3419 consentiunt
493 3365 586 3434 Quare
601 3367 661 3421 Em.
685 3366 820 3422 Norisius
846 3367 948 3422 merito

128 3427 233 3484 scribit
248 3443 277 3485 in
306 3432 420 3488 dissent.
450 3448 481 3490 ιιι
511 3436 546 3491 de
561 3437 948 3506 epocliisb'yromaccdonum

128 3499 207 3582 circa
235 3500 337 3557 linem:
360 3523 373 3555 a
391 3505 494 3562 Decius
517 3521 591 3563 anno
605 3507 712 3563 Cliristi
727 3505 780 3563 El9
795 3508 833 3563 im
856 3508 948 3565 erium

128 3572 245 3652 invasit,
259 3577 290 3628 ιιι
302 3587 334 3629 ex
348 3575 474 3644 eiusdem
490 3578 629 3648 rescripto
654 3579 808 3634 monstravi
834 3523 898 3650 fleg.
916 3593 947 3643 ii,

130 3639 181 3696 lib.
199 3655 237 3708 iv,
266 3642 333 3700 Caii.
353 3647 398 3702 tit.
424 3645 457 3704 lu
472 3649 505 3704 de
519 3649 648 3704 haeredit.
674 3650 797 3717 actione,
822 3664 869 3705 xiv
885 3649 947 3706 Kal.

128 3711 199 3767 Nov.
215 3713 378 3784 Emiliana
403 3723 430 3773 et
442 3719 581 3790 Aquilino
609 3719 704 3791 coss).
722 3719 804 3777 Anno
821 3722 950 3791 proximo

125 3779 181 3838 250
199 3792 257 3868 erat
285 3787 390 3856 iiamae,
420 3790 467 3845 ubi
496 3792 525 3845 S.
548 3791 703 3847 Fabianum
733 3805 831 3862 papam
853 3790 949 3849 aient

123 3853 255 3911 ianuarii
273 3861 409 3940 martyrio
424 3860 528 3932 allecit,
548 3863 667 3931 ipsomet
682 3864 767 3918 Decio
780 3877 800 3918 ιι
822 3868 851 3919 et
862 3865 949 3920 Grato

124 3936 213 3995 coss,
227 3931 260 3982 ui
275 3943 305 3984 in
315 3932 435 3987 vetustis
448 3936 640 3990 monumentis
654 3934 860 3991 ecclesiast-icis
874 3935 948 4005 legi-

124 4000 192 4068 tur;
208 3996 258 4052 ubi
272 4000 359 4056 etiam
370 4002 531 4059 (laterinum
553 4019 602 4074 pro
617 4006 725 4062 Cbristi
740 4006 794 4061 lide
808 4006 837 4062 in
849 4019 949 4062 carce-

125 4080 184 4122 rem
199 4070 332 4159 cony'eeit,
356 4074 391 4154 ile
406 4087 462 4145 quo
477 4075 504 4130 S.
532 4076 692 4146 Cyprianus
718 4077 835 4148 epistol.
866 4073 901 4133 3i
913 4077 948 4134 ad

123 4136 234 4196 clerum
249 4142 511 4216 carthaginensem.
534 4165 546 4196 ι

408 4283 484 4326 UOTAE
499 4283 660 4328 tristantem.

162 4393 248 4450 Linea
264 4390 292 4449 i.
310 4396 507 4465 -Fabianus,
528 4401 638 4454 notione
661 4401 810 4463 Romanus,
823 4415 858 4455 ec
866 4405 948 4470 patre

121 4465 217 4520 Fabio.
249 4466 341 4522 Fabiae
352 4468 446 4537 gentis
467 4471 609 4525 stemmati
633 4484 667 4526 ex
692 4471 836 4527 natalibus
858 4471 946 4527 ascri-

122 4533 247 4591 bendum
263 4537 430 4607 Fabianum,
453 4549 481 4595 ct
496 4541 524 4595 in
540 4540 626 4596 aliam
649 4539 788 4597 familiam
805 4542 946 4599 illustrem

121 4605 278 4675 adoptione
291 4618 444 4679 receptum,
461 4619 562 4680 prater
576 4625 676 4668 nomen
690 4613 880 4670 derivativum
893 4616 948 4669 Fa-

122 4675 258 4761 bianasa
269 4684 349 4748 patre
361 4682 493 4752 Fabiano,
508 4682 748 4740 declarantetiam
764 4685 868 4740 littera
877 4685 947 4741 cleri

121 4748 244 4829 iioinani
258 4751 292 4805 ad
314 4751 488 4821 cyprianum
514 4756 588 4809 datae
614 4758 677 4824 post
694 4755 757 4823 ejus
775 4755 897 4815 obitum.
917 4758 946 4811 iii

120 4817 231 4887 quibus
252 4821 363 4879 dicitur
378 4843 391 4875 i
407 4824 596 4881 nobilissimae
626 4827 769 4881 memoriae
793 4827 846 4881 vir.
882 4829 947 4883 Post

119 4902 269 4974 excessum
286 4893 475 4950 nobilissimae
493 4897 636 4953 memoriae
656 4898 711 4952 viri
729 4896 856 4964 Fabiani,
872 4911 947 4954 non-

119 4960 392 5033 dumepiscopatum
405 4974 681 5038 proptertemporum
691 4967 947 5025 difficultatescon-

119 5033 256 5115 stitutum
284 5034 416 5092 luisse.»
439 5039 594 5109 Colligitur
621 5054 735 5122 quoque
759 5041 871 5111 generis
884 5041 946 5109 ejus

120 5103 261 5184 nobilitas
275 5119 308 5162 ex
321 5114 380 5163 rata
395 5109 465 5164 cleri
481 5111 638 5166 sententia:
652 5126 702 5182 qui
723 5113 810 5167 certis
823 5111 859 5166 ile
874 5125 946 5168 cau-

119 5187 164 5230 sis
187 5187 203 5230 o
227 5186 381 5244 poituiium
403 5181 582 5249 iudicaverat
608 5189 666 5238 tum
684 5184 821 5253 temporis
839 5182 877 5239 cli
899 5195 946 5238 ere

120 5190 285 5328 pontificem
308 5261 460 5307 enumero
486 5253 613 5308 virorum
642 5253 786 5310 nobilium
818 5258 845 5309 et
874 5198 947 5310 ιῗιιι-

118 5322 238 5386 strium,
279 5327 311 5376 at
336 5322 479 5378 Eusebius
502 5337 635 5393 expresse
660 5330 796 5381 memorat
821 5325 876 5381 lib.
903 5339 943 5393 vi,

118 5401 181 5470 cap.
198 5387 234 5444 99
246 5388 377 5463 tortasse,
393 5400 424 5449 ut
444 5397 602 5451 reverentia
617 5397 730 5465 generis
746 5398 843 5452 minus
855 5410 946 5467 expo·

117 5466 208 5543 situm
233 5461 362 5520 redderet
377 5465 538 5521 antistitem
567 5467 688 5521 ausibus
703 5466 944 5524 administrorum

117 5531 271 5613 Maximini
298 5536 433 5604 presides
449 5538 641 5594 Ecclesiarum
667 5552 723 5606 prae
737 5540 849 5595 catoris
864 5540 945 5595 iose-

116 5608 234 5658 ctantis.
252 5605 330 5663 Licet
343 5613 438 5663 autam
453 5611 487 5664 de
503 5609 626 5664 Fabiano
642 5609 670 5663 in
686 5609 848 5677 pontitlccm
863 5623 943 5666 assu·

118 5676 314 5732 mendonemo
330 5680 468 5750 cogitaret
491 5680 534 5751 (nt
557 5679 698 5736 Eusebius
721 5680 818 5752 tradit)
841 5683 892 5753 qui
908 5696 943 5738 ex

117 5757 275 5829 agriacum
299 5748 363 5804 suis
385 5750 552 5808 domesticis
574 5753 603 5806 in
620 5750 721 5807 Urbem
749 5753 943 5811 revertebatur

117 5817 195 5875 iiibii
205 5817 242 5873 de
256 5820 425 5890 episcopatu
449 5823 621 5893 meditatus,
634 5828 662 5879 et
676 5824 785 5881 indicio
803 5825 943 5883 columban

116 5889 395 5964 supraeiuscapute
404 5891 657 5966 subtimiuetapsae
666 5897 813 5954 conversis
827 5903 944 5968 repcme

1000 1904 1143 1962 numibb.

1035 2014 1123 2070 Linea
1147 2011 1172 2070 i.
1188 2045 1224 2055 -
1253 2017 1302 2070 ilic
1324 2017 1446 2084 regiones
1472 2015 1566 2069 diuisit
1605 2014 1774 2080 diaconibus,
1801 2016 1827 2068 at

999 2087 1065 2153 fecii
1079 2091 1179 2154 sopitam
1196 2087 1384 2153 subdiaconos,
1403 2089 1452 2155 qui
1465 2091 1563 2155 septem
1576 2087 1690 2140 notariis
1702 2087 1826 2139 imminc-

1000 2162 1069 2223 rent,
1085 2160 1116 2211 ut
1137 2162 1213 2225 qesta
1234 2166 1387 2226 martyrum
1407 2161 1437 2212 in
1459 2160 1565 2224 integro
1579 2157 1744 2224 colligerent.
1757 2156 1827 2211 Acta

1001 2231 1168 2298 martyrum,
1196 2242 1259 2299 quai
1292 2229 1415 2285 Anteius
1444 2227 1573 2284 studiose
1600 2227 1824 2298 conquisiverat,

1001 2312 1089 2370 eoque
1098 2301 1212 2356 nomine
1222 2299 1322 2355 iisdem
1334 2301 1509 2370 martyribus
1520 2297 1659 2355 associari
1673 2300 1824 2364 meruerat,

1000 2373 1106 2426 acriori
1118 2385 1187 2426 eura
1202 2370 1310 2426 institit
1322 2370 1474 2435 Fabianus,
1493 2377 1524 2425 ιιι
1537 2369 1669 2425 Ecclesia
1681 2382 1826 2437 compara·

1002 2448 1109 2497 rentur.
1124 2442 1218 2512 igitur
1231 2442 1385 2497 Clementis
1402 2442 1487 2511 primi
1502 2440 1629 2524 exempla
1650 2444 1776 2495 sectatus
1790 2438 1826 2494 ab

1001 2513 1197 2583 assignatione
1209 2527 1256 2567 xii
1270 2514 1418 2580 regionum
1431 2511 1515 2567 Urbis
1523 2516 1620 2582 coepit.
1632 2512 1695 2567 Suae
1706 2509 1825 2582 integri-

1002 2585 1053 2640 tati
1078 2585 1227 2640 restitutas
1242 2584 1327 2639 Urbis
1353 2585 1483 2655 regiones
1506 2590 1569 2653 post
1589 2580 1824 2638 deformationem

1000 2655 1130 2724 duplicis
1147 2655 1273 2710 incendii
1300 2655 1453 2709 Neroniani
1469 2660 1497 2709 et
1513 2653 1672 2720 vitelliani,
1687 2651 1827 2707 diviserat

1002 2727 1130 2781 Cicincns
1140 2732 1246 2795 septem
1260 2726 1400 2792 notariis3
1413 2724 1590 2795 ipuauivisio
1604 2723 1659 2780 sub
1674 2721 1827 2778 Antoninis

1001 2797 1145 2853 custodita
1162 2810 1234 2852 nova
1248 2795 1403 2865 partitione
1419 2808 1476 2850 noa
1495 2796 1633 2866 indiguit.
1646 2793 1749 2850 Verum
1765 2798 1828 2862 post

1001 2868 1080 2923 aliud
1096 2868 1260 2924 incendium
1277 2866 1332 2922 sub
1346 2867 1512 2933 Commodo,
1529 2881 1581 2935 quo
1594 2866 1723 2934 templum
1746 2864 1827 2918 Pacis

1002 2944 1027 2993 et
1046 2940 1168 3008 plurimu
1188 2955 1220 2992 ac
1239 2938 1424 3006 pulcherrima
1440 2937 1519 2990 Urbis
1538 2937 1654 3004 aedificia
1670 2937 1826 3002 conflagra-

1002 3015 1076 3075 runt,
1096 3016 1126 3063 ut
1143 3015 1239 3064 narrat
1252 3008 1440 3073 Herodianus,
1453 3014 1580 3061 conteste
1594 3006 1679 3061 etiam
1694 3005 1784 3060 Uioiie
1796 3004 1825 3059 lit

1004 3080 1058 3135 line
1076 3080 1141 3135 libri
1156 3092 1256 3148 cxiiii,
1274 3078 1414 3146 reparatis
1426 3078 1540 3142 iteruri,
1559 3075 1734 3147 regionibus,
1750 3081 1826 3131 tota·

962 3135 1057 3221 une
1080 3150 1166 3205 Urbis
1192 3148 1397 3218 iclioograpiiia
1420 3160 1476 3202 non
1514 3146 1595 3203 modo
1628 3153 1738 3216 curata,
1777 3143 1824 3200 sed

1002 3222 1088 3277 etiam
1102 3219 1215 3289 publice
1229 3219 1320 3275 incisa
1337 3217 1528 3273 marmoribus
1542 3218 1570 3271 iii
1582 3220 1826 3286 pavimentatam·

1004 3291 1043 3361 pli
1056 3291 1140 3346 Urbis
1159 3291 1193 3346 aii
1211 3291 1284 3345 viam
1296 3290 1409 3347 Sacram
1422 3289 1519 3360 (bodie
1532 3288 1661 3343 cimversi
1679 3289 1709 3342 iii
1731 3285 1826 3342 cccle-

1003 3363 1074 3418 siam
1103 3363 1149 3417 ss.
1174 3363 1281 3417 Cosmae
1309 3366 1336 3416 cl
1365 3360 1506 3428 Damiani,
1535 3359 1585 3414 ubi
1616 3359 1713 3415 eadem
1741 3355 1827 3412 Urbis

1006 3433 1212 3505 lebniigrapbia
1239 3438 1349 3502 reperta
1365 3429 1420 3487 iiiii
1446 3430 1551 3487 sacculo
1577 3444 1610 3485 su
1633 3429 1733 3496 eriori,
1763 3432 1827 3483 eta

1004 3505 1081 3560 card.
1099 3505 1133 3560 ilc
1148 3504 1280 3559 blaximis
1307 3503 1385 3559 edita
1406 3515 1471 3558 curn
1488 3503 1564 3558 notis
1579 3445 1700 3557 neftomt
1715 3500 1750 3556 ad
1766 3497 1825 3554 tab.

1007 3590 1032 3630 iv
1047 3575 1226 3631 observantis
1241 3574 1395 3644 vestigium
1421 3573 1493 3629 iilud
1522 3572 1647 3627 incisum
1667 3569 1757 3627 inisse
1772 3568 1827 3625 sub

1006 3647 1093 3717 impp.
1121 3647 1222 3702 Severo
1245 3652 1273 3702 et
1291 3643 1445 3713 Caracalla)
1474 3656 1530 3699 nori
1554 3643 1669 3699 destitit
1683 3640 1827 3697 Fabianus

1004 3728 1110 3788 septem
1127 3718 1254 3773 notarios
1278 3715 1450 3770 aelementc
1466 3714 1617 3770 institutos
1630 3715 1718 3769 certis
1729 3713 1828 3783 regio-

1006 3803 1072 3853 num
1088 3789 1193 3844 linibus
1206 3787 1361 3852 destinare,
1374 3790 1405 3842 ut
1421 3790 1577 3856 martyrum
1586 3787 1655 3841 Acta
1668 3782 1828 3840 scriberent

1004 3859 1187 3933 singillatim.
1215 3860 1288 3914 liiiio
1315 3871 1349 3914 iic
1369 3857 1429 3913 otio
1448 3857 1620 3928 diligentius
1648 3853 1828 3926 procurando

1006 3933 1123 3988 totidem
1139 3929 1331 3986 subdiaconos
1345 3874 1567 3999 deputatisque
1584 3927 1706 3984 notariis
1720 3938 1825 4009 preaes-

1005 4007 1086 4058 seut:
1101 4007 1129 4058 et
1143 4002 1176 4056 ad
1200 3999 1362 4057 earumdem
1387 4012 1415 4055 ie
1438 3999 1535 4055 ionum
1555 3997 1720 4054 Christiana
1736 3996 1829 4053 ininl-
1879 4051 1893 4067 ,

1005 4075 1092 4130 steria
1109 4073 1294 4143 praestantius
1318 4014 1461 4140 apennia,
1486 4070 1562 4127 inter
1587 4075 1693 4140 septem
1714 4080 1828 4139 quoque

1003 4145 1141 4200 diaconos
1158 4144 1274 4199 illarum
1296 4155 1436 4198 summam
1452 4140 1564 4197 divisit.
1580 4141 1651 4198 Vide
1664 4153 1728 4213 quae
1750 4140 1827 4195 dicta

1004 4222 1072 4272 suiit
1088 4216 1117 4271 in
1135 4214 1345 4282 prolegomenis
1364 4212 1419 4270 sub
1435 4212 1529 4282 duem,
1548 4213 1596 4269 ubi
1613 4213 1648 4281 ile
1672 4210 1828 4284 partitione

1004 4287 1089 4343 Urbis
1113 4284 1146 4342 ti
1167 4287 1296 4357 regiones
1310 4284 1445 4355 Augusti,
1470 4292 1499 4340 et
1511 4283 1674 4340 earumdem
1689 4284 1725 4340 de
1738 4282 1828 4339 redu-

1003 4360 1099 4416 ctione
1114 4358 1149 4415 ad
1165 4363 1271 4429 septem
1293 4357 1505 4413 ecclesiasticas
1520 4353 1616 4411 insius
1628 4356 1684 4427 egi.

961 4488 989 4549 D
1039 4504 1126 4559 Linea
1144 4500 1175 4559 6.
1191 4502 1276 4554 -Et
1296 4504 1360 4568 post
1382 4499 1535 4568 passionem
1557 4495 1626 4563 ejas,
1650 4500 1705 4551 etc.
1726 4495 1827 4550 Eodem

1003 4580 1120 4646 tempore
1141 4571 1296 4642 superuenit
1316 4571 1438 4624 Naeuius
1460 4583 1494 4622 ea
1518 4567 1627 4633 Africa
1648 4571 1702 4622 cic.
1725 4565 1826 4623 Deliis

1002 4647 1144 4720 agendum
1159 4643 1233 4698 iulia
1250 4641 1279 4695 iii
1291 4639 1433 4695 Cornelio.

1039 4753 1124 4810 Linea
1142 4748 1183 4804 ii.
1200 4775 1234 4788 -
1248 4745 1377 4815 Sepultus
1391 4749 1431 4799 est
1444 4745 1474 4798 in
1484 4744 1632 4799 camaleria
1645 4741 1767 4807 dedisti,
1780 4745 1827 4798 aio

1002 4826 1104 4895 Appia.
1122 4821 1190 4877 Vide
1207 4820 1234 4874 in
1252 4815 1463 4888 prolegomenis
1481 4814 1618 4884 descript.
1645 4819 1754 4871 coemet.
1770 4814 1827 4870 Ur-

1002 4896 1057 4951 bis.
1087 4895 1117 4949 in
1139 4893 1191 4948 liac
1206 4901 1288 4945 sacro
1311 4890 1483 4951 caemeterio,
1500 4886 1681 4955 depositione
1697 4884 1824 4948 Fabiani,

1004 4972 1101 5038 totque
1126 4964 1189 5033 ejus
1210 4961 1391 5016 decessorum
1406 4972 1453 5025 ,ac
1468 4970 1666 5014 successorum
1680 4959 1827 5013 consortio

1004 5036 1125 5102 illustri,
1144 5033 1271 5103 ejusdem
1299 5029 1445 5100 pontilicis
1458 5035 1486 5085 et
1510 5029 1646 5099 martyris
1660 5024 1826 5084 uiemoriaia

1004 5108 1217 5179 magnificenter
1231 5101 1360 5159 excoluit
1372 5101 1401 5156 S.
1423 5102 1459 5156 ii.
1473 5099 1601 5156 Clemens
1616 5100 1655 5155 xl
1671 5098 1766 5168 amplo
1776 5111 1826 5154 sa-

1001 5180 1098 5237 celloa
1114 5173 1310 5235 fundamentis
1320 5178 1477 5240 exstructo,
1493 5176 1521 5227 et
1531 5171 1666 5241 pretiosis
1681 5169 1828 5225 marmori·

1002 5252 1066 5322 bus,
1088 5248 1223 5311 metallis,
1242 5244 1520 5315 picturisdecorato,
1536 5256 1570 5297 ac
1582 5240 1682 5298 excell.
1708 5238 1827 5297 familiae

1000 5323 1117 5379 Albana
1129 5318 1292 5376 conditorio
1307 5316 1335 5370 iri
1353 5316 1488 5387 bypogao
1503 5313 1601 5370 mcclii
1617 5317 1762 5382 cumrato,
1776 5326 1826 5382 pro

1001 5383 1828 5463 eximiapientissimiiratrisiloratiivenerationeinsan·

1000 5473 1061 5525 ctos
1074 5470 1221 5534 martyres,
1236 5466 1264 5516 ct
1278 5459 1339 5515 loca
1354 5459 1389 5513 ab
1404 5457 1443 5513 iis
1453 5462 1617 5512 consecrata
1631 5455 1698 5527 (qua
1713 5455 1825 5511 scilicet

1000 5542 1117 5595 cateias
1132 5536 1254 5590 virtutes
1271 5542 1339 5587 suas
1351 5530 1386 5585 aii
1403 5528 1564 5585 beatissimi
1580 5527 1715 5583 Germani
1728 5540 1827 5583 exem-

999 5611 1077 5681 plum
1106 5606 1234 5677 proxime
1248 5602 1414 5660 accedentes
1438 5602 1492 5656 iste
1506 5598 1720 5662 cumulaverat;
1736 5611 1826 5668 qnare

997 5688 1025 5738 et
1056 5679 1173 5744 ibidem,
1192 5681 1223 5732 ut
1251 5678 1407 5746 optaverat,
1434 5671 1550 5728 recondi
1576 5668 1827 5741 merultletnovis

1002 5752 1183 5810 metallorum
1191 5746 1394 5805 addimmcntis
1405 5749 1537 5800 ornatum
1547 5741 1699 5812 complevit
1712 5743 1827 5798 utrius-

1022 5838 1057 5881 ue
1087 5821 1204 5895 pietatis
1231 5820 1322 5876 bures
1347 5817 1434 5873 emin.
1461 5829 1496 5872 ac
1521 5815 1666 5872 reverend.
1693 5813 1827 5884 princeps

1000 5840 1125 5956 annibal
1140 5892 1220 5952 mid.
1229 5888 1397 5949 AlbanasS.
1410 5888 1447 5946 ti.
1458 5881 1847 5947 ωιιινιιιιι-ὶιιψε
