3892 6136
204 253 274 312 ⁴⁴39
816 253 995 312 dudsrdstl
1014 250 1285 308 Blcbtomtttcatttt
1844 251 1902 309 illd

204 378 285 448 cipes
296 392 366 435 suos
380 378 471 436 luisse
485 379 569 450 paulo
589 380 836 451 postdecebimus,
858 385 921 449 post
936 392 1034 448 perse·
1045 376 1074 437 A
1084 388 1140 445 que
1154 374 1312 442 observata,
1326 387 1390 444 ‹111ae
1401 372 1603 444 compluribus
1612 373 1862 456 eorumadbibtu
1872 377 1902 431 itt

205 451 350 506 cntionem
364 452 438 520 apud
448 453 706 508 Citramcivitatem
722 452 800 521 (qnia
818 451 944 506 basilicae
966 462 1033 504 non·
1085 448 1269 514 conveniunt,
1293 452 1324 500 ut
1338 447 1497 501 constantis
1513 458 1621 500 norme
1645 459 1798 514 specimen
1819 454 1902 502 ostem

206 520 275 576 dum
291 520 405 577 lucrant
434 524 584 591 restitutae)
607 524 635 578 in
661 523 776 578 domum
805 521 910 576 Urbani
940 520 1031 576 carisi
1084 517 1170 582 dant;
1190 516 1276 572 semel
1292 517 1339 571 bic
1354 517 1482 572 indicare
1502 514 1629 572 subiciat
1652 516 1800 572 nonnulla
1813 521 1900 587 capita,

206 593 399 648 consederunt
423 593 471 649 dle
490 596 524 649 lll
541 595 641 650 iduum
666 593 903 661 Maiarumsicut
925 591 1032 660 scripta
1086 590 1161 643 unde
1179 601 1360 643 commensus
1384 594 1543 658 temporum
1565 587 1751 657 illustratur,
1771 595 1800 643 et
1815 590 1902 646 veritat

206 662 380 718 Nundinarii
396 672 463 719 lunc
478 665 592 720 diaconi
607 671 757 728 testantur,
770 669 1032 720 etvetustasmem-
1084 659 1330 715 documentorum.

1120 733 1149 784 ln
1167 729 1333 800 prelatione
1349 729 1455 798 prioris
1465 730 1546 797 tomi,
1563 743 1690 785 numero
1705 725 1740 784 ⁴7
1752 736 1783 784 et
1796 743 1901 801 sequen·

209 732 364 790 branarum
381 736 578 791 testimonium
591 738 730 803 perbibet,
741 750 812 806 quas
826 733 1031 789 dubitantibus

1085 801 1264 869 tibususuue
1275 801 1309 856 ad
1322 798 1367 865 93,
1377 801 1488 857 ostendi
1505 813 1613 855 annum
1629 814 1665 856 ac
1678 800 1760 856 diem
1776 815 1903 860 consecra

209 803 337 874 prolerre
352 807 521 874 poterimus.
534 825 546 856 ι
559 808 601 862 lta
611 804 1032 863 lleletiodutlocirenoconclo·
1513 873 1518 882 Ι
1673 872 1680 883 .

209 876 290 931 nanti
312 877 407 932 astitit
429 878 614 933 Antiocbenae
643 877 773 934 Ecclesiae
796 877 1029 938 archidiaconus,
1084 874 1174 928 tionis
1191 871 1714 940 pontificumiuEcclesrapraesertxm
1730 872 1903 930 Romanadi·

209 947 278 1002 dum
290 947 398 1003 electus
412 949 532 1019 primam
549 950 714 1005 concionem
726 949 830 1018 populo
847 947 990 1003 recitavit:
1002 951 1031 1001 et
1084 942 1902 1012 ligenterannotariconsuevissepluribusdecausis:tus

209 1031 274 1073 cum
291 1025 479 1088 praeterspem
492 1020 675 1082 arianorum,
687 1021 737 1090 qui
748 1018 1030 1088 ejusordinationem
1084 1014 1903 1086 scilicetexemplosacordotumVeterisTestameuti,cuju

211 1097 420 1160 promoverant,
433 1092 468 1146 de
489 1090 791 1146 consubstantialitate
800 1089 885 1145 Verbi
900 1090 1031 1146 dissere-
1084 1085 1302 1169 specimendedi
1316 1086 1450 1141 exsacris
1462 1086 1570 1140 litteris
1587 1087 1616 1140 in
1627 1084 1903 1144 Aaroneetlilemam

210 1165 263 1227 ret,
277 1159 502 1217 archidiaconus
517 1175 548 1217 os
568 1162 704 1218 obturare
714 1168 835 1217 conatus
850 1159 917 1230 luit,
932 1174 965 1215 ex
982 1159 1031 1215 So
1084 1156 1233 1226 eyuslili03
1247 1163 1307 1212 tum
1317 1159 1490 1213 documento
1500 1157 1567 1212 novi
1579 1155 1716 1225 loederis,
1733 1157 1823 1213 nobis
1834 1159 1903 1214 cousi

210 1244 327 1287 zomeno
342 1231 362 1285 l.
379 1246 418 1300 rv,
433 1247 458 1289 c.
473 1230 518 1288 at.
537 1234 645 1288 Pariter
664 1247 729 1288 cnm
744 1233 779 1287 de
796 1232 946 1287 identitate
958 1243 1031 1286 con-

210 1301 274 1357 cilii
298 1302 612 1373 constantinopolitani
640 1305 726 1372 primi
762 1303 816 1358 sub
838 1301 974 1357 Flaviano
995 1300 1031 1356 ab

209 1372 366 1443 Eutychete
379 1373 500 1429 dubium
518 1382 687 1440 moveretur,
697 1374 797 1429 letius
809 1373 1031 1429 archidiaconus

211 1442 265 1498 luit
278 1445 489 1512 expostulatus,
505 1452 537 1500 ιιι
551 1447 646 1501 videre
658 1451 701 1501 est
713 1446 741 1499 in
758 1445 869 1499 actione
883 1442 894 1497 l
909 1443 1031 1499 Cbalee-

210 1514 635 1585 donensi.luconciliisprimis
644 1518 667 1572 si
679 1515 982 1584 cbartae,libri,etalia
991 1528 1032 1570 es·

211 1593 275 1641 sent
287 1589 543 1656 commemoranda,
560 1605 576 1642 a
591 1589 725 1644 diaconis
738 1589 796 1642 naec
808 1585 989 1657 expostulata
1004 1590 1032 1641 et

211 1657 322 1727 prolata
337 1657 482 1728 leguntur.
494 1660 573 1714 Unde
585 1673 649 1715 cum
660 1659 766 1714 bardas
783 1667 922 1728 tyrannus
937 1671 1032 1712 mono·

210 1727 339 1783 thelismi
348 1727 1032 1800 instauratoractadsynodiincendissetdgatbo
1046 1748 1072 1809 B

209 1800 360 1867 diaconus,
374 1802 423 1871 qui
433 1803 811 1870 actaexceperat,jacturam
823 1801 977 1870 reparavit,
987 1801 1030 1856 uti

210 1875 333 1927 testatur
347 1871 374 1926 in
389 1871 502 1943 epilogo
517 1872 614 1928 addito
634 1874 707 1928 actis
725 1874 851 1942 ejusdem
867 1871 967 1942 synodi
985 1870 1032 1926 bis

209 1942 324 1998 verbis:
339 1944 566 2014 «Egopeccator.
575 1951 604 1999 et
618 1944 746 1999 omnium
759 1942 899 1998 minimus
910 1942 1031 2013 Agatho,

211 2013 1034 2086 indignusdiaconusetbibliothecariussanctissimaebu·

206 2091 256 2152 yns
269 2085 528 2156 magnaeEcclesiae,
540 2092 569 2141 et
579 2086 730 2141 venerandi
744 2087 846 2141 secreti
859 2084 1035 2154 patriarcba·

208 2156 248 2212 lis
263 2157 478 2225 protonotarius
490 2163 519 2212 et
531 2157 723 2212 cancellarius
737 2157 892 2220 secundus,
911 2156 1033 2226 triginta

208 2225 323 2283 duobus
333 2228 397 2296 plus
409 2228 505 2284 minus
518 2229 603 2284 annis
613 2242 677 2283 errm
690 2241 780 2283 essem
791 2229 886 2284 adbuc
899 2233 981 2283 aetate
988 2228 1033 2296 y'u-

208 2299 289 2353 venis
306 2299 334 2352 in
351 2297 468 2354 lectoris
482 2301 601 2369 gradum
615 2306 849 2367 connumeratus,
872 2306 900 2355 et
916 2298 1033 2354 inutilis

208 2370 351 2437 notarius,
366 2368 409 2424 lul
425 2370 600 2427 administer
614 2371 684 2427 huic
698 2378 839 2427 sanctaeet
849 2371 1032 2427 tecumenicae

207 2441 1033 2512 sextasynodo,omniaquetneaactasnntordtncpers-

207 2519 348 2580 crutatus,
359 2512 446 2568 simul
461 2527 525 2569 cum
540 2514 637 2581 Paulo,
648 2515 697 2584 oui
709 2513 763 2570 luit
774 2522 879 2570 sanetae
893 2515 980 2582 buius
994 2514 1033 2568 ci-

205 2583 842 2654 vitatisarebtepiscopnsetpatriarcna,cnm
853 2584 1032 2640 esseladbnc

206 2654 310 2723 laicus,
325 2660 378 2710 eta
392 2656 511 2710 secretis
526 2657 718 2725 imperatoris,
730 2663 758 2710 et
768 2656 940 2727 quibusdam
950 2656 1028 2711 aliis.

206 2725 311 2781 Omnes
324 2731 420 2780 autem
433 2728 568 2781 lictorum
585 2732 677 2782 tomos
696 2727 804 2782 litteris
825 2727 1031 2783 ecclesiasticis

208 2801 319 2866 puroet
341 2795 434 2851 nilide
451 2798 567 2866 propria
584 2811 670 2852 manu
685 2799 791 2867 scripsi
809 2816 815 2852 :
833 2798 881 2868 qui
897 2799 983 2853 etiam
1000 2799 1030 2853 in

207 2867 314 2938 palatio
327 2867 511 2937 imperatoris
524 2869 680 2940 obsignati,
695 2876 759 2924 tuto
778 2868 891 2924 inerant
911 2870 1029 2938 repositi

205 2952 270 2995 cum
292 2938 358 2995 ddei
374 2939 498 3007 decreto,
516 2942 590 3010 quod
613 2941 778 3009 inscriptis
800 2939 855 2995 luit
870 2941 978 2996 editum
995 2940 1030 2996 ab

207 3012 270 3081 ipsa
287 3016 386 3066 saneta
400 3011 518 3080 synodo.
532 3012 607 3081 Quin
621 3013 705 3067 etiam
717 3013 847 3082 quinque
859 3011 1032 3081 patriarcba·

1085 1226 1904 1299 gnanteinelectioneapostoliblattbiaelllct.t)tempusin

1086 1299 1836 1370 terdscensionemDominietPenteeostem,quando
1850 1303 1905 1357 isco

1085 1369 1904 1441 optabaturincollegiumapostolorum:quamconsuete

1085 1441 1181 1496 dinem
1197 1442 1225 1495 in
1239 1443 1350 1496 caeteris
1361 1441 1499 1511 gradibus
1510 1442 1645 1497 studiose
1657 1443 1844 1498 retinendam
1854 1458 1905 1514 pos-

1085 1513 1140 1567 teri
1155 1520 1334 1581 receperunt,
1349 1521 1497 1583 postquam
1512 1512 1629 1584 legibus
1644 1527 1798 1570 canonum
1810 1526 1904 1572 cautun

1086 1582 1151 1652 luit,
1161 1585 1290 1639 utrocati
1303 1584 1331 1639 in
1342 1591 1446 1640 sortem
1457 1584 1571 1639 Domini
1582 1589 1666 1640 certo
1676 1599 1906 1643 annorumnuue

1086 1668 1118 1709 ro
1130 1663 1331 1710 exercerentur
1344 1656 1374 1710 in
1386 1656 1561 1710 ministeriis
1574 1653 1758 1712 interiorum
1773 1658 1905 1714 sacerdotii

1084 1727 1237 1852 firadunm,
1255 1734 1408 1797 antequam
1434 1726 1468 1782 ad
1483 1727 1656 1795 superiores
1675 1737 1905 1797 promoverentur.

1110 1798 1135 1852 is
1150 1796 1300 1853 accedebat
1322 1797 1396 1867 apud
1417 1798 1560 1854 Romanos
1575 1805 1720 1868 receptus
1737 1814 1813 1868 mos,
1825 1815 1855 1857 ac
1866 1803 1905 1858 de-

1086 1869 1197 1923 rivatus
1210 1882 1226 1922 a
1238 1882 1350 1925 summo
1366 1870 1467 1939 pretio,
1485 1871 1514 1924 in
1526 1883 1585 1940 quo
1596 1884 1686 1926 sacra
1701 1873 1864 1928 ministeria
1872 1874 1905 1929 ba·

1087 1939 1228 1995 bebantur
1242 1941 1329 1994 etiam
1343 1939 1418 2011 apud
1434 1941 1567 1997 ethnicos
1582 1942 1612 1996 in
1625 1944 1855 2012 superstitionis
1867 1958 1906 2015 pa-

1087 2012 1151 2066 triae
1171 2011 1264 2080 cultu,
1283 2016 1314 2066 ut
1331 2012 1516 2080 pontideatus
1530 2027 1634 2069 eorum
1659 2015 1788 2071 maximi
1811 2017 1905 2086 perinde

1087 2096 1120 2138 ac
1134 2083 1277 2138 minorum
1297 2082 1483 2153 collegiorum
1499 2092 1562 2139 acta
1574 2090 1603 2139 et
1623 2088 1833 2155 cooptationes
1846 2089 1905 2143 inci

1086 2154 1223 2209 derentur
1246 2154 1413 2210 marmoreis
1440 2154 1558 2217 tabulis,
1584 2153 1794 2215 referentibus
1806 2160 1905 2229 epocbts

1087 2224 1280 2296 singulorum,
1304 2226 1461 2296 insignitas
1484 2227 1532 2283 die
1547 2229 1673 2292 mensis,
1699 2239 1732 2284 et
1748 2231 1905 2287 indicatione

1085 2297 1153 2350 anni
1178 2309 1227 2365 per
1247 2296 1363 2352 nomina
1382 2296 1544 2367 consulum,
1562 2299 1749 2425 quandotyue
1774 2303 1856 2359 etiarn
1880 2301 1906 2358 al

1085 2367 1160 2423 Urbe
1169 2368 1296 2436 condita,
1311 2369 1354 2423 uti
1367 2368 1533 2423 videmusin
1550 2368 1666 2426 tabulis
1707 2380 1821 2429 ratrum
1835 2378 1907 2429 drya-

1087 2439 1169 2523 lium,
1181 2453 1236 2495 non
1250 2453 1372 2494 secusac
1387 2441 1416 2495 in
1428 2441 1521 2495 Fastis
1532 2442 1907 2516 triumphalibusCapitoli·

1087 2510 1216 2578 nrsdies,
1234 2524 1354 2575 menses,
1370 2518 1398 2566 et
1411 2525 1502 2567 annos
1518 2512 1767 2584 uniuscujusque
1783 2518 1905 2586 triumpbi

1087 2583 1217 2637 videmus
1227 2582 1345 2638 incisos.
1356 2581 1450 2650 Quare
1463 2583 1538 2653 apud
1553 2582 1760 2658 Christianos,
1774 2589 1906 2661 religionis

1085 2667 1157 2709 verae
1180 2652 1365 2722 professores,
1390 2660 1418 2709 et
1441 2655 1574 2710 conscios
1594 2655 1698 2711 divini
1725 2660 1906 2724 sacerdotiis

1084 2726 1198 2781 Christo
1212 2725 1332 2780 Domino
1349 2725 1488 2789 instituti,
1502 2731 1530 2780 et
1545 2729 1765 2786 communicati
1784 2731 1907 2788 ministris

1086 2797 1136 2867 qui
1150 2797 1324 2868 legerentur,
1338 2802 1370 2852 nt
1384 2796 1622 2867 comprobaretur
1638 2800 1744 2871 vigere
1768 2803 1849 2876 longe
1862 2804 1906 2858 in-

1086 2869 1202 2938 pensior
1222 2881 1292 2922 cura
1316 2881 1473 2936 sacrorum,
1494 2869 1631 2925 Romanae
1654 2873 1800 2930 Ecclesia
1817 2873 1906 2930 notarii

1087 2939 1243 3010 regionarii
1269 2952 1286 2993 a
1308 2939 1451 2994 Clemente
1466 2940 1551 3010 paulo
1572 2948 1644 2997 ante
1670 2944 1818 3013 instituti,
1839 2954 1866 3001 ut
1885 2947 1906 3000 ir

1085 3012 1148 3079 ey'us
1164 3023 1242 3065 num.
1278 3010 1356 3079 ,lin
1382 3008 1408 3081 5)
1425 3011 1453 3064 in
1470 3010 1585 3067 tabulas
1611 3013 1727 3072 referre
1755 3017 1905 3086 satagebant

207 3081 287 3139 libus
296 3080 415 3137 sedibus
431 3083 538 3139 tradita
551 3082 678 3152 exempla
702 3083 790 3153 buy‘us
804 3084 910 3140 decreti
925 3084 1030 3152 scripsi
1045 3095 1069 3156 C
1086 3082 1308 3138 sacerdotalium
1335 3087 1465 3138 actorum
1489 3082 1615 3152 epocbas
1644 3087 1841 3155 pontificales,
1862 3101 1904 3144 uon

206 3153 355 3222 similiter,
376 3153 560 3222 sicjussusa
584 3155 638 3224 piae
658 3156 802 3210 memoriae
820 3156 1029 3211 Constantino:
1085 3154 1204 3223 segnius
1219 3167 1304 3223 quam
1324 3160 1388 3208 acta
1404 3159 1572 3224 martyrum.
1603 3156 1677 3213 inde
1691 3168 1794 3216 autem
1811 3159 1905 3217 collecti

207 3225 258 3295 qui
270 3223 324 3280 boc
343 3225 495 3294 imperavit
507 3226 551 3280 sie
567 3223 638 3286 deri,
657 3233 689 3281 nt
709 3227 822 3294 puritas
836 3233 863 3281 et
876 3227 1031 3281 sinceritas
1085 3232 1154 3280 sunt
1168 3224 1290 3294 catalogi
1315 3224 1504 3295 pontificales,
1528 3239 1544 3280 a
1558 3225 1605 3280 SS.
1629 3228 1776 3287 Patribus
1792 3230 1905 3295 indicati,

205 3295 445 3353 orthodoxaelldei
457 3296 897 3366 nullisappetereturinsidiis.a
911 3298 1029 3353 Diaconi
1086 3297 1136 3366 qul
1150 3295 1204 3350 snb
1219 3295 1333 3351 liberio
1347 3296 1473 3368 aliisque
1486 3299 1715 3358 successoribus
1731 3303 1768 3359 ad
1783 3317 1834 3360 sua
1848 3311 1905 3359 ten-

185 3396 191 3404 .
207 3367 305 3437 itaque
318 3366 448 3437 pontiflci
460 3372 587 3423 astantes
597 3375 679 3423 crant
689 3382 722 3423 ex
735 3367 828 3424 obicio
843 3368 931 3424 veluti
945 3375 1031 3425 testes
1087 3380 1154 3435 pora
1170 3367 1303 3435 producti
1321 3367 1518 3424 inveniuntur.
1533 3370 1700 3428 Conlirmat
1717 3389 1804 3430 usum
1819 3376 1905 3430 dona-

205 3438 393 3510 agendorum,
407 3446 435 3494 et
448 3440 478 3493 in
488 3438 697 3495 ecelesiasticis
708 3440 895 3509 expediendis
906 3441 1031 3512 negotiis
1086 3451 1128 3492 nae
1139 3437 1272 3493 Ecclesiae
1283 3446 1449 3494 caeterarum
1463 3440 1607 3510 magistrae
1623 3456 1677 3512 par
1689 3442 1784 3502 terme
1797 3445 1904 3501 rstioob

207 3509 337 3580 pontiflci
359 3517 461 3579 praesto
476 3510 604 3566 aderant.
617 3510 710 3580 Quare
724 3512 796 3579 ipsis
811 3525 879 3566 cura
894 3513 1031 3566 arcbivo-
1084 3515 1194 3564 servata
1218 3510 1246 3564 in
1263 3510 1388 3580 reliquis
1401 3511 1644 3579 occidentalibus,
1657 3522 1688 3571 et
1701 3519 1733 3572 in
1759 3517 1901 3574 Africanis:

207 3595 270 3637 rum
286 3581 449 3644 commissa,
467 3580 646 3637 lercndarum
660 3581 846 3651 epistolarum
862 3582 1030 3638 sollicitudo
1084 3582 1168 3650 cujus
1184 3579 1362 3637 luculentum
1377 3583 1656 3642 testimoniumdcdi
1670 3601 1710 3643 ex
1724 3588 1902 3657 Actibusllip·

206 3652 387 3721 demandata,
404 3653 531 3722 utqnein
545 3653 817 3709 conciliisactorum
829 3654 1030 3723 exceptoribus
1085 3652 1221 3721 ponensis
1243 3653 1386 3721 Ecclesiae,
1410 3655 1524 3723 otiando
1550 3655 1586 3710 ab
1602 3657 1782 3729 Augustino
1800 3660 1898 3717 liradins

208 3729 361 3793 praeessent
377 3725 553 3793 injunctum,
567 3738 601 3780 ne
615 3724 728 3779 falsitas
741 3724 900 3793 obreperet.
912 3727 992 3794 Quod
1004 3725 1029 3780 si
1086 3723 1231 3792 presbyter
1245 3723 1452 3794 designabatur
1476 3724 1521 3780 iili
1536 3728 1697 3796 coadjutor
1718 3733 1899 3803 episcopuset

207 3808 271 3864 quae
280 3794 419 3850 adversus
438 3807 572 3864 canones,
588 3796 731 3850 interdum
748 3797 863 3851 actitari
878 3797 1032 3867 continge·
1085 3809 1245 3865 successor,
1272 3796 1372 3851 relatis
1392 3797 1467 3852 inter
1497 3798 1590 3853 sancti
1615 3800 1758 3858 doctoris
1777 3804 1898 3875 epistolas,

208 3871 369 3923 reteorum
380 3879 485 3920 munus
499 3873 560 3922 erat
572 3867 693 3935 prolatis
703 3866 862 3922 canonibus
868 3868 934 3935 iura
943 3868 1030 3922 lueri.
1086 3879 1115 3920 n.
1133 3863 1194 3935 tto,
1208 3874 1294 3937 atque
1311 3867 1350 3922 ita
1361 3868 1580 3924 exordienlibus
1592 3869 1632 3926 ab
1642 3875 1767 3942 epocha
1776 3876 1899 3945 consigna

207 3933 371 3991 lliiariusS.
381 3935 546 3991 Leonisact.
564 3934 574 3991 l
591 3936 855 3993 Cbaldiaeonusln
866 3938 1029 3994 latrocinali
1086 3939 1174 3993 tione.
1198 3938 1398 3993 diedesissime
1425 3939 1571 3994 Theodosio
1598 3943 1765 4014 duodecies,
1781 3952 1807 4002 et
1820 3948 1897 4002 Veter-

207 4005 351 4075 Ephesino
371 4007 500 4061 [iioscori
527 4009 685 4078 tyrannidi,
704 4009 826 4079 impigre
847 4017 876 4064 et
896 4011 1032 4065 audacter
1087 4012 1190 4063 linirem
1209 4010 1335 4077 degusto
1359 4012 1458 4065 iterum
1483 4013 1602 4075 consule,
1620 4022 1702 4071 secto
1715 4020 1784 4074 liat.
1802 4017 1896 4076 &ebro

206 4076 722 4136 contradixit:etAeliusaetloded
740 4080 964 4136 chalcedonensi
982 4082 1032 4135 in·
1086 4096 1145 4133 cunr
1171 4081 1345 4148 Augustinus
1369 4085 1509 4151 episcopus
1531 4099 1588 4137 une
1623 4102 1688 4141 cum
1719 4092 1897 4158 Reditiones

205 4145 674 4219 victerelragatusestquibnsdam
687 4150 1031 4221 monacbisrelractariis,
1086 4154 1253 4206 lllortinieuo
1284 4155 1446 4224 coepiscopis
1469 4157 1526 4208 suis
1551 4159 1724 4215 consedisset
1751 4165 1782 4215 in
1803 4160 1895 4215 deleat

207 4223 240 4273 ut
262 4215 303 4271 ibi
325 4217 433 4288 legitur
453 4216 508 4289 (lli,
524 4227 579 4276 act.
602 4218 627 4290 l)
653 4222 781 4292 singulis
795 4230 894 4277 contra
908 4236 1031 4278 canones
1083 4226 1160 4292 pncis
1181 4224 1399 4292 llippoeeesiunr
1426 4227 1576 4294 regionum,
1594 4239 1653 4284 etc.
1681 4233 1807 4288 Demnm
1821 4237 1895 4288 osten

207 4286 364 4372 postulatis
379 4303 525 4360 opponens
535 4292 662 4347 codicem
676 4305 828 4359 canonum,
844 4300 873 4348 et
886 4295 1031 4350 adducens
1084 4295 1128 4350 dit
1137 4295 1264 4350 sedulam
1276 4310 1373 4352 curam
1386 4298 1560 4367 episcopalis
1571 4313 1637 4356 aerae
1649 4302 1836 4376 singulorum
1849 4313 1895 4371 pre

206 4372 239 4415 ac
254 4361 380 4416 conedro
395 4375 622 4418 commemorans
635 4363 758 4434 regulas,
783 4378 854 4432 quas
870 4366 1030 4434 pervicaces
1084 4365 1192 4435 sulum,
1208 4380 1365 4438 eorumque
1393 4370 1587 4425 successionis
1601 4373 1633 4428 in
1657 4376 1796 4431 ecclesiae
1809 4372 1895 4430 tabule

207 4431 341 4487 monacbi
354 4431 543 4504 infregerant,
559 4442 591 4490 ut
605 4435 640 4490 ad
657 4448 785 4490 normam
799 4449 941 4492 canonum
957 4451 1030 4493 con-
1085 4436 1249 4506 referende,
1270 4440 1375 4495 namlis
1397 4441 1461 4496 dies
1475 4443 1641 4499 eorumdem
1669 4447 1818 4504 cathedrae
1831 4450 1896 4516 quot·

206 4503 332 4559 tumacia
353 4504 567 4574 reprimeretur.
1044 4492 1169 4594 Danais
1183 4510 1343 4593 celebratus
1367 4526 1431 4567 cnm
1454 4513 1538 4567 statis
1556 4515 1706 4587 precibus,
1724 4519 1755 4574 in
1777 4515 1895 4574 sacrificio

465 4612 548 4668 rut
561 4615 603 4669 Et
619 4613 749 4670 tarut-
1083 4583 1895 4719 litld‘ibdlillt‘ltlldldddcatillis

241 4719 292 4802 (Ex
316 4717 388 4802 lirul
407 4719 492 4775 Linea
513 4716 538 4802 ⁴:
555 4750 591 4760 -
611 4721 766 4775 Euarestus.
793 4722 885 4791 Hujns
903 4723 1028 4780 livarlsti
1083 4725 1297 4796 martyrologiis
1310 4726 1453 4796 signatus,
1470 4735 1530 4782 tum
1545 4730 1623 4798 apud
1637 4733 1774 4804 Latinos,
1788 4677 1894 4818 nugensi·

206 4790 354 4919 fontrllcxs
367 4793 500 4863 irenaeus,
516 4790 569 4845 lrb.
581 4805 611 4857 n,
622 4789 674 4847 c.3
684 4811 693 4860 ;
706 4793 813 4862 Optat,
825 4800 921 4849 corrtra
936 4795 1029 4850 Parm.
1084 4796 1198 4852 modum
1214 4796 1242 4850 in
1259 4797 1420 4865 Ambrosio,
1438 4804 1497 4853 turn
1511 4800 1587 4869 apud
1598 4802 1730 4871 Graecos,
1751 4813 1784 4862 ut
1794 4821 1821 4862 ιιι
1831 4803 1894 4860 uasi-

219 4863 258 4919 ib.
275 4876 295 4945 ¹.¹
312 4861 490 4933 ,Epiphan.,
512 4863 613 4918 baeresi
633 4860 667 4918 26
684 4882 692 4933 3
707 4864 841 4935 August,
864 4866 947 4935 epist.
967 4865 1028 4938 tob,
1084 4867 1135 4938 lio,
1151 4867 1277 4938 aliisque
1294 4870 1322 4923 in
1335 4868 1531 4925 ecclesiastica
1542 4873 1673 4930 Historia
1688 4879 1800 4946 passim
1811 4888 1893 4933 occur·

207 4941 409 4991 meminerunt.
1080 4939 1224 5001 rentibus.
1246 4940 1326 4995 Unde
1350 4940 1456 4996 inlerre
1477 4941 1625 5004 debemus,
1651 4960 1708 5002 non
1726 4962 1791 5005 esse
1804 4947 1893 5005 letibus

241 5007 329 5062 Linea
345 5005 372 5058 l.
387 5035 424 5044 -
447 5008 498 5060 llic
510 5005 605 5060 titulos
623 5008 654 5059 ie
669 5007 735 5059 urbe
747 5007 832 5060 Romo
844 5007 1030 5078 clivisitpres-
1084 5018 1119 5073 de
1131 5013 1228 5067 causis
1239 5012 1389 5068 variandas
1400 5014 1522 5083 epochas
1533 5015 1707 5083 pontificum
1719 5020 1760 5075 ita
1768 5021 1895 5090 consigna

205 5079 365 5146 laeteris-
379 5078 431 5132 Per
444 5077 547 5132 titulos
561 5077 691 5148 intellige
705 5076 805 5133 domos
816 5079 917 5134 divino
934 5080 1027 5137 cultui
1085 5093 1128 5143 tas
1144 5096 1192 5153 per
1207 5082 1383 5150 consulatus,
1399 5090 1449 5139 aut
1461 5098 1655 5154 pernumeros
1666 5103 1821 5156 annornm,
1831 5103 1894 5146 mea
1938 5142 1940 5153 ,

206 5150 393 5218 mancipatas,
419 5148 448 5202 in
473 5148 591 5231 'quibus
620 5148 780 5231 Christiani
803 5162 923 5220 synaxes
946 5164 1029 5221 agere
1084 5160 1170 5222 sium,
1187 5168 1220 5209 ac
1233 5155 1345 5209 dierum
1371 5155 1401 5208 in
1418 5156 1544 5224 publicis
1561 5165 1765 5217 monumentis
1779 5163 1848 5233 apud
1859 5172 1895 5216 eas
1938 5180 1940 5231 y

204 5226 421 5305 consueverant.
448 5219 518 5276 Vrde
539 5219 677 5288 epistolas
697 5221 742 5276 Pu
756 5221 837 5276 Pont.
856 5223 891 5278 ad
914 5224 1028 5280 lustum
1083 5223 1395 5295 ecclesiasantiquitus
1407 5228 1587 5295 constitutis,
1602 5244 1677 5299 quas
1692 5234 1752 5303 ipsi
1764 5236 1828 5291 sede
1840 5232 1894 5289 rllu·
1938 5238 1940 5273 Ι

204 5293 306 5348 Vrenn.
1082 5304 1278 5358 straruntsua
1305 5297 1359 5352 elsi
1384 5312 1440 5353 ara
1465 5298 1582 5355 illorum
1597 5303 1708 5372 duplex
1724 5307 1894 5368 inveniatur,
1938 5324 1940 5364 ;

239 5362 288 5433 (Ex
310 5361 407 5434 Ltus.)
433 5362 520 5418 Linea
543 5360 620 5416 l.-
640 5363 758 5419 Nullane
780 5365 899 5421 dracus.
921 5366 1028 5422 Antio-
1082 5372 1131 5428 sed
1150 5339 1342 5440 indagandum
1357 5381 1420 5426 esse
1435 5383 1503 5426 num
1518 5371 1674 5429 conciliari
1698 5379 1793 5445 possit
1808 5386 1896 5432 unuex
1938 5428 1940 5439 ,

205 5433 324 5490 chenus.
1084 5443 1130 5499 bis
1151 5454 1214 5496 eum
1226 5439 1374 5506 electione,
1390 5441 1479 5497 altera
1489 5455 1555 5498 cum
1568 5444 1827 5518 ordinationc,aut
1839 5460 1897 5503 suc·
1938 5448 1940 5481 r

520 5505 705 5560 BLANClllNl

1082 5513 1221 5579 cessione,
1235 5511 1369 5581 pluribus
1378 5513 1413 5568 de
1423 5514 1583 5570 causlsnon
1594 5516 1685 5573 semel
1698 5527 1850 5589 protracta,
1863 5516 1896 5572 nti
1938 5514 1940 5621 j

452 5627 528 5669 nors
544 5625 765 5669 cenononocrce.

239 5715 465 5791 lnchronologia
476 5720 644 5790 pontificum
654 5719 700 5775 sin
725 5720 1024 5797 illatimelucidanda,

1082 5588 1113 5643 in
1127 5585 1267 5654 Gregorio
1280 5586 1380 5654 llagno
1390 5598 1489 5642 omnes
1502 5594 1620 5643 norunt.

1115 5656 1207 5725 Caput
1234 5655 1366 5723 alterum,
1403 5657 1479 5726 quod
1509 5659 1671 5728 generatim
1698 5661 1894 5719 observandum

202 5797 237 5841 ne
251 5798 387 5857 cogamur
399 5792 506 5860 sepius
519 5796 646 5863 repetere
655 5805 687 5848 ea
723 5805 767 5849 em
780 5794 896 5865 regulas
908 5796 1026 5855 eadem-

1081 5726 1279 5798 proponimus,
1291 5732 1422 5782 versatur
1432 5728 1510 5784 circa
1522 5732 1727 5789 necessitatem
1741 5730 1895 5804 sublegendi

1080 5811 1136 5855 non
1149 5795 1237 5853 semel
1244 5797 1373 5869 episcopi
1383 5800 1536 5871 adiutoris,
1552 5816 1617 5870 qnae
1630 5805 1824 5863 successionis
1834 5814 1895 5872 epe
