3892 6136
114 271 168 332 387
501 273 549 331 AD
568 273 785 332 nnasrnstntt
809 271 1068 332 ruotbeonsshn
1089 276 1178 333 EDIT.
1206 276 1420 338 hort-tntis.
1767 278 1822 340 388

113 397 245 468 Caesaris,
267 403 399 455 auctores
421 397 539 456 inerunt
562 400 674 457 senatui
702 400 864 471 populoque
882 397 944 452 lto·
954 397 1153 466 AChrisiiani
1167 401 1264 460 cultus
1276 418 1363 475 snper
1380 404 1568 474 depressa,.et
1581 402 1703 460 contusa
1719 403 1825 460 rudera

114 502 198 545 mano
214 489 368 545 renovandi
381 489 488 546 ludaeis
507 490 603 547 eadem
624 491 775 561 privilegia
792 486 938 559 poscenti·
994 489 1169 562 iudeorum,
1194 506 1226 549 ac
1246 494 1392 561 Gentium,
1413 495 1497 550 ruina
1515 506 1569 549 sua
1592 506 1643 549 nos
1662 493 1826 564 opprimere

115 577 169 635 hus
182 591 230 649 per
240 577 348 649 legatos
358 577 393 633 ab
404 580 531 649 llyrcano
541 579 670 648 ipsorum
681 578 813 650 pontitice
826 578 938 646 missos,
993 580 1236 652 contendentium,
1252 587 1284 638 ut
1294 583 1408 653 plenius
1420 586 1564 650 momatur,
1578 583 1698 652 petenda
1708 587 1754 639 est
1764 583 1826 652 ejus

116 684 179 739 quaa
191 668 284 725 Caesar
296 674 377 723 antea
393 667 570 724 contulerat:
587 670 662 725 inter
672 683 734 739 quae
746 668 819 723 illud
832 678 940 722 memo·
994 665 1127 740 historia,
1139 673 1167 725 et
1176 670 1338 728 observatio
1348 686 1383 727 ex
1396 672 1484 744 gestis
1495 672 1598 729 horum
1609 670 1826 742 quinquaginta

115 765 197 816 ratur
213 772 229 814 a
244 758 376 829 losepho,
398 762 427 812 ab
442 759 492 827 jas
508 761 575 829 ipsis
591 761 661 827 toret
681 759 854 814 sodalitium
871 756 940 810 Urbe
994 769 1133 814 annorum
1146 759 1254 816 Christi
1268 761 1404 831 epocham
1418 761 1586 832 precedenti
1593 775 1658 818 um:
1674 759 1826 832 inquibus

115 850 234 904 habendi
251 864 390 904 sacrorum
416 864 537 912 scoram,
557 851 638 903 etiem
659 851 684 904 si
707 849 764 902 alic
787 851 941 902 ceterarum
995 847 1118 903 maxima
1131 849 1185 919 viS,
1197 855 1225 905 et
1237 850 1398 921 amplitudo
1410 856 1528 922 apparet
1543 850 1699 920 utriusque
1713 848 1825 920 populi,

114 939 257 993 nationum
275 942 443 993 vetarentur.
460 940 517 994 llac
537 938 719 1010 indulgentia
736 938 938 1004 Romanorum,
994 940 1092 991 contra
1104 943 1218 993 nostros
1232 939 1380 1008 pontifices
1394 939 1544 996 connisuri
1556 957 1563 993 ε
1577 939 1637 995 sive
1647 944 1761 1009 spectes
1773 938 1826 995 ele·

114 1033 143 1085 et
155 1028 276 1084 Caesaris
291 1028 463 1099 praesertim,
474 1027 581 1084 ludaeis
592 1027 745 1083 conciliata
760 1040 816 1097 prae
828 1024 939 1081 caeteris
994 1023 1134 1080 rationem
1145 1027 1314 1097 posterioris
1323 1028 1433 1100 templi,
1443 1029 1526 1098 cujus
1533 1027 1680 1084 excidium
1690 1026 1827 1099 praedixit

116 1117 294 1188 nationibus,
310 1116 449 1187 peculiari
461 1117 510 1173 hei
523 1117 703 1188 providentia
713 1115 940 1187 disponebantur
993 1113 1144 1187 Dominus,
1158 1114 1226 1171 licet
1238 1115 1274 1172 ab
1289 1117 1397 1173 llerode
1413 1121 1490 1173 mum
1507 1116 1721 1189 magnificentia
1737 1116 1826 1173 resti-

114 1207 235 1263 Caesaris
247 1207 470 1263 successoresad
487 1206 578 1277 prima
591 1206 726 1263 sodalitia
738 1204 940 1262 nostraltomae
995 1204 1088 1257 tntum
1111 1209 1164 1274 est,
1188 1209 1220 1260 ut
1244 1205 1389 1275 imperitis
1406 1206 1554 1263 videretur
1573 1204 1697 1276 gloriam
1718 1205 1826 1276 prioris

118 1294 302 1362 confovenda,
318 1311 381 1366 quae
396 1296 509 1352 scilicet
525 1296 554 1351 in
569 1295 661 1364 quimo
673 1303 700 1352 et
714 1295 804 1350 altero
818 1294 941 1349 adventu
994 1295 1196 1359 superaturum
1207 1311 1215 1365 3
1228 1294 1288 1351 sive
1297 1295 1491 1350 extemionem
1503 1294 1677 1365 consideres,
1690 1306 1725 1350 ac
1738 1293 1825 1352 robur

116 1385 228 1442 Petriad
239 1385 341 1441 Urbem
355 1385 463 1441 ethnici
474 1384 654 1459 distinguere
667 1385 793 1442 nondum
807 1386 942 1439 noverant
998 1379 1113 1451 imperii
1126 1384 1255 1455 Romani,
1267 1389 1296 1440 et
1309 1386 1419 1454 copiam
1432 1385 1630 1442 universarum
1645 1385 1828 1454 superstitio·

116 1488 132 1532 a
150 1474 313 1531 iudeorum
335 1474 524 1531 conventibus
541 1493 549 1543 ς
569 1475 712 1546 praecipue
732 1487 795 1531 cum
815 1473 945 1529 viderent
999 1483 1068 1526 num
1080 1471 1109 1526 in
1122 1485 1155 1529 eo
1168 1473 1339 1545 vigentium,
1355 1479 1382 1531 et
1396 1475 1426 1530 in
1440 1473 1614 1531 sacrificulis
1626 1474 1690 1531 suis
1707 1473 1826 1530 totidem

115 1563 260 1634 apostolos
278 1564 440 1620 ludaeorum
466 1563 646 1620 contribules
660 1563 737 1619 inter
750 1576 799 1618 eos
819 1561 944 1631 primum
1000 1557 1096 1616 hostes
1105 1561 1164 1630 jam
1177 1565 1405 1634 comparantium
1419 1570 1519 1621 contra
1531 1564 1682 1634 episcopos
1695 1563 1827 1620 Romane

116 1651 316 1710 ddemChristi
328 1653 600 1724 pronuntiare.Pari
610 1666 724 1724 quoque
733 1652 843 1707 ratione
852 1650 947 1706 obser·
1001 1648 1095 1704 sedis:
1111 1650 1218 1720 quihus
1233 1652 1427 1722 apostolorum
1448 1652 1590 1723 principis
1610 1665 1691 1723 cura,
1708 1665 1766 1721 prae
1780 1665 1827 1708 ce·

115 1739 176 1801 vari
187 1738 945 1814 potestviacomplanataadChristiaaaeEcclesiaeepi·
959 1740 985 1802 Β
1002 1738 1081 1807 teris,
1098 1741 1308 1797 transmittitur
1322 1756 1385 1797 oum
1399 1742 1561 1798 sacerdotio
1575 1742 1604 1797 in
1618 1754 1719 1797 omues
1733 1746 1828 1814 gentes

115 1836 250 1903 scopatus
268 1837 332 1903 post
351 1833 509 1888 Romanum
532 1832 655 1888 maxime
672 1831 797 1888 celebres
817 1828 945 1885 lundan—
1000 1825 1161 1897 proterendi
1173 1830 1358 1902 Evangelium
1371 1831 1490 1887 Christi.
1507 1832 1669 1901 Apparatus
1683 1829 1740 1887 iste
1751 1829 1829 1886 orbis

115 1920 168 1978 dos
182 1927 248 1978 ante
267 1923 389 1979 Neronis
411 1922 639 1994 persecutionem
659 1920 819 1978 Antiochiae
833 1923 862 1975 et
875 1917 945 1973 hle⁴
999 1921 1140 1974 terrarum
1158 1924 1257 1975 contra
1272 1919 1428 1976 Ecclesiam
1444 1918 1551 1989 nisuri,
1567 1924 1595 1976 et
1606 1933 1658 1990 per
1671 1919 1827 1976 Ecclesiam

115 2012 266 2082 aendriae3
288 2026 352 2068 cum
373 2012 529 2084 utrobique
552 2011 715 2068 obtinerent
735 2009 825 2066 ludaei
847 2009 943 2064 eadem
999 2006 1188 2065 saluberrime
1204 2010 1370 2080 superandi,
1385 2009 1574 2080 explicandus
1589 2012 1651 2065 erat
1668 2008 1699 2064 in
1712 2009 1829 2080 amplis·

117 2100 269 2172 privilegia
282 2102 462 2171 superiorum
477 2116 586 2174 regam,
600 2101 706 2159 atulio
717 2101 825 2157 Caesare
837 2097 945 2154 contir-
999 2096 1072 2152 sima
1085 2112 1185 2169 pompa
1200 2112 1252 2157 sua
1266 2113 1315 2169 per
1328 2112 1419 2156 annos
1432 2099 1647 2170 quinquaginta
1659 2104 1728 2156 ante
1743 2111 1825 2154 aeram

116 2193 201 2258 mata,
218 2194 246 2244 et
259 2203 276 2245 a
290 2196 392 2246 senatu
414 2191 575 2263 populoque
593 2192 730 2261 Romano,
750 2193 779 2246 et
794 2203 810 2245 a
823 2187 945 2243 casaris
997 2186 1105 2242 Christi
1119 2196 1279 2259 conspecta,
1293 2192 1325 2246 ut
1337 2188 1428 2245 lucem
1442 2187 1601 2245 affunderet
1616 2187 1750 2245 historie
1764 2201 1828 2258 pon

116 2277 317 2335 sucessoribus
342 2294 391 2349 per
410 2280 463 2338 hos
484 2280 695 2352 quinquaginta
719 2293 821 2349 annos,
845 2281 873 2334 et
895 2290 945 2347 per
999 2276 1191 2333 tibcali.Nam
1201 2278 1323 2334 concisae
1333 2277 1390 2333 illae
1402 2277 1529 2349 priorum
1541 2277 1617 2335 Petri
1628 2290 1826 2335 successorum

116 2374 285 2425 consecutos
299 2371 435 2440 usquead
454 2371 561 2436 Titum,
577 2371 626 2439 jus
639 2369 752 2426 scilicet
764 2368 903 2437 civitatis,
917 2370 945 2421 et
998 2366 1073 2437 vita,
1089 2381 1152 2439 quae
1172 2380 1239 2429 uno,
1260 2373 1312 2423 ant
1327 2367 1418 2424 altero
1432 2381 1517 2424 versu
1535 2368 1659 2439 grandia
1670 2380 1772 2425 eornm
1787 2378 1828 2438 ge

113 2458 163 2529 jus
175 2459 325 2515 exercendi
340 2459 432 2528 patria
445 2473 525 2515 sacra
540 2459 601 2516 ritu
616 2460 766 2528 majorum.
782 2458 838 2511 Nec
851 2455 945 2511 dissi·
998 2459 1042 2511 sta
1055 2456 1232 2535 concludunt
1246 2457 1315 2513 trita
1328 2457 1380 2514 illa
1394 2471 1427 2514 ac
1439 2457 1566 2528 simplici
1583 2455 1717 2514 clausula
1730 2468 1828 2513 sacra-

116 2548 180 2603 mili
197 2548 383 2605 beneficentia
398 2549 462 2619 opis
476 2549 582 2604 divinae
595 2555 635 2605 tot
649 2548 730 2604 sedes
741 2545 865 2601 aliorum
878 2544 944 2614 epi·
999 2558 1062 2601 rum
1081 2546 1309 2615 ordinationum,
1330 2549 1431 2602 meavit
1447 2548 1621 2618 presbyteros
1637 2548 1673 2611 Ν,
1689 2548 1826 2617 episcopos

117 2642 285 2708 scopatunm
301 2641 366 2693 ante
378 2638 502 2693 Neronis
516 2637 741 2707 persecutionem
759 2637 863 2704 paratae
878 2630 944 2689 iue-
996 2650 1045 2705 per
1060 2635 1167 2690 diverso
1183 2637 1240 2691 loca
1255 2639 1287 2694 Ν.
1305 2641 1375 2708 quot
1388 2636 1554 2709 ingentibus
1569 2635 1654 2693 lactis
1669 2641 1827 2709 praegnent,

116 2733 182 2783 rant
205 2727 304 2782 electis
331 2727 448 2782 advenis
477 2726 668 2795 dispersionis
692 2725 785 2794 Ponti,
812 2722 941 2793 Galatiae,
997 2725 1192 2795 acquisitione
1214 2725 1326 2782 scilicet
1350 2728 1574 2796 provinciarum,
1596 2725 1769 2784 fundatione
1790 2738 1829 2782 se·

115 2815 310 2886 Cappadociae,
327 2814 411 2886 lisiae,
428 2822 457 2871 et
472 2815 621 2886 Bythiniae,
638 2820 667 2870 et
681 2813 841 2870 insularum
856 2812 942 2882 asts,
996 2813 1088 2883 dium,
1096 2816 1280 2872 conversione
1289 2816 1448 2888 regionum,
1456 2829 1512 2872 non
1521 2815 1829 2886 parumdeclarabitur

115 2909 203 2976 atque
218 2907 336 2976 Europae
352 2906 547 2976 adjacentium
561 2923 568 2974 3
583 2919 647 2961 cum
664 2904 694 2960 in
711 2904 748 2960 iis
765 2901 942 2975 regionibus,
996 2903 1031 2959 ab
1044 2904 1154 2973 adjecta
1170 2905 1273 2962 notitia
1288 2903 1428 2977 Orientis,
1443 2911 1471 2962 et
1485 2905 1660 2975 Occidentis,
1680 2905 1760 2962 intra
1776 2905 1830 2961 hoc

117 2994 236 3063 perinde
248 3007 281 3049 ac
296 2995 325 3050 in
345 2995 465 3063 Graecia,
482 2999 510 3050 et
529 2994 703 3057 blacedonia,
727 3005 876 3063 synagogae
889 2990 943 3046 lu·
997 2992 1122 3063 spatium
1138 2993 1256 3050 dimidii
1273 2994 1372 3051 saeculi
1388 3008 1452 3052 aerae
1470 2994 1643 3051 Christianae
1657 2993 1826 3066 praemissi:

116 3081 942 3154 daeorumapertaeoppignerassent(ntitadicamiaditnm
959 3074 1055 3152 uno
1085 3081 1238 3139 exhibetur
1266 3089 1359 3141 status
1387 3084 1466 3141 orbis
1497 3082 1585 3141 ierme
1614 3085 1746 3140 universi
1781 3098 1830 3155 per

116 3172 189 3228 viris
211 3172 389 3244 apostolicis,
411 3185 461 3243 per
479 3173 585 3243 bloysis
604 3172 820 3228 tabernaculum
839 3171 873 3226 ad
894 3170 944 3226 in·
996 3172 1110 3228 eosdem
1128 3172 1264 3242 presules
1283 3174 1457 3245 apostolicos
1475 3175 1510 3230 ad
1528 3173 1662 3231 Ecclesiae
1677 3173 1830 3231 catholicae

116 3263 223 3318 teriora
236 3261 386 3317 velaminis
397 3260 563 3331 perlaturis,
576 3261 641 3317 novi
654 3259 770 3318 loederis
780 3259 902 3329 tabulas,
915 3262 943 3315 et
997 3261 1161 3317 societatem
1177 3263 1324 3334 redigendi

115 3363 209 3408 arcam
229 3352 298 3407 Novi
320 3356 348 3407 et
365 3350 463 3407 aeterni
478 3351 661 3419 testamenti,
681 3350 847 3407 observante
862 3349 942 3405 beato
1031 3346 1157 3416 Quarum
1179 3352 1311 3407 methodo
1332 3351 1360 3406 id
1376 3349 1570 3408 exhibendum
1588 3351 1752 3409 curaverim
1776 3352 1829 3408 hac

114 3440 266 3498 Ambrosio
281 3438 345 3514 [lib.
361 3455 413 3496 vnr
428 3440 457 3496 in
472 3441 575 3496 Lucana
589 3454 675 3511 prope
688 3439 782 3510 baem]
794 3438 942 3494 Christum
998 3438 1028 3493 in
1050 3439 1247 3511 chronologia,
1271 3440 1339 3496 licet
1358 3446 1528 3512 conspectus
1548 3440 1610 3511 ipse
1630 3441 1704 3498 satis
1723 3441 1829 3500 docere

113 3529 267 3587 Dominum
281 3532 444 3593 devenisse,
459 3533 490 3584 ct
499 3545 551 3599 per
564 3529 672 3583 ledeos
687 3529 817 3583 transiret
827 3527 864 3581 cd
873 3542 943 3595 gen-
997 3527 1089 3598 possit
1102 3546 1109 3598 ;
1123 3533 1247 3585 attamen
1264 3529 1364 3598 paucis
1376 3528 1522 3586 declarare
1535 3542 1591 3587 non
1607 3529 1697 3602 piget.

115 3621 163 3675 tes.
176 3622 241 3690 lpsa
252 3620 405 3689 captivitas
418 3620 540 3690 Hyrcani
554 3618 628 3690 apud
643 3618 771 3688 Parthos,
788 3621 816 3673 et
827 3616 943 3672 iudaeo-
1032 3616 1142 3686 Duplex
1162 3617 1295 3674 columna
1314 3618 1444 3691 singulas
1463 3618 1583 3695 paginas
1600 3617 1737 3676 bilariam
1756 3621 1830 3679 divi·

115 3722 180 3766 rum
193 3710 223 3764 in
235 3709 437 3778 Mesopotamia
450 3708 615 3780 degentiam
628 3722 695 3781 erga
707 3722 772 3765 eum
784 3706 942 3764 reverentia
996 3706 1051 3777 dit,
1067 3712 1099 3763 ut
1114 3707 1145 3764 in
1161 3722 1218 3764 una
1234 3707 1374 3764 referatur
1393 3708 1589 3783 chronologia,
1606 3716 1635 3765 et
1650 3709 1777 3768 historia
1791 3712 1831 3768 ci·

116 3798 293 3854 monstrabat
314 3799 454 3866 semitam,
474 3797 524 3851 Dei
542 3801 615 3853 nutu
636 3803 761 3866 apertam
777 3797 811 3852 ad
833 3798 942 3864 perdu-
996 3796 1065 3852 vilis
1079 3796 1272 3870 ethnicorum,
1290 3799 1319 3854 in
1334 3797 1423 3855 altera
1437 3797 1625 3855 sacerdotalis
1639 3798 1742 3871 populi
1756 3800 1830 3856 divi·

115 3888 236 3944 cendum
262 3886 338 3942 ultra
365 3885 436 3941 lines
460 3885 578 3940 Romani
605 3885 720 3954 imperii
745 3884 822 3941 illios
843 3885 941 3941 liberae
996 3899 1064 3942 num
1080 3890 1191 3943 cultum
1214 3889 1269 3944 rite
1288 3887 1477 3945 exercendum
1493 3889 1581 3945 alteo
1600 3888 1830 3960 vocati:nempe

114 3975 223 4031 Christi
244 3987 365 4044 sponsae,
386 3987 450 4030 cum
472 3986 505 4029 eo
528 3978 723 4045 penetrassent
747 3974 806 4029 nati
828 3974 941 4030 ancillae
994 3976 1156 4034 iudeorum
1189 3978 1324 4034 Ecclesia
1355 3983 1421 4034 ante
1453 3978 1607 4036 adventum
1641 3979 1759 4035 nomini
1778 3987 1830 4051 ;et

117 4064 210 4135 illius,
227 4078 290 4134 quae
302 4067 419 4135 generat
433 4061 462 4118 in
479 4063 655 4118 servitutem.
673 4063 750 4117 Licet
763 4076 828 4118 vero
841 4062 941 4118 ethni·
994 4065 1175 4138 Christianae,
1202 4076 1265 4139 post
1282 4083 1346 4125 eum
1369 4067 1455 4125 terris
1476 4069 1574 4125 datum
1588 4069 1677 4125 Deum
1692 4069 1830 4126 etllomi·

115 4167 215 4211 corum
236 4152 672 4223 persecutiones,aiudaeorum
693 4152 832 4222 exemplis
848 4157 876 4208 et
892 4152 942 4208 in-
995 4170 1069 4227 aem,
1097 4163 1126 4213 et
1158 4158 1282 4228 lapidem
1313 4158 1493 4231 angularem,
1519 4158 1570 4230 qui
1603 4157 1673 4217 lact
1702 4165 1830 4232 utraque

116 4242 203 4300 sidiis
214 4243 345 4298 excitatae
360 4242 496 4298 adversus
505 4241 652 4297 Christum
666 4242 791 4312 Domini,
802 4246 830 4296 et
842 4248 941 4298 contra
996 4260 1096 4304 unum.

116 4332 200 4388 illius
221 4332 376 4388 Ecclesiam
396 4331 493 4388 statim
515 4345 548 4387 ao
566 4346 616 4401 per
631 4332 775 4401 apostolos
797 4332 941 4388 condeba-
1031 4338 1060 4391 ln
1081 4335 1171 4406 priori
1195 4337 1329 4396 columna
1350 4338 1498 4411 assignate
1519 4337 1727 4410 chronologia,
1740 4337 1830 4394 ethi·

116 4424 174 4492 tur,
186 4435 242 4478 nou
256 4436 338 4479 secus
347 4436 380 4478 ac
392 4422 498 4478 tinctus
510 4422 605 4492 abvssi
620 4428 835 4494 magnaecontra
845 4436 939 4479 arcam
953 4438 980 4500 q]
995 4427 1092 4483 storia
1111 4427 1250 4498 gentium,
1268 4443 1301 4485 ac
1317 4429 1473 4499 praesertim
1494 4431 1625 4485 Romanae
1643 4426 1826 4499 reipublice,

116 4512 246 4584 undique
258 4512 377 4583 impulsi
390 4512 517 4569 eamdem
533 4512 711 4585 impeterent,
726 4514 822 4569 statim
836 4526 869 4568 ac
882 4527 940 4585 per·
995 4521 1024 4574 et
1037 4517 1150 4586 imperii
1168 4518 1342 4590 principum,
1358 4519 1543 4590 quibuscum
1553 4518 1687 4576 Ecclesia
1699 4517 1828 4576 historia

115 4601 189 4659 lecta
211 4603 274 4672 ejus
296 4600 418 4672 fabrica,
441 4602 516 4658 inter
538 4601 618 4660 illam
641 4604 700 4660 Noe
722 4607 942 4675 congregaverat
996 4619 1085 4662 nexus
1098 4607 1255 4665 continuus
1268 4609 1446 4679 praecaeteris
1460 4607 1622 4678 intercedit,
1637 4620 1683 4664 res
1695 4607 1829 4665 occiden-

116 4692 345 4764 praeservandum
360 4705 376 4748 a
391 4691 538 4749 communi
560 4692 641 4749 clade
655 4693 812 4751 viventium
828 4706 939 4765 genus3
996 4695 1064 4751 talis
1077 4699 1186 4753 tractas
1201 4696 1319 4769 digestae
1331 4704 1401 4754 sunt
1415 4703 1472 4754 em
1489 4697 1519 4754 in
1534 4695 1723 4769 chronologia
1739 4710 1827 4769 qnam

115 4787 239 4840 attamen
257 4781 426 4840 elevationis
445 4794 505 4837 suae
526 4782 632 4856 padus
649 4788 765 4852 experta
780 4788 823 4839 est
838 4782 941 4839 iisdem
997 4784 1026 4841 in
1043 4785 1176 4844 historia.

116 4875 147 4932 in
167 4876 305 4933 tluctibus
326 4874 500 4932 mirabiliter
520 4887 537 4929 a
557 4877 615 4931 Deo
636 4873 797 4930 substratos
817 4872 941 4930 Ecclesia
1031 4874 1229 4948 Chronologiae
1244 4876 1384 4933 indicatio
1397 4877 1549 4950 generalis,
1563 4875 1750 4947 complexura
1761 4876 1827 4934 cha·

114 4966 244 5023 Christi:
260 4967 310 5040 qui
330 4966 451 5023 salutem
471 4963 600 5022 iacturas
619 4964 801 5022 etinimicis
820 4966 939 5036 nostris,
996 4972 1119 5021 racteres
1138 4978 1278 5021 annorum
1302 4966 1475 5039 singillatim
1499 4981 1533 5024 ex
1557 4965 1635 5037 cyclo
1654 4965 1829 5023 occidenta-

116 5055 246 5112 ccasulto
265 5057 394 5114 voluerat
414 5057 456 5114 ihi
469 5064 552 5115 antea
571 5057 687 5116 landari
706 5070 874 5128 synagogas,
889 5056 940 5114 uhi
995 5053 1074 5111 libus
1088 5054 1272 5128 chronologis
1287 5055 1372 5114 hodie
1388 5064 1500 5129 recepto
1514 5055 1625 5128 (utpote
1640 5057 1829 5114 discernente

115 5157 265 5217 synagogae
284 5144 338 5200 blii
360 5153 458 5203 contra
483 5148 638 5205 Ecclesiam
661 5153 795 5217 urgerent
818 5148 940 5204 vortices
994 5145 1067 5201 citra
1081 5146 1174 5201 ullum
1189 5144 1371 5203 contusionis
1386 5146 1545 5218 periculum
1562 5159 1767 5218 quemcunque
1779 5160 1827 5205 an

115 5236 255 5306 gentium,
269 5246 301 5288 ac
314 5247 392 5304 suos,
407 5241 439 5290 ut
453 5237 488 5292 ad
506 5236 632 5292 eamdem
650 5234 723 5290 illisi
739 5235 854 5306 utrique
866 5251 939 5296 con·
995 5251 1073 5307 num,
1089 5238 1209 5308 ejusque
1222 5250 1239 5293 a
1252 5239 1386 5308 praesenti
1402 5236 1582 5308 distantiam)
1596 5236 1782 5308 conspicitur
1795 5237 1828 5294 in

115 5323 252 5397 ciderent,
268 5330 306 5396 et,
326 5324 487 5395 aggregatis
504 5323 652 5395 ductibus,
672 5338 766 5381 arcam
784 5326 938 5385 salutarem
994 5326 1147 5399 marginali
1161 5326 1251 5384 ducta
1266 5328 1416 5392 columne,
1432 5328 1581 5398 primaque
1594 5327 1660 5383 sede
1675 5326 1835 5386 sinistror.

115 5413 149 5470 ad
164 5415 268 5473 altiora
284 5413 480 5485 proveherent.
993 5433 1057 5477 sum
1074 5431 1123 5488 per
1135 5417 1238 5473 seriem
1253 5420 1462 5476 descendente:
1478 5417 1532 5475 sub
1544 5431 1579 5476 eo
1594 5414 1684 5475 titulo
1698 5432 1831 5491 superne

151 5506 213 5561 llaec
229 5507 320 5578 igitur
339 5504 476 5577 projectio
496 5502 674 5562 fundamenti
693 5506 722 5563 in
736 5506 854 5566 Oriente
866 5514 895 5565 et
907 5509 938 5566 in
994 5511 1088 5582 posito
1101 5527 1108 5564 :
1122 5508 1199 5565 Aoni
1215 5509 1325 5578 periodi
1338 5511 1456 5565 totana
1472 5507 1521 5564 uhi
1536 5508 1668 5578 periodus
1680 5511 1830 5568 Julimma

115 5593 276 5667 Occidente,
309 5596 344 5653 ad
368 5593 551 5652 excitandum
581 5596 637 5654 Deo
666 5599 802 5670 templum
830 5598 936 5672 vivum,
993 5600 1138 5674 scaligero
1158 5597 1283 5668 inventa,
1304 5611 1395 5658 anuos
1414 5597 1545 5671 singulos
1564 5597 1693 5671 ordinat,
1714 5600 1832 5658 additis
