3892 6136
528 248 574 307 lu
591 232 811 308 auasrasruu
831 249 1090 311 ruouaoonnna
1109 252 1198 311 eurr.
1218 253 1435 313 non-vanc.

588 543 943 728 lllllllll
1006 544 1369 731 lllltllll

810 828 1133 934 PRAElhllc

365 1058 421 1122 ab
457 1056 610 1121 TOMUM
639 1053 871 1120 SECUNDUM
909 1051 1122 1119 EDITIONIS
1153 1055 1585 1122 ROMANO-VATIOANAE.

160 1359 186 1417 l.
199 1361 392 1420 Produxlmus
406 1366 482 1420 tunm
497 1362 593 1435 priore
606 1362 688 1419 Vitas
701 1360 871 1419 Pontideum
887 1359 947 1419 liu-
959 1363 989 1425 Α
1000 1360 1211 1434 catalogorum,
1235 1362 1348 1433 quando
1373 1363 1590 1433 expendendum
1613 1362 1670 1419 erit
1693 1368 1828 1421 mutuatu

123 1462 282 1524 manorum,
297 1449 443 1509 hnastasii
459 1452 574 1509 nomine
590 1456 655 1523 post
672 1453 735 1521 ejus
749 1451 945 1509 collectionem
1002 1450 1221 1523 firmamentum,
1238 1451 1313 1521 quod
1329 1451 1386 1508 slbi
1402 1452 1522 1509 invicem
1536 1457 1672 1524 prestant
1687 1453 1748 1509 haec
1764 1464 1829 1510 mo-

122 1538 259 1598 donatas:
273 1541 323 1598 ubl
336 1543 502 1600 curavimus
516 1542 680 1612 superiores
694 1541 836 1598 editiones
850 1541 948 1597 bdeli-
1002 1545 1147 1613 numenta,
1162 1553 1196 1597 ac
1208 1541 1373 1597 testimonia
1388 1541 1575 1600 ecclesiarum
1588 1547 1616 1601 ct
1630 1542 1827 1600 bibliothoca-

122 1631 165 1685 ter
178 1629 313 1702 exprimi,
329 1635 357 1687 et
370 1631 546 1688 variantium
561 1631 718 1688 lectionum
730 1630 824 1701 copiis
835 1630 945 1702 augeri,
1002 1643 1076 1697 rum,
1093 1630 1156 1686 suis
1172 1630 1203 1685 in
1219 1631 1342 1701 picturis
1356 1637 1385 1687 et
1398 1632 1564 1689 codicibus.

122 1719 373 1787 praestantissimis
385 1733 419 1776 ex
432 1719 594 1790 codicibus,
608 1724 666 1775 tarn
678 1719 756 1776 intra
769 1732 853 1789 quam
866 1724 947 1775 extra
1036 1720 1082 1774 lll.
1106 1720 1188 1774 Num.
1214 1719 1258 1791 3l,
1284 1734 1345 1792 pag.
1367 1717 1420 1777 cll
1434 1739 1440 1775 ι
1455 1721 1602 1791 Cutoloqm
1619 1723 1781 1794 pontificum
1803 1725 1828 1776 et

120 1805 232 1863 ltaliam
246 1808 375 1878 unquue
387 1808 573 1879 conquisitis.
588 1807 779 1881 Aggredimur
790 1808 945 1864 editionem
1000 1806 1167 1863 decretorum
1186 1809 1220 1863 ab
1236 1810 1273 1864 eis
1288 1810 1423 1865 editorum
1437 1827 1471 1866 ec
1489 1816 1675 1867 sexcentorum
1689 1825 1827 1866 commum

121 1895 240 1952 secundi
256 1897 338 1969 tomi,
353 1911 412 1969 quo
424 1897 633 1954 constituimus
647 1895 795 1969 complecti
814 1897 947 1969 prolego-
1000 1897 1089 1952 codice
1106 1894 1160 1953 638
1183 1898 1311 1954 Vaticano
1330 1905 1394 1955 onte
1411 1900 1538 1956 anselmi
1558 1901 1687 1957 lucensis
1710 1899 1827 1971 episcopi

121 1996 203 2041 mena
224 1989 252 2041 et
273 1990 365 2057 notas,
387 1987 421 2042 ad
443 1985 649 2043 illustrandum
667 1991 830 2043 contextum
851 1986 948 2057 operis
1000 1985 1145 2042 decretam.

35 2066 38 2070 ’
121 2075 244 2131 maxime
255 2074 382 2132 idoneas.
394 2073 455 2145 Qua
469 2075 497 2132 ld
509 2077 621 2134 ratione
631 2089 822 2155 exsequamur
831 2089 865 2132 ex
877 2076 948 2134 illo-
1035 2071 1191 2131 observare
1204 2074 1251 2131 hic
1262 2076 1349 2132 etiam
1363 2081 1488 2149 praestat,
1502 2077 1605 2135 seriem
1617 2089 1651 2134 ac
1662 2076 1827 2135 successio-

121 2176 185 2220 rum
198 2164 350 2233 sententia,
364 2164 415 2235 qui
429 2164 552 2222 consilia
564 2170 592 2221 et
602 2178 682 2235 opem
696 2165 765 2221 huie
779 2166 859 2235 operi
874 2179 948 2221 con·
1002 2176 1063 2219 nem
1079 2163 1246 2234 pontibcum
1263 2166 1464 2238 homanorum,
1478 2180 1634 2238 eorumque
1647 2167 1726 2224 sedis
1737 2167 1826 2223 chro-

122 2251 260 2322 tulerunt,
281 2252 412 2323 expedite
431 2253 575 2325 intelliget
588 2256 688 2311 Lector
699 2267 734 2311 ex
753 2253 878 2325 hisquae
897 2269 947 2312 se-
1001 2252 1128 2308 notaxim
1141 2253 1214 2308 tanti
1230 2267 1340 2324 seraper
1353 2254 1478 2311 habitam
1493 2256 1522 2311 in
1538 2255 1665 2313 Ecclesia
1678 2253 1780 2328 luisse,
1793 2260 1825 2312 ut

121 2345 262 2413 quantur.
1002 2343 1061 2397 tum
1071 2345 1179 2397 veteres
1188 2343 1292 2413 Patres,
1303 2343 1555 2416 lrenaeusscilicet,
1565 2344 1717 2416 aliiquead
1728 2345 1823 2416 priora

155 2428 182 2487 9.
204 2431 234 2486 ln
257 2430 423 2502 praelatione
444 2432 552 2502 prioris
571 2432 652 2503 torni,
674 2446 792 2490 numero
813 2430 856 2502 ll,
878 2445 946 2503 per·
999 2428 1108 2484 Christi
1123 2429 1227 2485 saecula
1247 2431 1431 2504 pertinentes,
1454 2433 1484 2488 iu
1499 2438 1571 2490 austu
1591 2434 1822 2503 persecutionum

121 2519 346 2591 pendimuscum
357 2521 944 2592 schelestratiosaepiuslaudato,primam
1000 2518 1126 2574 eamdem
1149 2522 1278 2575 attexant
1294 2537 1301 2591 ;
1320 2524 1382 2576 tum
1405 2520 1612 2592 subsequentes
1637 2527 1735 2578 aetates
1762 2528 1825 2593 post

120 2613 263 2667 texturam
282 2610 360 2666 hibat·
377 2612 555 2682 pontificalis,
575 2624 626 2668 seu
646 2612 781 2676 vitorum,
799 2612 947 2668 Anastasia·
1000 2607 1308 2666 assertamlibertatem
1319 2610 1413 2667 diuini
1423 2611 1521 2668 cultus
1532 2612 1659 2669 eamdem
1669 2611 1822 2684 explicent,

119 2712 216 2754 nonen
226 2702 443 2769 proferentium,
463 2700 561 2757 deberi
583 2701 716 2771 antiquis
736 2701 874 2771 Cututopis
887 2704 945 2758 llo-
961 2708 987 2770 Β
1003 2710 1059 2754 uon
1076 2698 1158 2755 modo
1171 2699 1202 2755 in
1217 2698 1349 2757 basilicis
1364 2701 1509 2772 Romanis,
1524 2702 1572 2758 sed
1585 2702 1673 2758 etiam
1686 2702 1716 2758 in
1728 2701 1824 2772 pluri-

118 2802 263 2844 mcaorum
272 2790 442 2861 pontificem,
457 2790 613 2860 praesertim
627 2804 693 2847 nero
707 2793 888 2847 uetustissimo
903 2791 947 2847 illi
1002 2786 1056 2843 bus
1070 2787 1158 2844 Roma
1169 2788 1293 2846 dissitis.
1308 2791 1385 2847 Duas
1398 2790 1458 2846 vidi
1474 2791 1502 2845 in
1513 2791 1629 2847 Etruria
1645 2791 1684 2846 ita
1698 2796 1823 2861 ornatas,

119 2877 289 2933 sublibua‘o
298 2895 375 2949 papa
389 2880 507 2944 collecto,
524 2894 608 2952 quem
625 2880 735 2937 ideirco
750 2881 793 2937 uti
809 2881 901 2937 basim
913 2894 947 2938 ae
1003 2876 1247 2947 metropolitanam
1270 2878 1382 2934 scilicet
1396 2879 1546 2936 ecclesiam
1568 2880 1716 2950 senarum,
1733 2882 1826 2937 etre-

120 2962 349 3040 lundamentum,
372 2973 423 3025 aut
446 2975 523 3025 certe
547 2970 664 3026 initium
689 2984 722 3026 ac
749 2969 945 3027 rudimentum
1001 2968 1107 3021 iustam
1128 2966 1227 3037 adem,
1252 2968 1345 3024 sancti
1371 2968 1447 3025 Petri
1473 2969 1588 3026 nomine
1610 2970 1667 3026 Deo
1688 2969 1822 3039 dicatam,

120 3055 253 3112 ilistoriae
268 3058 445 3115 Pontidcalis
460 3059 632 3130 promittere
648 3059 841 3116 necessarium
854 3059 946 3116 duxi·
999 3054 1133 3112 dioecesis
1147 3057 1266 3129 Pisanae,
1284 3070 1368 3128 quam
1384 3062 1486 3115 vocant
1499 3059 1526 3114 S.
1544 3059 1619 3115 Petri
1636 3059 1666 3115 in
1682 3059 1769 3116 vado.

119 3156 193 3200 mus.
211 3145 325 3203 Primus
337 3146 431 3204 edidit
443 3150 471 3203 Ρ.
485 3148 617 3221 AEgidius
628 3148 787 3206 Bucherius
797 3149 827 3205 in
839 3148 944 3205 celebri
961 3134 965 3139 ⁴
1035 3142 1061 3200 l.
1084 3145 1228 3218 catalogis
1249 3147 1404 3217 precipuis
1418 3161 1435 3203 a
1448 3147 1651 3205 schelestratio
1666 3147 1755 3205 editis
1768 3147 1824 3205 ad-

118 3245 203 3304 opere
217 3235 252 3291 de
263 3235 348 3308 cyclo
362 3237 493 3294 Paschali
508 3237 629 3295 Victorii
644 3257 650 3294 :
667 3251 684 3294 a
697 3251 753 3310 quo
765 3239 822 3295 erit
835 3239 945 3311 integer
998 3233 1084 3290 dendi
1099 3240 1167 3292 sunt
1179 3235 1231 3291 alii
1248 3240 1322 3293 notae
1337 3250 1393 3293 uon
1410 3237 1622 3310 posthabenda,
1636 3237 1695 3294 duo
1710 3250 1824 3309 praeser-

117 3321 337 3381 describeudus.
999 3323 1052 3379 tim
1064 3337 1080 3380 a
1090 3324 1122 3379 li.
1135 3326 1163 3379 P.
1177 3325 1256 3382 ioan.
1269 3325 1438 3383 liabillonio
1448 3321 1580 3397 producti
1591 3341 1626 3384 ex
1636 3327 1824 3399 autographis

152 3409 178 3467 3.
193 3412 320 3487 Catalogi
340 3415 427 3472 etiam
447 3416 856 3487 compluresaSchetestratio
873 3414 944 3473 alic-
998 3411 1181 3470 bibliothece
1203 3415 1371 3472 monasterii
1390 3415 1572 3473 corbeiensis
1591 3422 1668 3473 tomo
1690 3416 1726 3472 lll
1745 3418 1824 3472 lina-

119 3506 242 3560 rantur:
259 3517 382 3574 quorum
396 3507 610 3576 prestantiores
621 3507 797 3578 antiquitate
811 3506 942 3564 codicum
998 3499 1147 3574 lectorum,
1162 3516 1223 3574 pag.
1239 3500 1301 3575 lcii,
1316 3519 1439 3574 quorum
1452 3505 1531 3576 prior
1541 3505 1649 3561 desinit
1661 3504 1691 3561 lu
1704 3505 1821 3577 Vigilio,

118 3591 245 3664 integros
257 3593 325 3649 dare
339 3595 495 3651 constituo.
508 3595 582 3652 Sunt
592 3600 687 3651 autem
702 3596 734 3667 ii,
748 3595 799 3667 qui
813 3608 945 3667 sequun-
997 3593 1069 3650 etad
1083 3593 1169 3650 istius
1180 3593 1325 3663 poutihcis
1334 3599 1443 3650 aetatem
1453 3595 1602 3666 Scriptura
1613 3592 1737 3651 retertur
1746 3594 1823 3650 circa

117 3687 175 3752 tur,
191 3681 223 3736 in
236 3681 396 3751 appendice
410 3685 448 3738 ud
462 3683 536 3754 Opus
547 3683 771 3753 chronologicum
780 3685 816 3741 ab
830 3699 863 3743 co
872 3699 944 3756 pro-
998 3683 1123 3739 medium
1137 3682 1237 3739 saeculi
1252 3684 1324 3739 sexti
1338 3698 1402 3740 aerae
1415 3683 1607 3755 christiana,
1620 3683 1692 3739 aiter
1707 3696 1773 3740 vero
1787 3683 1822 3739 ad

116 3767 209 3839 ducti,
226 3782 347 3840 nempe:
998 3771 1081 3828 linem
1094 3771 1210 3842 septimi
1227 3771 1281 3828 suh
1295 3772 1419 3840 conone,
1435 3778 1463 3828 ct
1474 3772 1509 3828 ad
1524 3773 1642 3828 initium
1658 3773 1752 3828 cccvi
1766 3785 1823 3829 sa·

150 3860 173 3914 l.
193 3860 278 3916 Nam.
298 3857 343 3930 22,
365 3874 429 3931 pap.
451 3858 513 3916 ort.
533 3862 578 3915 Eu
595 3864 709 3931 antiquo
728 3865 943 3932 octingentorum
997 3859 1057 3916 culi
1079 3860 1133 3917 sub
1146 3861 1246 3934 Sergio
1261 3863 1284 3916 ll
1298 3868 1326 3916 et
1339 3862 1446 3917 loanue
1461 3863 1495 3917 vl
1510 3864 1620 3918 aetatem
1643 3859 1820 3932 comprobat,

116 3950 262 4016 seecqiato
285 3951 406 4019 quinque
428 3965 564 4005 annorum
583 3950 680 4006 codice
702 3967 753 4006 ms.
778 3952 945 4008 bibliotheca
997 3949 1134 4019 aequalem
1150 3949 1356 4021 antiquissimo
1372 3949 1416 4006 illi
1433 3950 1588 4020 exemplari
1604 3951 1709 4007 codicis
1724 3952 1823 4007 Ponti-

114 4038 405 4095 Palatino-Vaticcnae
422 4039 569 4109 catologus
586 4043 770 4097 Romanorum
784 4044 944 4112 pontificum
956 4043 981 4107 (1
996 4039 1084 4107 ficetis
1098 4039 1271 4101 Furnosioai,
1285 4039 1371 4094 toties
1383 4039 1579 4097 commendato
1591 4053 1607 4095 a
1618 4043 1691 4097 Luca
1707 4041 1823 4097 liolstc-

117 4127 168 4183 sub
185 4130 233 4183 loc
250 4130 351 4184 titulo:
365 4132 560 4201 cpiscoporum
575 4133 704 4187 Roruona
721 4131 798 4186 urbis
819 4133 940 4186 nomina.
996 4127 1046 4183 nio
1066 4131 1093 4183 et
1116 4141 1132 4183 a
1153 4126 1356 4184 schelestratio
1373 4146 1379 4182 :
1397 4129 1481 4197 cujus
1507 4134 1654 4199 propterea
1677 4130 1821 4201 specimen

152 4218 186 4273 ll.
210 4221 294 4276 Num.
319 4215 364 4291 ci,
390 4233 453 4292 pag.
478 4217 541 4292 626,
563 4235 597 4274 ec
616 4235 667 4275 ms.
687 4220 784 4276 codice
810 4222 941 4276 Vaticano
995 4217 1146 4288 exhibebo,
1162 4223 1196 4274 ut
1207 4217 1330 4274 conferri
1345 4219 1436 4288 possit
1450 4233 1515 4275 cum
1531 4220 1687 4289 specimine
1702 4221 1821 4278 emundi

117 4303 195 4376 laba,
223 4310 273 4378 qui
295 4308 447 4379 descriptas
473 4314 513 4365 est
537 4310 587 4365 aab
609 4311 696 4365 Paulo
719 4311 757 4374 ll,
781 4326 815 4365 cac
839 4314 941 4366 uetusto
996 4305 1078 4362 illius
1088 4304 1210 4378 catalogi
1220 4305 1382 4377 corbeiani,
1395 4307 1508 4380 vulgato
1519 4321 1569 4378 per
1578 4305 1778 4364 blabillonium
1791 4308 1820 4363 in

114 4394 211 4452 Codice
224 4394 422 4453 8080naorum
435 4399 551 4455 ecclesie
564 4400 761 4468 Pergamenus.
995 4395 1071 4453 libro
1088 4410 1104 4451 v
1123 4396 1215 4452 delle
1234 4396 1435 4467 Diplomatica,
1458 4395 1562 4452 tabella
1583 4409 1646 4467 arn,
1671 4410 1734 4469 pag.
1755 4394 1819 4454 359.

149 4487 230 4543 ilunc
256 4501 322 4544 vero
346 4487 523 4561 catalogum,
550 4488 735 4560 spectabilem
765 4488 940 4561 antiquitate
995 4487 1093 4545 Visum
1113 4490 1157 4543 est
1178 4486 1249 4542 mihi
1269 4487 1326 4543 duo
1346 4485 1405 4541 hac
1429 4486 1587 4556 specimina
1610 4499 1672 4543 esse
1695 4487 1822 4557 coujun-

114 4576 224 4634 codicis
240 4576 315 4635 uude
329 4578 523 4649 transcriptus
534 4585 588 4650 est,
602 4579 697 4636 reddit
711 4579 940 4636 commendatio·
993 4576 1094 4649 genda,
1108 4582 1140 4634 ut
1152 4576 1315 4633 evidentius
1328 4576 1445 4648 agnosci
1459 4576 1550 4646 possit
1560 4576 1722 4647 antiquitas
1732 4574 1820 4632 terme

115 4680 174 4726 rena
189 4667 264 4724 ratio
284 4666 489 4740 chronologiae,
510 4668 686 4739 respondens
702 4668 832 4725 numeris
845 4682 940 4726 aluno⁴
994 4680 1045 4737 par
1056 4666 1173 4723 illorum
1185 4665 1327 4734 codicum,
1343 4664 1460 4735 probata
1473 4678 1523 4736 per
1538 4665 1616 4721 viros
1628 4664 1818 4736 clarissimos,

115 4772 189 4831 rum,
203 4757 345 4814 mensium
358 4769 391 4813 ae
402 4756 516 4816 dierum
530 4758 616 4829 sedis,
633 4759 792 4830 unicuique
808 4757 938 4828 pontidci
993 4765 1022 4813 et
1036 4757 1065 4812 iu
1080 4769 1113 4812 ea
1127 4754 1263 4811 facultate
1274 4753 1389 4822 judices
1405 4754 1527 4811 maxime
1548 4754 1667 4812 idoneos
1683 4753 1818 4811 liabillo·

113 4847 234 4905 tributis
247 4847 277 4904 in
290 4851 402 4904 vetusta
416 4847 539 4918 pictura,
552 4861 615 4919 quae
627 4852 758 4919 superest
769 4847 798 4904 in
815 4848 939 4919 parieti·
994 4845 1074 4902 nium
1089 4849 1118 4901 et
1132 4843 1379 4901 schelestratium.

114 4935 168 4993 bus
182 4938 311 4997 Basilicae
321 4938 348 4993 S.
365 4937 447 4994 Pauli
463 4937 514 4993 Via
529 4936 667 5011 Ostiensi,
681 4938 776 4995 aeiatis
791 4951 848 4994 non
862 4936 940 4994 iule-
1028 4932 1055 4991 5.
1070 4935 1207 4991 suecedet
1222 4933 1354 5003 praesulis
1375 4933 1461 4989 istius
1476 4933 1644 4992 dissertatio
1660 4934 1773 5006 integra
1787 4935 1822 4990 de

115 5026 345 5098 riorisCatalogo
356 5033 510 5085 memorato
522 5042 663 5086 annorum
674 5026 739 5099 800,
750 5027 895 5098 descripto
905 5041 940 5084 ex
992 5024 1125 5094 Antiquis
1149 5026 1332 5080 Romanorum
1360 5024 1520 5095 Pontificum
1542 5023 1702 5094 ‚Catalepta
1732 5037 1819 5096 quam

113 5115 211 5171 codice
226 5114 352 5170 ecclesiae
368 5116 802 5188 bergamensis,tortasseetiam
818 5115 940 5186 aequalis
994 5115 1180 5185 promiseram
1208 5113 1238 5169 in
1266 5113 1432 5184 praelatione
1456 5114 1563 5184 prioris
1586 5115 1667 5186 tomi,
1693 5127 1773 5169 num.
1789 5110 1818 5184 2,

113 5204 193 5275 operi
210 5203 331 5274 musivo,
345 5215 361 5257 a
375 5203 402 5258 S.
427 5207 517 5261 leone
531 5207 632 5277 llagno
655 5206 685 5260 in
704 5204 802 5260 eadem
819 5203 939 5261 basilica
992 5204 1102 5261 editum
1114 5202 1151 5260 iri
1163 5207 1229 5259 ante
1240 5203 1476 5260 notasvariorum
1489 5203 1523 5259 ad
1536 5218 1610 5274 opus
1621 5203 1819 5267 anastasium,

113 5298 292 5349 constructo:
306 5295 336 5347 ut
351 5291 492 5359 conjicere
507 5292 601 5364 liceat,
617 5292 660 5350 ael
676 5292 801 5364 pictores
814 5306 831 5347 a
845 5292 940 5350 libra·
992 5308 1057 5352 cum
1068 5294 1108 5351 sit
1119 5291 1304 5349 manuductio
1314 5293 1471 5363 tutissima,
1483 5299 1510 5348 et
1520 5293 1744 5350 commentarius
1755 5293 1822 5364 qui·

115 5381 179 5451 riis,
189 5381 231 5438 uel
241 5379 400 5439 librariosa
409 5380 580 5451 pictoribus,
593 5381 635 5438 vel
645 5387 783 5453 utrosque
790 5379 938 5438 abiisdem
954 5376 1057 5441 Ddam
1073 5388 1227 5455 perpetuus
1240 5384 1274 5439 ad
1288 5382 1464 5453 pontidcalis
1479 5383 1609 5441 historia
1621 5383 1773 5440 ueritatem
1788 5383 1819 5440 in

113 5467 244 5528 fontibus
254 5471 386 5529 hausisse
397 5469 565 5539 hujusmodi
575 5471 790 5544 chronologiam
800 5489 806 5526 ε
817 5471 861 5529 uti
872 5471 939 5529 dili·
991 5473 1072 5532 hisce
1085 5471 1161 5529 vltis
1176 5471 1443 5544 recognoscendum.

113 5560 230 5634 gentius
252 5561 460 5622 obseruandum
483 5573 639 5637 propopam
666 5566 731 5621 aute
753 5567 936 5637 conspectum
1026 5562 1053 5621 6.
1070 5563 1132 5621 Nou
1151 5562 1202 5621 abs
1219 5575 1249 5620 re
1265 5574 1328 5620 esse
1346 5562 1416 5621 duxi
1438 5563 1557 5622 alteram
1578 5561 1818 5621 Dissertationem
