3892 6136
58 280 130 339 titi

54 482 236 549 deprecarer,
253 493 267 534 e
290 478 403 534 istolam
416 480 473 533 scri
496 479 532 534 si.
544 497 558 528 n
571 476 698 548 (Dyonis.
710 478 789 533 Alex.
806 490 863 546 apu

56 551 162 608 Euseb.
179 553 252 604 illst.
270 494 321 604 rib.
338 563 388 616 vix,
402 564 427 604 c.
448 493 494 619 bf

93 624 124 677 ln
138 622 236 677 eadem
246 620 367 690 epistola
378 627 495 676 sanctus
504 620 657 691 episcopus
667 619 820 675 denuntiat
831 621 882 677 lio·

56 707 148 749 manae
158 693 218 747 sedi
237 692 367 746 heresim
383 690 513 757 sabellii,
525 698 595 746 tunc
609 690 824 747 suborientem:
841 691 883 745 in·

54 761 878 832 dicanspapaeSixtoimpiamdoctr'rnamillamsubortanr

55 835 231 891 Ptolemaide
258 834 288 887 in
310 833 469 902 Pentapoli,
499 840 640 889 texturam
665 846 727 888 esse
743 833 879 902 blaspbe·

56 905 180 961 miarum
209 912 308 959 contra
334 905 422 958 Deum
447 905 575 970 Patrem3
600 903 749 973 complura
765 916 880 974 unoque

55 975 129 1032 laisa
143 976 274 1045 dogmata
284 976 432 1029 continere
444 975 581 1030 adversus
592 974 698 1029 i'ilium
708 993 715 1039 ;
725 980 753 1029 et
764 975 879 1030 audito·

56 1061 103 1103 res
122 1060 191 1102 suos
207 1044 371 1116 pertrahere
383 1046 417 1100 ad
433 1045 654 1101 oblitterandam
669 1043 878 1101 contessionem

53 1119 149 1174 d²tini
166 1117 304 1186 Spiritus.
320 1116 396 1171 Satis
410 1124 486 1171 certa
501 1117 671 1172 documenta
686 1117 748 1186 ejus
769 1117 877 1187 negotii

54 1190 91 1245 ad
103 1203 134 1244 se
143 1187 235 1244 inisse
247 1185 354 1256 perlata
366 1200 414 1255 per
424 1187 586 1257 epistolasa
597 1186 794 1255 compluribus
803 1188 837 1242 ad
848 1200 879 1243 sc

53 1261 148 1321 datas,
158 1266 186 1314 et
197 1273 245 1324 per
254 1257 350 1313 tideles
363 1257 397 1313 ad
406 1271 437 1311 se
446 1259 612 1314 accedentes
626 1257 792 1314 conterendi
807 1271 877 1313 cau-

12 1374 21 1384 .
54 1345 89 1386 sa
101 1349 108 1394 ;
120 1331 255 1401 quocirca
269 1329 436 1397 scripserat,
451 1329 611 1395 Dendante,
622 1330 760 1399 quasdam
774 1329 878 1397 episto·

54 1402 110 1466 las,
120 1414 176 1471 quo
188 1399 354 1456 accuratius
369 1400 478 1455 erroris
491 1399 614 1455 latebras
624 1401 758 1468 aperiret,
773 1419 785 1448 ι
804 1414 878 1469 qua-

55 1487 121 1529 rum
130 1469 626 1611 gxfmplariadescripia,inquii,ad
637 1477 663 1526 tc
678 1470 878 1541 misi.»(lbid.,

92 1560 215 1669 Pilteram
240 1613 359 1680 insuper
370 1611 521 1680 epistolam
541 1611 621 1667 dedit
633 1612 667 1667 ad
684 1612 808 1679 Sixtum,
823 1612 879 1667 da-

52 1686 150 1756 gitans
172 1689 203 1739 ut
225 1683 395 1738 rescriberet
416 1683 486 1752 quid
502 1681 560 1738 sibi
575 1682 717 1753 agendum
743 1681 826 1751 toret,
843 1695 877 1737 ne

54 1771 106 1826 pcr
118 1768 243 1812 errorem
259 1753 381 1820 labatur,
400 1754 429 1808 in
451 1753 585 1824 precibus
599 1753 656 1808 sibi
672 1767 689 1808 a
706 1753 876 1823 tidelequo-

51 1829 120 1884 dam
136 1826 273 1897 porrectis
287 1838 374 1894 super
389 1825 540 1880 iteratione
550 1823 701 1893 baptismi:
715 1838 798 1894 quem
810 1837 875 1878 cnm

52 1900 215 1968 accepisset
224 1896 260 1951 ab
275 1896 418 1950 baereticis
432 1894 641 1950 catholicorum
655 1896 730 1951 ritus
741 1909 796 1950 non
810 1908 876 1950 ser-

54 1969 192 2025 vantibus
211 1968 240 2023 in
260 1981 293 2022 co
306 1972 494 2031 sacramento,
504 1965 639 2035 lacrymis
653 1967 750 2031 etiam,
762 1967 875 2021 nedum

467 258 626 338 xlisronxx
653 282 697 337 nn
727 253 812 337 vn’rs
831 281 915 338 non.
938 281 1037 338 nour.
1058 311 1089 322 -
1110 282 1139 338 s.
1158 283 1346 340 uxonrsius.

57 419 92 467 ut
116 424 167 479 pru
197 406 392 464 hisomnibus
413 407 558 478 episcopis
584 406 665 462 illum
690 404 926 532 (StephanumJA

1688 280 1758 344 ttts

974 407 1166 461 Protestantes
1176 404 1265 460 veluti
1279 403 1335 460 sibi
1354 404 1520 475 plaudentes
1531 417 1717 478 praesumunt,
1729 417 1758 466 et

936 477 1057 546 jactant,
1074 476 1126 532 bas
1148 476 1260 531 litteras
1274 477 1308 531 ad
1326 477 1482 532 llnmanum
1499 479 1659 547 pontiilcem
1673 481 1756 537 datas

938 547 1014 603 nibil
1039 561 1101 603 esse
1127 547 1220 612 aliud,
1236 560 1320 617 quam
1339 547 1567 605 consultationes
1591 549 1751 606 fraternas:

937 618 1012 674 nibil
1028 619 1181 674 admodum
1199 616 1265 672 illas
1286 616 1402 674 ditierre
1414 618 1450 674 ab
1468 619 1536 674 aliis
1551 623 1656 688 passim
1679 623 1756 677 datis

936 690 971 745 ad
987 698 1104 745 eaeteros
1114 689 1263 758 episcopos
1275 710 1281 742 ι
1294 702 1344 744 nec
1356 703 1406 758 pro
1428 698 1503 744 terea
1519 691 1651 746 concludi
1665 706 1756 761 posse,

936 759 1143 829 subjectionem
1167 761 1292 814 liomano
1321 705 1450 828 punition
1468 761 1497 816 in
1515 761 1560 816 bis
1584 763 1756 832 significari,

935 845 1000 886 cum
1015 833 1044 886 in
1060 830 1182 901 reliquis
1195 830 1337 899 subjectio
1349 844 1405 886 non
1417 832 1641 889 demonstretur.
1654 833 1757 891 Verum

937 902 976 957 ita
998 902 1155 958 sentientes
1178 902 1213 956 de
1239 900 1285 957 iris
1311 902 1445 970 epistolis
1468 909 1579 971 oportet
1593 904 1757 961 voluntaria

934 974 1063 1028 caecimte
1075 986 1159 1028 nsum
1173 971 1323 1028 oculorum
1338 972 1395 1028 sibi
1410 974 1573 1042 praeripere,
1596 988 1630 1030 ne
1645 976 1758 1031 rideant

935 1044 1011 1114 quod
1036 1045 1065 1099 in
1093 1044 1137 1099 eis
1162 1050 1258 1112 aperte
1281 1056 1312 1098 se
1332 1045 1439 1112 prodit,
1465 1057 1564 1113 nempe
1588 1046 1757 1117 episcopum

933 1114 1134 1170 Alexandrinae
1164 1115 1242 1169 sedis
1268 1115 1406 1182 proxima
1420 1115 1563 1187 dignitate
1582 1130 1598 1171 a
1618 1116 1754 1174 Romana.

934 1198 1136 1254 recognoscere
1160 1185 1272 1239 Sixtum
1300 1199 1400 1254 papam
1417 1191 1553 1255 tanquam
1577 1188 1756 1256 superiorem

933 1268 1028 1323 sunm,
1045 1262 1073 1310 et
1088 1256 1232 1312 universis
1245 1256 1383 1311 Ecclesiis
1387 1257 1455 1325 jura
1467 1256 1581 1313 dantem
1593 1277 1600 1321 ς
1615 1272 1680 1314 cunt
1692 1274 1757 1329 sup·

935 1327 999 1396 plex
1027 1327 1101 1396 apud
1132 1327 1261 1382 eumdem
1287 1327 1445 1383 intercedat
1472 1342 1522 1397 pro
1551 1341 1652 1400 magna
1679 1339 1757 1399 parte

933 1398 1133 1466 episcoporum
1157 1398 1297 1465 orientis3
1313 1411 1377 1453 cnm
1394 1398 1544 1454 certiorem
1568 1413 1633 1455 enm
1657 1401 1757 1457 reddat

932 1469 968 1523 de
979 1468 1137 1524 haeresibus
1147 1471 1263 1537 proprio
1277 1469 1304 1522 in
1323 1470 1520 1537 patriarchatu
1530 1470 1677 1534 subortis:
1690 1487 1755 1528 cum

933 1540 968 1595 ad
987 1538 1069 1595 illum
1092 1544 1201 1608 scripta
1223 1541 1410 1606 transmittat,
1423 1554 1487 1610 qnae
1501 1541 1535 1596 ad
1549 1543 1660 1598 easdem
1675 1543 1757 1599 relu-

934 1611 1035 1665 tardas
1057 1610 1292 1679 elucubrarem,
1315 1623 1379 1665 cuin
1408 1612 1533 1682 deniqne
1559 1613 1593 1667 ad
1627 1615 1754 1681 ejusdem

935 1681 1143 1749 providentiam
1169 1687 1256 1751 atque
1279 1681 1480 1737 auctoritatem
1498 1690 1636 1750 recurrat,
1662 1685 1756 1755 impe-

933 1758 1063 1807 traturus
1091 1764 1218 1807 normam
1248 1764 1334 1821 quam
1368 1758 1461 1808 teneat
1488 1753 1517 1807 in
1545 1767 1575 1809 re
1597 1755 1754 1823 expedien-

930 1824 985 1948 gab
1011 1823 1047 1877 de
1077 1836 1133 1893 qua
1169 1828 1269 1891 suopte
1305 1823 1421 1894 ingenio
1447 1824 1579 1892 iudicare
1608 1838 1664 1881 non
1698 1839 1755 1883 au-

951 1899 1025 1948 eal.

967 1965 1043 2019 lianc
1058 1977 1221 2032 supremam
1236 1964 1436 2019 auctoritatem
1449 1965 1549 2020 sixtus
1570 1967 1754 2024 exerciturus

54 2035 877 2111 precibuscontinenterinstabat,utpnraablntiouetin-
931 2041 992 2090 erat
1019 2041 1116 2090 contra
1152 2033 1340 2104 ilillenarios,
1372 2035 1569 2092 baereticorum
1599 2051 1688 2109 genus
1723 2040 1753 2094 in

53 2118 182 2182 geretur,
199 2123 255 2179 qua
266 2109 387 2179 gratiam
404 2108 541 2175 consequi
557 2113 661 2177 posset,
681 2108 754 2162 etin
776 2109 877 2162 Eccle-
930 2106 1049 2176 AEgypto
1062 2119 1153 2175 nuper
1162 2106 1328 2176 excitatum,
1356 2106 1406 2176 qni
1419 2106 1569 2172 docebant,
1586 2119 1648 2176 post
1662 2123 1754 2166 annos

54 2183 108 2237 siae
119 2180 211 2237 tilium
226 2178 343 2235 ascribi.
356 2178 454 2244 Addit,
464 2177 530 2232 seid
542 2177 769 2233 minimeausum
780 2184 875 2233 atten-

56 2260 210 2320 tetecum
236 2252 377 2306 diuturno
399 2250 458 2317 jam
474 2255 600 2318 tempore
630 2250 659 2303 in
675 2249 877 2305 communione

55 2324 187 2380 bdelium
202 2329 333 2376 versatus
345 2327 420 2375 esset
435 2320 471 2384 is,
488 2320 538 2389 qni
554 2322 593 2374 ita
608 2319 829 2389 supplicaverat,
849 2326 878 2375 et

54 2402 223 2451 sanctorum
248 2391 447 2461 mysteriorum
460 2392 602 2460 particeps
614 2392 672 2458 jam
686 2389 802 2446 inisset.
821 2392 878 2446 Nec

55 2473 152 2522 tamen
178 2463 282 2519 afflicto
303 2462 538 2530 consolationem,
556 2468 584 2517 ei
598 2462 768 2517 fluctuantis
787 2461 877 2517 animi

54 2532 876 2604 aestibustranquillitateinconciliareseadbucpotuisse:

57 2629 72 2661 a
90 2609 205 2664 lietera.
219 2605 316 2673 irater,
329 2603 463 2674 quoniam
474 2604 641 2672 hujusmodi
652 2605 779 2674 quaedam
793 2617 879 2659 causa

54 2680 93 2735 ad
110 2691 153 2733 me
166 2677 260 2733 delata
274 2683 327 2736 est,
343 2677 371 2729 in
387 2688 444 2745 qua
457 2676 577 2738 veritus,
589 2689 623 2730 ne
637 2689 685 2745 per
697 2688 820 2731 errorem
833 2675 879 2730 la-

56 2749 122 2818 bar,
135 2748 290 2804 consilium
301 2760 409 2816 quaro,
425 2754 560 2816 tuamque
571 2746 879 2815 venementerexposco

55 2822 241 2878 sententiam.
273 2817 371 2872 Frater
395 2817 512 2887 quidam
528 2830 564 2873 ex
586 2823 684 2875 nostro
699 2824 878 2887 contenta»

56 2899 114 2948 etc.
129 2891 221 2963 (idid,
243 2903 307 2959 cap.
324 2886 363 2959 8.)

933 2176 1013 2231 mille
1037 2182 1206 2247 regnaturos
1220 2190 1282 2232 esse
1301 2191 1365 2232 cum
1389 2177 1504 2233 Cbristo
1531 2178 1652 2234 Domino
1666 2195 1753 2250 super

933 2256 1037 2302 terram
1051 2254 1164 2302 sanctos
1174 2248 1247 2315 ejus,
1257 2255 1285 2302 et
1300 2246 1494 2318 perfruiturus
1508 2249 1537 2303 in
1551 2263 1582 2304 ea
1595 2250 1754 2307 deliciisao

932 2318 1069 2374 omnibus
1079 2316 1276 2387 voluptatibus
1289 2320 1431 2388 corporis.
1444 2320 1496 2375 Sed
1508 2322 1644 2388 praevenit
1656 2335 1755 2392 eapa-

934 2395 1043 2446 tantem
1069 2388 1165 2444 subita
1187 2391 1358 2457 persecutio,
1387 2403 1439 2445 nec
1460 2392 1585 2461 spatium
1613 2394 1755 2449 concessit

932 2474 1026 2517 cansa
1050 2460 1243 2528 expediendae.
1262 2461 1367 2516 «Hunc
1389 2475 1531 2516 sommum
1553 2463 1603 2517 Dei
1619 2466 1755 2520 sacerdo·

934 2536 989 2587 tem
1000 2530 1052 2602 (ait
1066 2532 1207 2586 Maximus
1219 2532 1349 2600 Taurin,
1360 2532 1452 2586 homil.
1468 2530 1524 2587 bin
1535 2534 1625 2587 notati
1635 2536 1663 2590 S.
1677 2536 1756 2589 lua-

933 2605 1026 2672 rcntii)
1051 2599 1132 2657 turor
1155 2602 1274 2673 gentilis
1302 2603 1477 2673 aggreditur.
1504 2611 1535 2658 ut
1559 2605 1757 2661 ecclesiastica

935 2673 1060 2729 membra
1070 2681 1126 2727 tam
1139 2672 1232 2729 valido
1242 2680 1376 2728 truncata
1388 2675 1493 2743 capite,
1503 2674 1582 2730 velut
1594 2677 1756 2732 munimine

933 2745 1060 2800 coelestis
1072 2744 1201 2814 praesidii
1217 2750 1321 2811 amoto,
1335 2753 1473 2800 cruentus
1498 2754 1661 2810 persecutor
1672 2747 1757 2803 inra-

933 2816 1022 2871 deret.
1041 2834 1054 2865 ι
1071 2821 1270 2870 Asuccessore
1285 2816 1423 2885 Dionysio
1450 2814 1605 2883 perlectum
1621 2818 1650 2873 id
1666 2816 1758 2875 tuisse

933 2886 1108 2956 videbimus,
1125 2887 1201 2955 quod
1216 2887 1315 2941 Sixtus
1327 2885 1529 2941 meditabatur.

580 3267 711 3339 xxvi.
753 3266 943 3339 SANCTUS
979 3267 1228 3338 bionxsius.

447 3495 535 3540 nuno
560 3494 688 3539 cumani
717 3480 787 3557 26l,
822 3495 999 3539 vxxnxuxux
1021 3496 1062 3538 nr
1087 3496 1214 3539 esmant
1232 3496 1301 3540 xnr.
1323 3482 1353 3538 7.

846 3672 979 3685 *ιι

217 3809 284 3871 26.
318 3810 520 3889 Dionysiae,
539 3828 579 3873 ea
598 3810 767 3889 mancio,
804 3799 906 3892 cttjas
924 3811 1177 3892 praecautionem
1196 3828 1263 3874 aaa
1283 3812 1461 3893 poiaimac
1487 3811 1650 3893 reperire,
1674 3806 1761 3871 sedit

178 3923 284 3967 annos
311 3905 406 3985 daps,
433 3925 564 3970 menses
587 3910 665 3986 ires,
707 3907 778 3971 dies
806 3911 933 3986 septem
956 3918 982 3966 ⁸.
1006 3908 1092 3970 Fuit
1124 3911 1237 3971 eutem
1261 3907 1498 3990 bteacporidac
1535 3905 1690 3973 duliiani
1716 3920 1757 3967 ec

179 4003 234 4065 dic
253 4021 286 4064 xx
304 4003 804 4087 Kalendaramdapastaranc,
819 4004 1013 4068 AEndtuno
1027 4008 1060 4066 et
1073 4007 1180 4068 Basso
1201 4005 1408 4085 censalibus,
1430 4006 1588 4088 naqadein
1608 4006 1697 4069 diem
1723 4021 1760 4074 vr

176 4100 415 4164 Kalendarum
439 4104 704 4182 Jnaaaaiarara,
736 4121 756 4164 e
784 4102 960 4166 consulatu
984 4114 996 4143 ⁰
1022 4102 1168 4166 Claudii
1193 4106 1225 4166 ci
1251 4103 1523 4168 paternitate
1546 4101 1760 4185 precipiens

135 4197 155 4256 5
175 4197 333 4262 ccclesias
347 4200 475 4280 divisit,
496 4205 529 4264 ct
543 4203 739 4280 cantatoria,
749 4200 935 4282 parocdiac
956 4201 1107 4264 dioceses
1132 4201 1329 4265 einstitnit.
1346 4203 1416 4266 Hic
1427 4201 1511 4284 fecit
1525 4201 1760 4266 ordinationes

176 4294 260 4357 diras
285 4315 344 4378 per
366 4314 517 4361 mensem
539 4298 748 4362 Decembris:
766 4297 976 4378 presbyteros
1004 4297 1190 4373 duodecim,
1221 4299 1377 4363 diaconos
1405 4316 1476 4376 sex,
1504 4300 1673 4381 episcopos
1700 4314 1760 4378 per

175 4391 397 4457 diversaloca
425 4413 564 4460 numero
588 4400 660 4458 octo
686 4394 707 4456 s.
730 4395 792 4471 Qui
807 4395 911 4458 etiarn
930 4394 1090 4477 repetitas
1108 4400 1159 4459 cst
1179 4397 1217 4460 in
1238 4399 1419 4461 caneterio
1448 4397 1594 4475 Caliati,
1610 4397 1670 4459 cia
1683 4394 1761 4474 Ap-

170 4491 243 4570 pia,
261 4509 293 4551 vr
307 4492 485 4557 Kalendas
504 4493 674 4559 Jaaaarii
684 4514 697 4572 ,·
721 4496 754 4555 et
772 4491 918 4556 cessauit
932 4492 1148 4575 episcopatus
1164 4494 1237 4558 dies
1252 4494 1415 4575 qaiapae.

636 4663 883 4728 chxLOGiis
907 4663 985 4726 SUB
1004 4662 1174 4725 LIBERIO

94 4783 278 4865 Dionysius
299 4787 399 4850 annis
426 4790 508 4867 octo,
528 4786 700 4850 mensibus
726 4786 866 4865 ditonus,
896 4785 1014 4851 diebus
1034 4787 1189 4866 quatuor.
1222 4784 1301 4848 Fuit
1319 4784 1525 4864 temporibus
1546 4784 1694 4849 Gallieni
1714 4799 1757 4847 ex

48 4880 107 4945 die
121 4897 156 4944 xx
176 4883 406 4945 Kalendarum
419 4885 576 4963 Augusti,
605 4883 785 4946 AEmilieno
799 4888 832 4945 et
848 4887 949 4947 Basso
964 4883 1171 4962 consulibus,
1196 4900 1303 4963 usque
1329 4882 1364 4945 in
1384 4883 1474 4947 diem
1489 4883 1671 4964 septimum
1690 4886 1756 4947 Ka-

46 4978 181 5045 lendar.
195 4983 363 5063 ianuarii,
375 4981 568 5045 consulibus
583 4983 723 5046 Claudio
737 4985 772 5046 et
783 4986 936 5047 Paterno

522 5162 531 5175 .
634 5136 774 5181 NOTULAE
790 5135 999 5179 MARGINALES
1013 5134 1177 5179 nxssaou'ri

87 5253 141 5319 ¹13,
159 5267 226 5310 ann.
242 5253 284 5325 ll,
306 5271 342 5312 m.
358 5254 385 5326 3,
401 5257 430 5326 d,
444 5255 491 5312 ti.
517 5255 578 5320 bii,
594 5260 623 5313 et
636 5256 792 5323 Valeriani,
806 5255 923 5312 Claudii
939 5254 1089 5311 Aureliani
1105 5269 1121 5311 a
1145 5256 1224 5313 Coss.
1241 5255 1326 5312 Fusci
1342 5262 1370 5312 ei
1381 5256 1462 5313 Basci
1478 5257 1514 5313 ad
1529 5256 1627 5314 aurel.
1641 5255 1713 5328 nup.
1726 5259 1756 5313 et

43 5341 181 5398 Bassum.
207 5344 261 5412 ed,
273 5346 453 5402 consulatus.
467 5345 480 5384 t
493 5347 614 5401 Borean.
629 5361 698 5400 nan.
712 5341 766 5401 aia
780 5347 810 5399 ia
822 5347 907 5414 μω·
922 5343 942 5400 G
951 5351 978 5400 et
993 5344 1141 5401 dioeceses.
1155 5342 1165 5381 i
1178 5346 1230 5401 cit.
1246 5351 1362 5414 septem.

741 5495 856 5551 initiali
877 5493 1072 5551 auctiones.

197 5619 281 5691 Apud
292 5622 449 5676 Fubrottam
464 5637 498 5676 ea
516 5621 606 5677 codice
617 5621 736 5677 Freltert'.

88 5711 171 5767 Num.
185 5707 233 5772 26,
258 5710 306 5763 lin.
327 5707 354 5779 5,
370 5710 429 5772 ΑΒ,
444 5709 532 5766 dedit.
552 5711 585 5780 Β,
602 5709 774 5768 ministeria.
789 5709 838 5766 lin.
850 5709 877 5778 6,

45 5782 91 5847 Δ,
102 5778 230 5852 presbyt
247 5781 392 5837 undecim.

255 5870 374 5928 Parnon.
396 5869 551 5930 cxxvii*

1042 5622 1087 5675 Ec
1100 5620 1189 5674 codice
1214 5623 1303 5689 Rapio,
1318 5622 1505 5687 Maeni-inca
1527 5623 1650 5676 Tbaanc.

972 5711 1033 5764 Liu.
1055 5708 1081 5775 l,
1095 5722 1151 5765 non
1168 5724 1185 5780 p
1212 5709 1352 5780 invenire,
1367 5711 1442 5766 sedit
1454 5725 1521 5767 ann.
1538 5711 1565 5783 6,
1582 5725 1618 5767 nt.
1641 5710 1669 5777 2,
1683 5714 1713 5770 d.
1729 5711 1756 5769 l.

936 5781 987 5837 lin.
999 5777 1026 5853 l,
1040 5781 1182 5838 ianuarii.
1199 5781 1249 5836 lin.
1265 5779 1293 5854 5,
1307 5782 1336 5837 d.
1353 5783 1517 5840 constituit.

1550 5867 1589 5926 tis
