3892 6136
91 287 124 347 2⁴
271 282 322 342 AD
340 279 561 343 dnnsllsmll
578 278 836 340 PROLEGOMENA
856 279 946 338 snm.
965 275 1181 339 noh-vania
1195 304 1232 320 -
1251 276 1356 337 illan
1376 279 1616 342 nsnloinonlt.
1762 284 1800 349 Ὠ

90 407 333 484 Archigymnaslo
348 407 555 481 typographus,
573 418 636 464 mox
651 405 737 462 etiam
752 404 917 475 vaticanus,
935 409 963 461 te
976 402 1072 474 dante,
1089 402 1145 459 sim
1160 405 1421 463 renuntiatusilaec
1435 405 1564 463 nominis
1577 407 1737 480 amplitudo
1753 423 1799 470 me

92 500 253 557 sollicitum
266 498 373 563 reddit,
386 501 418 554 ut
430 497 480 569 qoi
495 510 547 568 par
559 496 657 568 gratiae
671 494 824 552 referendae
835 507 891 550 non
904 493 959 550 sim
973 492 1109 550 munifico
1120 507 1185 566 erga
1197 509 1240 550 me
1250 496 1388 567 principi,
1399 497 1606 567 exspectationi
1619 499 1796 557 sanctissimi

92 591 186 647 Patris
199 590 301 645 saltem
317 601 368 659 pro
382 586 500 644 modulo
517 586 686 657 respondere
702 585 842 642 connitar.
859 585 921 654 Qua
937 584 1028 656 igitur
1041 584 1152 640 ratione
1168 584 1196 640 id
1210 588 1378 643 contendam
1394 587 1448 643 hoc
1461 587 1589 645 editione
1602 587 1704 659 Operis
1717 590 1798 648 hna-

91 682 188 751 stasii,
206 680 234 736 id
249 677 603 749 tibi,PnrsnBunr1ss1un‚
618 675 735 747 laboris,
752 678 779 731 et
789 674 907 730 consilii
923 674 978 731 mei
992 688 1048 731 non
1062 678 1173 732 mnium
1188 676 1305 733 domino
1321 677 1585 749 indulgentissimo,
1600 679 1796 735 verumetiam

89 771 183 842 judici
200 784 233 826 ac
249 775 368 839 patrono
383 767 618 838 clementissimo,
634 766 833 837 exponendum
854 763 1004 820 humiliter
1019 765 1089 821 duxi
1105 784 1111 821 :
1128 769 1234 837 tuoque
1249 766 1302 822 sub
1321 767 1453 837 auspicio
1472 769 1583 824 caeteris
1597 767 1794 839 aperiendum,

93 867 125 917 ut
139 861 233 917 sciant
248 858 415 929 quicunque
425 856 518 927 opella
533 862 630 913 nostra
643 855 830 925 imposterum
842 854 924 911 usuri
937 859 1016 926 sunt,
1029 854 1137 926 quibus
1151 857 1308 927 prasertim
1321 857 1458 928 operibus
1471 857 1549 928 prela
1561 856 1681 915 cilicinae
1692 861 1796 916 nostra

91 950 218 1006 exerceri
234 946 361 1018 cupiam,
377 960 411 1001 ex
426 958 484 1015 quo
499 944 628 1001 vaticani
644 944 814 1017 typographi
832 957 978 1001 munerea
993 946 1139 1001 sacerdote
1155 946 1278 1002 maximo
1294 960 1355 1002 sum
1372 947 1504 1003 donatus.

127 1040 168 1107 (a)
189 1035 416 1109 Typographiam
433 1033 598 1090 vaticanam
619 1048 684 1090 curn
701 1033 866 1090 institueret
886 1032 1059 1091 immortalis
1081 1035 1224 1091 memorias
1240 1034 1368 1108 pontifex
1386 1037 1484 1093 sixtus
1498 1036 1532 1107 v,
1549 1036 1697 1108 professus
1709 1040 1797 1096 esteo

91 1129 217 1187 consilio
229 1126 388 1194 fundatam,
405 1124 440 1179 ad
455 1126 620 1179 sanctorum
632 1123 840 1194 scilicetopera
856 1124 1041 1194 restituenda,
1058 1125 1286 1198 catholicamque
1298 1127 1465 1199 religionem
1479 1130 1539 1184 toto
1551 1129 1618 1185 orbe
1634 1142 1798 1202 propagan-

91 1221 167 1277 dam.
189 1220 301 1288 Quanto
323 1218 419 1271 autem
439 1213 537 1270 studio
556 1227 586 1270 sc
604 1213 833 1284 comparaverint
851 1214 885 1269 ad
908 1213 1083 1285 implendum
1107 1220 1245 1287 susceptae
1269 1217 1423 1288 provinciae
1445 1232 1550 1275 munus
1572 1222 1713 1289 quotquot
1734 1219 1797 1289 ejus

92 1310 212 1368 officinae
227 1305 356 1363 librariae
371 1317 468 1360 curam
483 1303 736 1373 administrabant,
749 1304 821 1360 satis
836 1304 992 1361 ostendunt
1004 1318 1089 1374 opera
1104 1306 1219 1378 egregia
1232 1320 1282 1376 pcr
1293 1320 1342 1363 eos
1351 1320 1441 1364 annos
1451 1308 1528 1364 edita
1539 1308 1616 1380 typis
1629 1308 1794 1365 vaticanis:

92 1401 245 1470 utriusque
259 1394 432 1452 Testamenti
445 1393 531 1449 lectio
546 1407 629 1466 quam
640 1394 884 1465 emendatissima,
899 1394 1090 1452 conciliorum
1106 1396 1283 1467 generalium
1294 1397 1406 1453 Actaea
1417 1397 1632 1468 probatissimis
1645 1396 1797 1455 codicibus

90 1489 244 1558 descripta,
261 1488 427 1541 sanctorum
443 1483 558 1539 Patrum
575 1482 790 1540 lucubrationes
802 1484 837 1539 ad
851 1486 976 1540 ueterum
992 1483 1200 1555 exemplarium
1212 1485 1295 1541 iidem
1310 1500 1489 1556 summopere
1503 1487 1659 1560 castigata.
1672 1486 1797 1543 Annales

91 1577 225 1634 Ecclesiae
240 1589 256 1632 a
271 1574 393 1630 Baronio
409 1576 478 1630 tunc
494 1572 632 1644 inchoati,
648 1578 676 1629 et
691 1575 832 1645 eiusmodi
853 1574 994 1631 librorum
1011 1587 1112 1646 genera
1128 1588 1275 1645 nunquam
1298 1576 1525 1634 intermoritura.
1545 1579 1594 1633 Nae
1608 1576 1733 1634 celebres
1748 1575 1795 1633 iiii

91 1669 218 1725 editores
230 1664 360 1721 vaticani
375 1662 510 1719 Aldinam
526 1662 695 1735 elegantiam
709 1663 775 1721 cum
791 1663 918 1720 utilitate
931 1668 959 1720 et
974 1665 1120 1735 majestate
1135 1665 1296 1737 argumenti
1310 1666 1439 1723 omnium
1454 1667 1618 1740 gravissimi
1634 1667 1796 1737 coniunxe-

92 1763 168 1815 runt.
192 1757 261 1813 Post
276 1754 391 1811 uberem
414 1753 506 1825 igitur
525 1766 643 1809 messem
666 1753 796 1826 undique
817 1753 1022 1825 conquisitam,
1038 1759 1067 1810 et
1085 1756 1155 1811 adeo
1175 1753 1299 1812 feliciter
1319 1756 1427 1813 illatam
1445 1756 1475 1812 in
1496 1756 1630 1814 Ecclesiae
1652 1756 1797 1827 horreum,
1883 1814 1886 1819 ,

91 1847 175 1919 quale
190 1843 376 1916 spicilegium
391 1842 565 1914 supererita
583 1843 840 1916 mecolligendum,
857 1857 890 1900 eo
902 1843 1022 1916 dignum
1036 1844 1162 1915 nomine,
1177 1858 1235 1915 quo
1251 1845 1359 1914 placuit
1371 1846 1531 1902 Sincnrrxrr
1546 1848 1663 1902 vesunu
1677 1848 1798 1902 conatus

91 1949 167 1991 meos
179 1934 340 2002 honestare,
352 1931 420 1987 dum
432 1931 461 1987 in
473 1931 560 1987 vitam
575 1936 718 1988 revocaret
731 1936 795 2003 post
806 1946 905 2002 unum,
919 1937 970 1989 aut
980 1931 1102 1988 alterum
1116 1932 1252 1988 saeculum
1266 1933 1483 2003 typographiam
1493 1933 1657 1990 vaticanam
1669 1930 1797 1989 irinimo

91 2029 184 2080 tamen
200 2021 377 2090 despondere
390 2032 441 2076 nos
454 2020 571 2076 minime
584 2020 655 2077 sinit
668 2034 815 2077 sacrorum
829 2034 919 2093 seges,
934 2035 1019 2093 quam
1034 2034 1154 2092 magnus
1167 2025 1245 2090 paler
1258 2019 1385 2077 familias
1398 2025 1525 2090 paratam
1538 2025 1632 2077 serrat
1644 2020 1797 2077 industriae

93 2111 198 2180 coloni,
214 2123 272 2166 non
286 2123 371 2166 secus
384 2121 417 2164 ac
430 2109 520 2166 uineae
535 2109 657 2177 fructus,
674 2116 702 2166 et
717 2111 856 2166 mercedis
872 2117 1037 2181 proventum
1053 2109 1230 2166 vinitoribus
1243 2110 1352 2165 vocatis
1366 2110 1401 2165 ad
1418 2109 1516 2165 horam
1533 2122 1646 2179 nonam,
1660 2113 1689 2165 et
1704 2109 1800 2166 unde-

96 2201 207 2255 cimam.
224 2199 297 2253 Nam
320 2211 384 2267 quae
405 2197 551 2267 provincia
568 2197 621 2253 tibi
639 2210 693 2253 non
711 2196 789 2253 ferax
805 2197 903 2254 futura
927 2199 975 2268 sit,
992 2200 1157 2254 Bninlssruu
1182 2199 1282 2268 Paron,
1305 2197 1331 2253 si
1352 2196 1388 2253 ab
1409 2201 1535 2254 extrema
1558 2196 1644 2254 etiam
1659 2197 1751 2269 Syria,
1771 2203 1800 2254 et

92 2288 225 2356 desertis,
242 2301 276 2342 ac
298 2285 510 2343 solitudinibus
524 2287 626 2343 Nitriae
646 2300 679 2343 ac
690 2286 845 2342 Thebaidis
864 2287 981 2360 colligis
995 2286 1118 2359 fructus,
1140 2286 1275 2357 pluribus
1289 2290 1355 2342 ante
1375 2300 1427 2344 nos
1446 2287 1560 2344 saeculis
1578 2288 1732 2360 denegatos
1746 2290 1798 2344 aut

93 2377 253 2434 occultatos
266 2376 281 2431 ‘t
294 2374 363 2431 dcta
377 2374 454 2431 enim
476 2377 642 2447 liartyrum,
658 2376 694 2431 ab
717 2375 841 2432 Eusebio
858 2376 988 2447 collecta,
1000 2381 1028 2432 et
1044 2375 1159 2432 turbine
1174 2375 1297 2447 quodam
1318 2375 1413 2431 aetatis
1431 2375 1558 2432 barbarae
1574 2376 1614 2432 ita
1629 2376 1745 2447 abrepta
1766 2389 1799 2433 ac

93 2468 236 2537 dispersa,
255 2470 285 2522 ut
297 2469 362 2536 post
375 2478 467 2521 annos
479 2478 536 2521 non
553 2465 679 2537 integros
693 2471 836 2522 trecentos
854 2464 961 2523 frustra
981 2471 1178 2536 quererentur
1190 2465 1219 2520 in
1235 2465 1355 2521 scriniis
1374 2464 1518 2537 Ecclesiae,
1535 2479 1624 2536 nuper
1638 2464 1801 2522 exoriente

93 2556 224 2612 attulisti
247 2568 311 2611 curu
332 2554 403 2609 aliis
423 2553 569 2623 preclaris
590 2553 741 2611 codicibus
762 2554 906 2626 ducentis,
923 2559 973 2611 tuo
991 2556 1075 2624 jussu
1094 2568 1127 2609 ac
1143 2553 1341 2611 munificentia
1360 2555 1533 2625 comparatis
1547 2556 1582 2610 ad
1603 2554 1801 2610 instruendam

94 2649 180 2705 novis
195 2645 288 2716 copiis
303 2643 508 2700 bibliothecam
522 2644 698 2700 vaticanam.
714 2643 825 2711 Quanta
841 2643 1002 2715 amplitudo
1016 2643 1144 2716 regionis
1161 2644 1269 2700 nostris
1284 2643 1434 2700 laboribus
1448 2644 1609 2700 excolendae
1626 2644 1678 2700 hoc
1694 2656 1751 2700 uno
1769 2643 1800 2700 in

94 2740 246 2809 prospectu
262 2737 327 2789 ante
342 2732 442 2789 oeulos
456 2731 604 2803 aperituri
622 2732 691 2789 Cum
706 2733 803 2803 itaque
816 2733 935 2789 materia
950 2732 1110 2789 editionum
1126 2731 1261 2790 defutura
1276 2733 1395 2789 minime
1411 2734 1450 2790 sit
1465 2733 1518 2789 sub
1534 2733 1643 2803 optimo
1659 2731 1800 2804 principe,

92 2826 187 2883 sacris
210 2823 316 2880 litteris
334 2822 462 2891 impense
481 2821 606 2892 addicto,
631 2821 787 2892 praestabit,
806 2825 838 2877 ut
852 2836 904 2894 ego
917 2821 1055 2892 arbitror,
1071 2822 1215 2892 specimen
1230 2823 1293 2892 ejus
1307 2821 1468 2894 diligentiae
1482 2821 1628 2894 exhibere,
1650 2825 1801 2893 quamtus

93 2916 231 2972 vaticana
247 2912 434 2985 typographia
448 2910 578 2982 polliceri
592 2914 686 2981 potest
698 2911 860 2968 cultoribus
874 2912 1037 2983 graviorum
1049 2911 1284 2983 disciplinarum,
1299 2917 1359 2969 tum
1374 2912 1526 2969 indeiecta
1540 2924 1659 2982 operum
1672 2909 1801 2967 edendo-

98 3019 176 3073 rum,
194 3006 254 3058 tum
270 3003 300 3058 in
315 3001 505 3073 castigatione
520 3005 606 3071 atque
620 3000 763 3073 elegantia
777 3001 925 3058 editionis.

130 3093 199 3148 Tria
213 3090 271 3147 haec
287 3090 427 3160 spondere
442 3102 507 3147 cum
521 3090 627 3161 ausim,
644 3089 731 3145 etiam
748 3094 883 3160 praestare
896 3093 1017 3148 conatus
1032 3103 1096 3147 sum
1113 3090 1144 3146 in
1160 3089 1208 3146 his
1221 3090 1397 3147 excudendis
1416 3091 1609 3146 Romanorum
1628 3088 1800 3148 Pontificum

92 3181 181 3251 vitis,
194 3194 256 3252 quae
267 3179 413 3236 anastasii
427 3179 543 3235 nomine
555 3179 657 3236 donari
668 3179 771 3235 solent.
782 3180 915 3237 Deiectus
927 3180 958 3236 in
973 3179 1076 3251 primis
1089 3179 1174 3236 utilis
1188 3181 1316 3250 reputari
1328 3179 1453 3252 profecto
1466 3179 1558 3251 dehet,
1574 3180 1624 3252 qui
1636 3184 1713 3252 gesta
1725 3193 1801 3250 prae-

92 3272 180 3341 cipua
194 3269 396 3339 complectitur
405 3268 588 3327 decessorum
602 3273 717 3325 tucrum
731 3268 761 3324 in
771 3270 848 3325 Petri
864 3270 1009 3342 cathedra,
1023 3270 1292 3341 successionemque
1303 3283 1359 3326 non
1372 3271 1563 3341 interruptam
1576 3288 1582 3324 ι
1596 3269 1730 3326 uniuersa
1741 3268 1802 3326 haec

92 3358 230 3431 genuinis
243 3357 320 3413 notis
331 3357 475 3427 descripta
486 3370 520 3413 ex
531 3356 679 3428 diptychis
691 3362 719 3413 et
733 3357 921 3430 heortologiis
935 3359 1079 3415 nascentis
1092 3358 1235 3415 Ecclesiae.
1249 3360 1311 3415 Non
1327 3358 1385 3415 alia
1398 3359 1563 3416 rudimenta
1575 3358 1692 3415 maximi
1706 3356 1803 3428 operis

93 3447 250 3504 Annalium
264 3447 387 3505 Bononio
398 3445 489 3503 fuisse
499 3444 605 3503 fatetur
618 3446 744 3518 inclytus
757 3447 881 3519 scriptor
893 3446 933 3520 (b)
945 3448 975 3503 in
990 3449 1112 3519 epistola
1127 3450 1339 3520 nuncupatoria
1352 3450 1387 3505 ad
1400 3448 1513 3504 sixtum
1527 3447 1700 3516 pontificem,
1716 3458 1802 3516 qoam

31 3529 36 3536 “
95 3538 174 3592 vitas
187 3542 351 3593 sanctorum
365 3540 393 3592 et
405 3535 533 3606 exempla
547 3535 664 3591 Patrum
676 3553 682 3589 :
696 3536 772 3592 nndc
783 3537 948 3594 adversaria
960 3537 1100 3610 colligens
1113 3538 1147 3594 ad
1162 3552 1247 3594 usum
1261 3536 1451 3593 familiarium
1465 3532 1646 3602 concionum,
1663 3545 1714 3602 pro
1728 3545 1803 3588 con-

96 3625 253 3682 suetudine
267 3625 395 3681 Oratorii
407 3625 453 3681 sni
470 3623 601 3696 quotidie
622 3622 828 3696 habendarum,
849 3639 884 3680 ex
902 3637 987 3696 parvo
1008 3626 1117 3681 semine
1133 3626 1276 3696 ingentem
1297 3622 1427 3678 arborem
1442 3624 1568 3677 exortam
1584 3619 1666 3676 vidit.
1684 3618 1804 3677 itlilao

97 3714 294 3770 maximorum
314 3712 479 3782 pontificum
498 3713 551 3770 hoc
571 3712 659 3769 etiam
679 3712 818 3770 brevitate
838 3713 1004 3782 enuntiata,
1026 3727 1083 3784 qua
1106 3713 1289 3784 potissimum
1311 3709 1418 3767 ueritas
1440 3709 1553 3782 gaudet,
1578 3713 1685 3779 quanto
1707 3723 1803 3776 rerum

96 3804 222 3874 pondere
242 3806 271 3857 et
286 3807 427 3858 momento
446 3791 579 3874 polleant,
605 3802 686 3874 satis,
711 3815 803 3874 spero,
828 3803 1007 3859 indicabitur
1022 3803 1052 3858 in
1073 3801 1240 3872 praefatione
1260 3801 1295 3857 ad
1315 3803 1468 3856 hectorem.
1492 3799 1650 3871 castigatio
1669 3801 1803 3856 accurata

95 3893 178 3964 (quod
201 3897 264 3948 erat
284 3890 436 3963 alteruma
457 3905 500 3949 me
514 3891 679 3962 pollicitum
693 3896 721 3947 et
745 3892 948 3965 prestandum)
970 3906 1000 3948 se
1017 3891 1116 3963 prodet
1132 3891 1161 3948 in
1179 3890 1411 3961 uniuscujusque
1436 3888 1500 3946 folii
1520 3896 1676 3960 conspectu
1697 3888 1799 3959 primo.

97 3983 210 4040 videbit
226 3985 336 4051 Lector,
349 3981 477 4038 omnium
492 3979 550 4038 fere
565 3980 709 4037 cultarum
726 3980 886 4052 nationum,
902 3994 965 4052 quae
981 3981 1010 4036 in
1023 3982 1136 4051 Europa
1152 3983 1229 4051 sunt,
1246 3979 1362 4036 collatis
1377 3979 1487 4035 studiis
1503 3979 1576 4034 hanc
1591 3978 1687 4049 operis
1701 3990 1802 4034 ernen-

94 4075 239 4130 dationem
252 4085 315 4128 esse
326 4072 502 4127 adornatam.
517 4069 652 4126 codicum
669 4070 902 4141 praestantiorum
917 4072 1062 4127 variantes
1077 4070 1224 4140 lectiones,
1242 4083 1313 4140 quas
1329 4067 1512 4124 bibliothecae
1528 4081 1586 4138 pra
1598 4067 1710 4130 ceteris
1723 4066 1801 4123 cele-

95 4161 344 4230 bresattulerunt,
366 4159 512 4230 vaticana,
528 4158 654 4215 casarea
673 4158 914 4228 vindobonensis,
935 4159 1023 4231 Regia
1045 4158 1180 4215 Ludovici
1203 4157 1309 4229 liagni,
1331 4157 1417 4229 liegia
1432 4155 1598 4227 Christinae,
1622 4154 1801 4226 Florentina,

94 4251 277 4319 farnesiana,
295 4246 459 4317 barberina,
474 4246 696 4316 otthoboniana,
711 4247 847 4303 cavensis
861 4252 889 4304 et
901 4247 1076 4319 colbertina,
1101 4250 1253 4304 occurrent
1266 4245 1301 4302 ad
1315 4244 1446 4317 singulas
1461 4244 1608 4300 lectiones.
1624 4244 1665 4299 lix
1678 4243 1801 4299 Germa-

94 4341 142 4396 nia
156 4337 301 4408 superiori
315 4335 456 4405 velserus,
471 4338 499 4391 et
510 4336 660 4406 freherus,
675 4348 784 4392 necnon
801 4336 912 4407 Binius,
926 4342 954 4392 ct
966 4337 1088 4406 Surius3
1103 4351 1137 4392 ex
1151 4333 1283 4391 inferiori
1298 4336 1388 4390 Lucas
1403 4332 1578 4402 llolstcnins,
1592 4336 1621 4387 et
1632 4328 1798 4388 Emmanuel

92 4426 308 4484 ascheicstrate
321 4445 328 4496 ς
342 4438 376 4481 cx
387 4424 480 4481 Gallis
495 4424 633 4495 Labbcus,
646 4429 675 4482 et
688 4426 862 4493 fabrottus3
878 4440 912 4482 ex
927 4426 1063 4496 Hispanis
1076 4427 1183 4494 Penio,
1200 4438 1234 4480 ex
1248 4423 1329 4479 ltalis
1344 4422 1485 4479 baronius
1497 4421 1541 4492 (ut
1557 4421 1689 4478 unus'sit
1707 4421 1800 4478 instar

92 4515 234 4588 omnium)
245 4513 400 4586 symbolam
414 4527 494 4570 snam
507 4513 703 4570 contulerunt.
718 4516 774 4571 iioc
785 4529 885 4587 agmen
897 4515 1070 4585 scriptorum
1085 4514 1170 4585 primi
1185 4512 1305 4570 subselii
1319 4512 1416 4569 vadem
1430 4511 1552 4568 adhibeo
1564 4510 1692 4568 delectus
1702 4511 1800 4580 operis

93 4619 168 4661 ame
182 4604 321 4675 suscepti,
342 4609 370 4659 et
388 4603 589 4675 castigationis
613 4602 781 4674 promissae:
797 4606 872 4676 quod
889 4604 974 4661 etiam
998 4606 1121 4676 pertinet
1135 4605 1170 4659 ad
1186 4603 1358 4674 dignitatem
1380 4601 1514 4657 Ecclesia
1535 4601 1664 4658 omnium
1685 4600 1797 4672 matris,

94 4695 220 4751 libenter
231 4692 440 4764 approbatum,
456 4693 487 4748 in
498 4698 539 4750 tot
552 4693 702 4749 nationum
718 4693 789 4750 liliis
801 4695 930 4751 devotam
945 4694 1002 4750 sibi
1015 4695 1148 4764 pietatem
1162 4691 1286 4748 feliciter
1296 4695 1462 4762 occupatam
1475 4691 1503 4746 in
1517 4688 1715 4747 descrihendis
1726 4688 1800 4745 fide-

96 4785 161 4840 liter
171 4785 264 4858 gostis
275 4783 442 4854 pontificum
454 4783 655 4840 maximorum.
666 4784 794 4841 Tertium
806 4785 888 4855 illud,
899 4784 974 4856 quod
986 4784 1141 4854 pollicebar
1150 4783 1256 4839 ductus
1265 4782 1396 4852 auspicio
1404 4781 1557 4851 jussionis,
1567 4785 1595 4836 et
1605 4777 1798 4836 beneficentiae

94 4881 161 4944 tuae,
177 4875 272 4929 Parsa
291 4872 465 4943 Bcarxssxuu,
479 4877 523 4928 cst
536 4871 678 4944 elegantia
692 4872 832 4928 editionis
849 4892 854 4926 :
871 4887 956 4945 quam
976 4887 1046 4929 usus
1060 4871 1160 4928 docuit
1177 4870 1307 4927 conferre
1323 4870 1482 4940 plurimum
1497 4868 1532 4924 ad
1547 4867 1643 4938 operis
1659 4863 1798 4935 perenni-

92 4968 191 5019 tatem.
208 4963 286 5018 lianc
300 4974 366 5018 vcro
380 4965 561 5017 consectatus
576 4975 639 5017 sum
656 4961 794 5031 impensis
807 4974 863 5017 non
877 4961 1080 5030 mediocribus,
1098 4958 1221 5016 consilio
1238 4960 1434 5028 prestantium
1448 4958 1586 5023 virorum,
1602 4958 1631 5009 et
1646 4966 1798 5024 compara-

93 5055 173 5109 tione
185 5051 359 5123 editionum,
374 5065 437 5122 quae
457 5053 615 5121 peritorum
635 5064 778 5108 consensu
792 5051 934 5109 habentur
954 5052 1077 5107 maxime
1097 5049 1219 5106 nobiles.
1243 5047 1364 5104 Felicem
1379 5060 1423 5101 me
1441 5042 1589 5116 reputabo,
1606 5044 1631 5101 si
1648 5058 1699 5117 pro
1721 5045 1797 5102 votis

94 5143 121 5198 id
139 5142 307 5212 obtinuero,
325 5147 357 5197 ut
372 5142 520 5197 salmurus
536 5142 644 5197 vesunu
663 5154 831 5212 persuasum
852 5140 973 5213 habeat,
984 5141 1154 5214 typographi
1169 5140 1215 5197 sui
1236 5139 1328 5204 iidem,
1347 5135 1549 5207 obedientiam,
1567 5148 1600 5192 ac
1614 5134 1797 5207 diligentiam

93 5233 133 5288 ita
147 5244 264 5302 semper
279 5235 405 5300 paratam
421 5227 500 5300 fore,
515 5234 548 5286 ut
564 5230 590 5286 is
604 5230 772 5301 apostolicis
787 5229 909 5301 pedihus
922 5245 996 5302 saepe
1010 5231 1153 5302 accidens,
1170 5233 1198 5286 cl
1213 5226 1380 5300 persolutis
1396 5229 1499 5282 nostrae
1514 5225 1630 5297 signum
1647 5221 1796 5294 pontificia

94 5333 181 5377 mauu
199 5317 372 5390 productum
386 5332 404 5375 a
421 5320 479 5375 Deo
493 5318 569 5376 vires
591 5319 759 5391 impetrans,
774 5332 790 5375 a
803 5333 860 5390 quo
882 5319 977 5376 omnis
992 5318 1164 5376 sufficientia
1188 5323 1285 5375 nostra
1299 5321 1352 5388 est,
1370 5328 1405 5372 ex
1418 5313 1471 5372 hoc
1491 5312 1686 5386 qualicunque
1698 5311 1798 5383 speci-

127 5519 169 5589 (α)
193 5517 236 5572 lix
252 5516 284 5571 li.
303 5517 332 5571 P.
350 5515 479 5574 Bonanni
496 5517 527 5574 in
541 5516 617 5587 expl.
635 5515 745 5572 nummi
762 5519 849 5585 postr.
866 5513 940 5570 sixti
955 5515 986 5569 v.

126 5591 170 5661 (b)
190 5588 296 5646 Boron.
316 5593 384 5647 tom.
404 5589 424 5644 l.
440 5588 544 5646 huual.
561 5589 591 5644 in
606 5586 728 5658 epistola
740 5587 836 5643 bodio.
853 5587 887 5642 ad
903 5585 1013 5642 Sixtum
1027 5585 1059 5639 v.
