<?xml version="1.0" encoding="UTF-8"?>
<!DOCTYPE html PUBLIC "-//W3C//DTD XHTML 1.0 Transitional//EN"
    "http://www.w3.org/TR/xhtml1/DTD/xhtml1-transitional.dtd">
<html xmlns="http://www.w3.org/1999/xhtml" xml:lang="en" lang="en">
 <head>
  <title>
</title>
<meta http-equiv="Content-Type" content="text/html;charset=utf-8" />
  <meta name='ocr-system' content='tesseract 3.04.00' />
  <meta name='ocr-capabilities' content='ocr_page ocr_carea ocr_par ocr_line ocrx_word'/>
</head>
<body>
  <div class='ocr_page' id='page_1' title='image "./patrologiaecurs48unkngoog_0065.png"; bbox 0 0 3892 6136; ppageno 0'>
   <div class='ocr_carea' id='block_1_1' title="bbox 114 265 1824 340">
    <p class='ocr_par' dir='ltr' id='par_1_1' title="bbox 114 265 1824 340">
     <span class='ocr_line' id='line_1_1' title="bbox 114 265 1824 340; baseline 0.009 -16"><span class='ocrx_word' id='word_1_1' title='bbox 114 265 167 325; x_wconf 77' lang='grc'><strong>449</strong></span> <span class='ocrx_word' id='word_1_2' title='bbox 503 270 551 329; x_wconf 86' lang='lat' dir='ltr'><strong>AD</strong></span> <span class='ocrx_word' id='word_1_3' title='bbox 581 271 799 334; x_wconf 80' lang='lat' dir='ltr'><strong>ANAsiAslbnt</strong></span> <span class='ocrx_word' id='word_1_4' title='bbox 819 274 1076 336; x_wconf 78' lang='lat' dir='ltr'><strong>PROLEGOMENA</strong></span> <span class='ocrx_word' id='word_1_5' title='bbox 1095 279 1183 337; x_wconf 78' lang='lat' dir='ltr'><strong>euti.</strong></span> <span class='ocrx_word' id='word_1_6' title='bbox 1211 277 1434 337; x_wconf 79' lang='lat' dir='ltr'><strong>ilem-vxiic.</strong></span> <span class='ocrx_word' id='word_1_7' title='bbox 1773 279 1824 340; x_wconf 75' lang='grc'><strong>120</strong></span> 
     </span>
    </p>
   </div>
   <div class='ocr_carea' id='block_1_2' title="bbox 114 391 1828 1626">
    <p class='ocr_par' dir='ltr' id='par_1_2' title="bbox 114 391 1824 740">
     <span class='ocr_line' id='line_1_2' title="bbox 115 391 1824 473; baseline 0.006 -23"><span class='ocrx_word' id='word_1_8' title='bbox 115 391 329 463; x_wconf 88' lang='lat' dir='ltr'><strong>diplomaticis:</strong></span> <span class='ocrx_word' id='word_1_9' title='bbox 343 406 407 466; x_wconf 83' lang='lat' dir='ltr'><strong>quae</strong></span> <span class='ocrx_word' id='word_1_10' title='bbox 419 394 544 465; x_wconf 88' lang='lat' dir='ltr'><strong>primum</strong></span> <span class='ocrx_word' id='word_1_11' title='bbox 558 395 588 452; x_wconf 91' lang='lat' dir='ltr'><strong>in</strong></span> <span class='ocrx_word' id='word_1_12' title='bbox 601 396 693 453; x_wconf 89' lang='lat' dir='ltr'><strong>lucem</strong></span> <span class='ocrx_word' id='word_1_13' title='bbox 707 398 845 468; x_wconf 90' lang='lat' dir='ltr'><strong>producte</strong></span> <span class='ocrx_word' id='word_1_14' title='bbox 858 397 978 462; x_wconf 89' lang='lat' dir='ltr'><strong>luitaA</strong></span> <span class='ocrx_word' id='word_1_15' title='bbox 993 400 1124 457; x_wconf 88' lang='lat' dir='ltr'><strong>Contenti</strong></span> <span class='ocrx_word' id='word_1_16' title='bbox 1144 404 1239 458; x_wconf 89' lang='lat' dir='ltr'><strong>autem</strong></span> <span class='ocrx_word' id='word_1_17' title='bbox 1260 400 1370 458; x_wconf 90' lang='lat' dir='ltr'><strong>crimus</strong></span> <span class='ocrx_word' id='word_1_18' title='bbox 1390 400 1442 457; x_wconf 93' lang='lat' dir='ltr'><strong>illo</strong></span> <span class='ocrx_word' id='word_1_19' title='bbox 1463 401 1546 472; x_wconf 86' lang='lat' dir='ltr'><strong>quasi</strong></span> <span class='ocrx_word' id='word_1_20' title='bbox 1565 402 1726 473; x_wconf 80' lang='lat' dir='ltr'><strong>specimine</strong></span> <span class='ocrx_word' id='word_1_21' title='bbox 1747 401 1824 461; x_wconf 91' lang='lat' dir='ltr'><strong>illu-</strong></span> 
     </span>
     <span class='ocr_line' id='line_1_3' title="bbox 114 480 1824 562; baseline 0.006 -24"><span class='ocrx_word' id='word_1_22' title='bbox 114 481 148 538; x_wconf 82' lang='lat' dir='ltr'><strong>v.</strong></span> <span class='ocrx_word' id='word_1_23' title='bbox 166 480 196 536; x_wconf 83' lang='lat' dir='ltr'><strong>G.</strong></span> <span class='ocrx_word' id='word_1_24' title='bbox 217 481 339 552; x_wconf 83' lang='lat' dir='ltr'><strong>losepbo</strong></span> <span class='ocrx_word' id='word_1_25' title='bbox 357 482 501 554; x_wconf 86' lang='lat' dir='ltr'><strong>Suaresie,</strong></span> <span class='ocrx_word' id='word_1_26' title='bbox 526 489 594 540; x_wconf 93' lang='lat' dir='ltr'><strong>tune</strong></span> <span class='ocrx_word' id='word_1_27' title='bbox 615 485 730 542; x_wconf 90' lang='lat' dir='ltr'><strong>erudite</strong></span> <span class='ocrx_word' id='word_1_28' title='bbox 750 487 938 560; x_wconf 81' lang='lat' dir='ltr'><strong>adolescente,</strong></span> <span class='ocrx_word' id='word_1_29' title='bbox 994 496 1086 546; x_wconf 90' lang='lat' dir='ltr'><strong>strare</strong></span> <span class='ocrx_word' id='word_1_30' title='bbox 1099 489 1296 562; x_wconf 89' lang='lat' dir='ltr'><strong>prolegomena</strong></span> <span class='ocrx_word' id='word_1_31' title='bbox 1311 489 1391 546; x_wconf 90' lang='lat' dir='ltr'><strong>tertii</strong></span> <span class='ocrx_word' id='word_1_32' title='bbox 1405 490 1494 560; x_wconf 76' lang='lat' dir='ltr'><strong>buius</strong></span> <span class='ocrx_word' id='word_1_33' title='bbox 1506 491 1587 561; x_wconf 91' lang='lat' dir='ltr'><strong>tomi,</strong></span> <span class='ocrx_word' id='word_1_34' title='bbox 1602 505 1666 548; x_wconf 95' lang='lat' dir='ltr'><strong>cum</strong></span> <span class='ocrx_word' id='word_1_35' title='bbox 1680 491 1739 548; x_wconf 89' lang='lat' dir='ltr'><strong>alia</strong></span> <span class='ocrx_word' id='word_1_36' title='bbox 1753 506 1824 562; x_wconf 91' lang='lat' dir='ltr'><strong>pre-</strong></span> 
     </span>
     <span class='ocr_line' id='line_1_4' title="bbox 116 569 1822 651; baseline 0.009 -27"><span class='ocrx_word' id='word_1_37' title='bbox 116 569 294 641; x_wconf 89' lang='lat' dir='ltr'><strong>peslmedum</strong></span> <span class='ocrx_word' id='word_1_38' title='bbox 303 569 940 647; x_wconf 84' lang='lat' dir='ltr'><strong>illustrissimeepiseopollasienensi,deinde</strong></span> <span class='ocrx_word' id='word_1_39' title='bbox 996 578 1051 635; x_wconf 82' lang='lat' dir='ltr'><strong>lata</strong></span> <span class='ocrx_word' id='word_1_40' title='bbox 1065 580 1125 635; x_wconf 91' lang='lat' dir='ltr'><strong>sint</strong></span> <span class='ocrx_word' id='word_1_41' title='bbox 1134 593 1168 635; x_wconf 90' lang='lat' dir='ltr'><strong>ex</strong></span> <span class='ocrx_word' id='word_1_42' title='bbox 1182 579 1423 650; x_wconf 84' lang='lat' dir='ltr'><strong>inscriptionibus</strong></span> <span class='ocrx_word' id='word_1_43' title='bbox 1437 580 1598 636; x_wconf 87' lang='lat' dir='ltr'><strong>vetustisin</strong></span> <span class='ocrx_word' id='word_1_44' title='bbox 1610 580 1779 651; x_wconf 88' lang='lat' dir='ltr'><strong>praelatione</strong></span> <span class='ocrx_word' id='word_1_45' title='bbox 1788 583 1822 640; x_wconf 91' lang='lat' dir='ltr'><strong>ad</strong></span> 
     </span>
     <span class='ocr_line' id='line_1_5' title="bbox 115 660 1566 740; baseline 0.006 -26"><span class='ocrx_word' id='word_1_46' title='bbox 115 671 216 715; x_wconf 86' lang='lat' dir='ltr'><strong>recusa</strong></span> <span class='ocrx_word' id='word_1_47' title='bbox 240 672 257 714; x_wconf 90' lang='lat' dir='ltr'><strong>a</strong></span> <span class='ocrx_word' id='word_1_48' title='bbox 279 660 320 715; x_wconf 88' lang='lat' dir='ltr'><strong>rei</strong></span> <span class='ocrx_word' id='word_1_49' title='bbox 343 660 538 731; x_wconf 80' lang='lat' dir='ltr'><strong>diplomaticae</strong></span> <span class='ocrx_word' id='word_1_50' title='bbox 565 664 694 719; x_wconf 93' lang='lat' dir='ltr'><strong>omnium</strong></span> <span class='ocrx_word' id='word_1_51' title='bbox 723 666 940 723; x_wconf 90' lang='lat' dir='ltr'><strong>consultissime</strong></span> <span class='ocrx_word' id='word_1_52' title='bbox 994 674 1103 724; x_wconf 93' lang='lat' dir='ltr'><strong>tomum</strong></span> <span class='ocrx_word' id='word_1_53' title='bbox 1119 668 1244 738; x_wconf 91' lang='lat' dir='ltr'><strong>primum</strong></span> <span class='ocrx_word' id='word_1_54' title='bbox 1261 680 1378 725; x_wconf 93' lang='lat' dir='ltr'><strong>numero</strong></span> <span class='ocrx_word' id='word_1_55' title='bbox 1394 665 1470 725; x_wconf 75' lang='lat' dir='ltr'><strong>ibet</strong></span> <span class='ocrx_word' id='word_1_56' title='bbox 1486 683 1566 740; x_wconf 79' lang='lat' dir='ltr'><strong>seqq.</strong></span> 
     </span>
    </p>

    <p class='ocr_par' dir='ltr' id='par_1_3' title="bbox 114 746 1828 1626">
     <span class='ocr_line' id='line_1_6' title="bbox 114 746 1823 828; baseline 0.008 -24"><span class='ocrx_word' id='word_1_57' title='bbox 114 746 293 819; x_wconf 84' lang='lat' dir='ltr'><strong>ilabillonie,</strong></span> <span class='ocrx_word' id='word_1_58' title='bbox 307 750 457 806; x_wconf 85' lang='lat' dir='ltr'><strong>etcaetcris</strong></span> <span class='ocrx_word' id='word_1_59' title='bbox 468 751 578 806; x_wconf 89' lang='lat' dir='ltr'><strong>ebartis</strong></span> <span class='ocrx_word' id='word_1_60' title='bbox 591 751 621 807; x_wconf 94' lang='lat' dir='ltr'><strong>in</strong></span> <span class='ocrx_word' id='word_1_61' title='bbox 634 765 718 822; x_wconf 92' lang='lat' dir='ltr'><strong>opere</strong></span> <span class='ocrx_word' id='word_1_62' title='bbox 731 753 782 810; x_wconf 91' lang='lat' dir='ltr'><strong>ille</strong></span> <span class='ocrx_word' id='word_1_63' title='bbox 795 754 878 825; x_wconf 87' lang='lat' dir='ltr'><strong>plane</strong></span> <span class='ocrx_word' id='word_1_64' title='bbox 891 756 941 811; x_wconf 89' lang='lat' dir='ltr'><strong>in·</strong></span> <span class='ocrx_word' id='word_1_65' title='bbox 1032 754 1074 813; x_wconf 74' lang='lat' dir='ltr'><strong>lit.</strong></span> <span class='ocrx_word' id='word_1_66' title='bbox 1100 757 1184 812; x_wconf 83' lang='lat' dir='ltr'><strong>Hisce</strong></span> <span class='ocrx_word' id='word_1_67' title='bbox 1211 755 1300 828; x_wconf 91' lang='lat' dir='ltr'><strong>igitur</strong></span> <span class='ocrx_word' id='word_1_68' title='bbox 1325 756 1476 827; x_wconf 81' lang='lat' dir='ltr'><strong>opusculis</strong></span> <span class='ocrx_word' id='word_1_69' title='bbox 1498 757 1698 828; x_wconf 81' lang='lat' dir='ltr'><strong>prolegomena</strong></span> <span class='ocrx_word' id='word_1_70' title='bbox 1724 763 1823 818; x_wconf 83' lang='lat' dir='ltr'><strong>nestra</strong></span> 
     </span>
     <span class='ocr_line' id='line_1_7' title="bbox 115 836 1824 919; baseline 0.009 -28"><span class='ocrx_word' id='word_1_71' title='bbox 115 836 303 907; x_wconf 82' lang='lat' dir='ltr'><strong>comparabili</strong></span> <span class='ocrx_word' id='word_1_72' title='bbox 328 837 458 896; x_wconf 81' lang='lat' dir='ltr'><strong>collectis</strong></span> <span class='ocrx_word' id='word_1_73' title='bbox 484 841 550 909; x_wconf 87' lang='lat' dir='ltr'><strong>jure</strong></span> <span class='ocrx_word' id='word_1_74' title='bbox 577 842 734 910; x_wconf 78' lang='lat' dir='ltr'><strong>premissa.</strong></span> <span class='ocrx_word' id='word_1_75' title='bbox 761 843 838 900; x_wconf 87' lang='lat' dir='ltr'><strong>Satis</strong></span> <span class='ocrx_word' id='word_1_76' title='bbox 863 846 940 902; x_wconf 91' lang='lat' dir='ltr'><strong>enim</strong></span> <span class='ocrx_word' id='word_1_77' title='bbox 995 858 1060 901; x_wconf 94' lang='lat' dir='ltr'><strong>cum</strong></span> <span class='ocrx_word' id='word_1_78' title='bbox 1088 846 1324 916; x_wconf 81' lang='lat' dir='ltr'><strong>instruxerimus,</strong></span> <span class='ocrx_word' id='word_1_79' title='bbox 1351 847 1448 903; x_wconf 90' lang='lat' dir='ltr'><strong>eadem</strong></span> <span class='ocrx_word' id='word_1_80' title='bbox 1477 846 1686 916; x_wconf 86' lang='lat' dir='ltr'><strong>complebimus</strong></span> <span class='ocrx_word' id='word_1_81' title='bbox 1713 849 1824 919; x_wconf 81' lang='lat' dir='ltr'><strong>adiecta</strong></span> 
     </span>
     <span class='ocr_line' id='line_1_8' title="bbox 114 922 1825 1005; baseline 0.008 -25"><span class='ocrx_word' id='word_1_82' title='bbox 114 922 204 981; x_wconf 87' lang='lat' dir='ltr'><strong>luerit</strong></span> <span class='ocrx_word' id='word_1_83' title='bbox 218 939 252 982; x_wconf 85' lang='lat' dir='ltr'><strong>ex</strong></span> <span class='ocrx_word' id='word_1_84' title='bbox 269 924 436 996; x_wconf 83' lang='lat' dir='ltr'><strong>hujusmodi</strong></span> <span class='ocrx_word' id='word_1_85' title='bbox 448 929 620 986; x_wconf 89' lang='lat' dir='ltr'><strong>documento</strong></span> <span class='ocrx_word' id='word_1_86' title='bbox 636 931 719 988; x_wconf 90' lang='lat' dir='ltr'><strong>illius</strong></span> <span class='ocrx_word' id='word_1_87' title='bbox 732 934 825 989; x_wconf 78' lang='lat' dir='ltr'><strong>etatis</strong></span> <span class='ocrx_word' id='word_1_88' title='bbox 837 934 872 990; x_wconf 91' lang='lat' dir='ltr'><strong>de</strong></span> <span class='ocrx_word' id='word_1_89' title='bbox 884 948 941 1005; x_wconf 85' lang='lat' dir='ltr'><strong>qua</strong></span> <span class='ocrx_word' id='word_1_90' title='bbox 996 933 1182 1005; x_wconf 84' lang='lat' dir='ltr'><strong>chronologia</strong></span> <span class='ocrx_word' id='word_1_91' title='bbox 1202 934 1360 1005; x_wconf 82' lang='lat' dir='ltr'><strong>pontificia,</strong></span> <span class='ocrx_word' id='word_1_92' title='bbox 1380 934 1506 991; x_wconf 84' lang='lat' dir='ltr'><strong>Caesarea</strong></span> <span class='ocrx_word' id='word_1_93' title='bbox 1522 941 1550 992; x_wconf 87' lang='lat' dir='ltr'><strong>ct</strong></span> <span class='ocrx_word' id='word_1_94' title='bbox 1566 934 1714 992; x_wconf 91' lang='lat' dir='ltr'><strong>consulari</strong></span> <span class='ocrx_word' id='word_1_95' title='bbox 1734 937 1825 994; x_wconf 94' lang='lat' dir='ltr'><strong>trium</strong></span> 
     </span>
     <span class='ocr_line' id='line_1_9' title="bbox 115 1011 1828 1094; baseline 0.009 -27"><span class='ocrx_word' id='word_1_96' title='bbox 115 1011 164 1068; x_wconf 91' lang='lat' dir='ltr'><strong>bic</strong></span> <span class='ocrx_word' id='word_1_97' title='bbox 179 1015 304 1086; x_wconf 80' lang='lat' dir='ltr'><strong>agimus,</strong></span> <span class='ocrx_word' id='word_1_98' title='bbox 317 1020 345 1072; x_wconf 89' lang='lat' dir='ltr'><strong>et</strong></span> <span class='ocrx_word' id='word_1_99' title='bbox 360 1015 391 1072; x_wconf 91' lang='lat' dir='ltr'><strong>in</strong></span> <span class='ocrx_word' id='word_1_100' title='bbox 406 1016 537 1086; x_wconf 91' lang='lat' dir='ltr'><strong>publicas</strong></span> <span class='ocrx_word' id='word_1_101' title='bbox 550 1019 664 1076; x_wconf 90' lang='lat' dir='ltr'><strong>tabulas</strong></span> <span class='ocrx_word' id='word_1_102' title='bbox 679 1021 768 1078; x_wconf 90' lang='lat' dir='ltr'><strong>relate</strong></span> <span class='ocrx_word' id='word_1_103' title='bbox 781 1023 868 1077; x_wconf 83' lang='lat' dir='ltr'><strong>Leone</strong></span> <span class='ocrx_word' id='word_1_104' title='bbox 881 1022 940 1078; x_wconf 85' lang='lat' dir='ltr'><strong>Ae·</strong></span> <span class='ocrx_word' id='word_1_105' title='bbox 998 1023 1167 1080; x_wconf 82' lang='lat' dir='ltr'><strong>seculorum</strong></span> <span class='ocrx_word' id='word_1_106' title='bbox 1181 1022 1250 1078; x_wconf 92' lang='lat' dir='ltr'><strong>buic</strong></span> <span class='ocrx_word' id='word_1_107' title='bbox 1261 1027 1336 1079; x_wconf 93' lang='lat' dir='ltr'><strong>teme</strong></span> <span class='ocrx_word' id='word_1_108' title='bbox 1347 1025 1609 1080; x_wconf 89' lang='lat' dir='ltr'><strong>commendatorum</strong></span> <span class='ocrx_word' id='word_1_109' title='bbox 1623 1043 1629 1080; x_wconf 92' lang='lat'>:</span> <span class='ocrx_word' id='word_1_110' title='bbox 1643 1038 1729 1094; x_wconf 80' lang='lat' dir='ltr'><strong>quam</strong></span> <span class='ocrx_word' id='word_1_111' title='bbox 1743 1026 1828 1083; x_wconf 90' lang='lat' dir='ltr'><strong>ader-</strong></span> 
     </span>
     <span class='ocr_line' id='line_1_10' title="bbox 114 1107 1827 1183; baseline 0.009 -26"><span class='ocrx_word' id='word_1_112' title='bbox 114 1107 193 1170; x_wconf 81' lang='lat' dir='ltr'><strong>gttsle</strong></span> <span class='ocrx_word' id='word_1_113' title='bbox 216 1108 346 1173; x_wconf 69' lang='lat' dir='ltr'><strong>quonum</strong></span> <span class='ocrx_word' id='word_1_114' title='bbox 360 1110 386 1161; x_wconf 83' lang='lat' dir='ltr'><strong>et</strong></span> <span class='ocrx_word' id='word_1_115' title='bbox 405 1107 541 1161; x_wconf 77' lang='lat' dir='ltr'><strong>Preciano</strong></span> <span class='ocrx_word' id='word_1_116' title='bbox 561 1108 633 1164; x_wconf 79' lang='lat' dir='ltr'><strong>Coss.</strong></span> <span class='ocrx_word' id='word_1_117' title='bbox 650 1107 760 1180; x_wconf 88' lang='lat' dir='ltr'><strong>(nempe</strong></span> <span class='ocrx_word' id='word_1_118' title='bbox 775 1125 838 1167; x_wconf 79' lang='lat' dir='ltr'><strong>aerm</strong></span> <span class='ocrx_word' id='word_1_119' title='bbox 856 1112 945 1168; x_wconf 84' lang='lat' dir='ltr'><strong>Cbri-</strong></span> <span class='ocrx_word' id='word_1_120' title='bbox 1000 1112 1121 1167; x_wconf 89' lang='lat' dir='ltr'><strong>nandam</strong></span> <span class='ocrx_word' id='word_1_121' title='bbox 1137 1111 1234 1167; x_wconf 86' lang='lat' dir='ltr'><strong>curari</strong></span> <span class='ocrx_word' id='word_1_122' title='bbox 1250 1112 1284 1167; x_wconf 90' lang='lat' dir='ltr'><strong>ad</strong></span> <span class='ocrx_word' id='word_1_123' title='bbox 1300 1113 1391 1168; x_wconf 89' lang='lat' dir='ltr'><strong>instar</strong></span> <span class='ocrx_word' id='word_1_124' title='bbox 1406 1112 1592 1183; x_wconf 80' lang='lat' dir='ltr'><strong>praecedentis</strong></span> <span class='ocrx_word' id='word_1_125' title='bbox 1606 1118 1683 1169; x_wconf 93' lang='lat' dir='ltr'><strong>teme</strong></span> <span class='ocrx_word' id='word_1_126' title='bbox 1697 1115 1827 1173; x_wconf 89' lang='lat' dir='ltr'><strong>seeundo</strong></span> 
     </span>
     <span class='ocr_line' id='line_1_11' title="bbox 115 1189 1828 1289; baseline 0.009 -44"><span class='ocrx_word' id='word_1_127' title='bbox 115 1189 220 1247; x_wconf 83' lang='lat' dir='ltr'><strong>stianae</strong></span> <span class='ocrx_word' id='word_1_128' title='bbox 232 1205 307 1251; x_wconf 91' lang='lat' dir='ltr'><strong>anno</strong></span> <span class='ocrx_word' id='word_1_129' title='bbox 320 1191 391 1268; x_wconf 80' lang='lat' dir='ltr'><strong>iit),</strong></span> <span class='ocrx_word' id='word_1_130' title='bbox 408 1197 491 1266; x_wconf 91' lang='lat' dir='ltr'><strong>salis,</strong></span> <span class='ocrx_word' id='word_1_131' title='bbox 506 1197 634 1268; x_wconf 85' lang='lat' dir='ltr'><strong>inquam,</strong></span> <span class='ocrx_word' id='word_1_132' title='bbox 649 1198 705 1254; x_wconf 89' lang='lat' dir='ltr'><strong>erit</strong></span> <span class='ocrx_word' id='word_1_133' title='bbox 716 1199 784 1254; x_wconf 89' lang='lat' dir='ltr'><strong>inde</strong></span> <span class='ocrx_word' id='word_1_134' title='bbox 798 1200 948 1289; x_wconf 81' lang='lat' dir='ltr'><strong>ostendore</strong></span> <span class='ocrx_word' id='word_1_135' title='bbox 1001 1200 1149 1271; x_wconf 80' lang='lat' dir='ltr'><strong>disposita</strong></span> <span class='ocrx_word' id='word_1_136' title='bbox 1159 1215 1208 1271; x_wconf 91' lang='lat' dir='ltr'><strong>per</strong></span> <span class='ocrx_word' id='word_1_137' title='bbox 1219 1213 1309 1257; x_wconf 88' lang='lat' dir='ltr'><strong>annos</strong></span> <span class='ocrx_word' id='word_1_138' title='bbox 1319 1201 1450 1273; x_wconf 91' lang='lat' dir='ltr'><strong>singulos</strong></span> <span class='ocrx_word' id='word_1_139' title='bbox 1460 1215 1523 1257; x_wconf 92' lang='lat' dir='ltr'><strong>cum</strong></span> <span class='ocrx_word' id='word_1_140' title='bbox 1535 1202 1716 1259; x_wconf 87' lang='lat' dir='ltr'><strong>documentis</strong></span> <span class='ocrx_word' id='word_1_141' title='bbox 1729 1205 1828 1260; x_wconf 92' lang='lat' dir='ltr'><strong>meni-</strong></span> 
     </span>
     <span class='ocr_line' id='line_1_12' title="bbox 116 1282 1828 1360; baseline 0.009 -26"><span class='ocrx_word' id='word_1_142' title='bbox 116 1282 355 1340; x_wconf 90' lang='lat' dir='ltr'><strong>consuctudinem</strong></span> <span class='ocrx_word' id='word_1_143' title='bbox 376 1285 564 1342; x_wconf 87' lang='lat' dir='ltr'><strong>donationum</strong></span> <span class='ocrx_word' id='word_1_144' title='bbox 590 1301 623 1343; x_wconf 92' lang='lat' dir='ltr'><strong>ac</strong></span> <span class='ocrx_word' id='word_1_145' title='bbox 643 1287 824 1345; x_wconf 79' lang='lat' dir='ltr'><strong>delationum</strong></span> <span class='ocrx_word' id='word_1_146' title='bbox 850 1291 950 1360; x_wconf 62' lang='lat' dir='ltr'><strong>sacris</strong></span> <span class='ocrx_word' id='word_1_147' title='bbox 1004 1296 1163 1347; x_wconf 86' lang='lat' dir='ltr'><strong>mentorum</strong></span> <span class='ocrx_word' id='word_1_148' title='bbox 1188 1295 1313 1347; x_wconf 84' lang='lat' dir='ltr'><strong>velerum</strong></span> <span class='ocrx_word' id='word_1_149' title='bbox 1338 1290 1465 1346; x_wconf 90' lang='lat' dir='ltr'><strong>eamdem</strong></span> <span class='ocrx_word' id='word_1_150' title='bbox 1490 1289 1739 1360; x_wconf 81' lang='lat' dir='ltr'><strong>comprobantium</strong></span> <span class='ocrx_word' id='word_1_151' title='bbox 1764 1311 1771 1348; x_wconf 74' lang='grc' dir='ltr'><strong>ε</strong></span> <span class='ocrx_word' id='word_1_152' title='bbox 1795 1298 1828 1350; x_wconf 93' lang='lat' dir='ltr'><strong>ut</strong></span> 
     </span>
     <span class='ocr_line' id='line_1_13' title="bbox 117 1371 1826 1450; baseline 0.006 -22"><span class='ocrx_word' id='word_1_153' title='bbox 117 1371 229 1430; x_wconf 79' lang='lat' dir='ltr'><strong>aedibus</strong></span> <span class='ocrx_word' id='word_1_154' title='bbox 242 1375 445 1444; x_wconf 82' lang='lat' dir='ltr'><strong>praeslitarum,</strong></span> <span class='ocrx_word' id='word_1_155' title='bbox 460 1376 794 1448; x_wconf 85' lang='lat' dir='ltr'><strong>etvocabulaeomplura</strong></span> <span class='ocrx_word' id='word_1_156' title='bbox 811 1392 948 1450; x_wconf 82' lang='lat' dir='ltr'><strong>generum</strong></span> <span class='ocrx_word' id='word_1_157' title='bbox 1003 1379 1107 1435; x_wconf 90' lang='lat' dir='ltr'><strong>deinde</strong></span> <span class='ocrx_word' id='word_1_158' title='bbox 1132 1379 1166 1435; x_wconf 89' lang='lat' dir='ltr'><strong>ad</strong></span> <span class='ocrx_word' id='word_1_159' title='bbox 1189 1379 1330 1435; x_wconf 88' lang='lat' dir='ltr'><strong>sectiones</strong></span> <span class='ocrx_word' id='word_1_160' title='bbox 1351 1383 1445 1434; x_wconf 88' lang='lat' dir='ltr'><strong>textus</strong></span> <span class='ocrx_word' id='word_1_161' title='bbox 1469 1378 1720 1450; x_wconf 80' lang='lat' dir='ltr'><strong>bibliothecarius,</strong></span> <span class='ocrx_word' id='word_1_162' title='bbox 1742 1384 1772 1437; x_wconf 93' lang='lat' dir='ltr'><strong>et</strong></span> <span class='ocrx_word' id='word_1_163' title='bbox 1791 1380 1826 1438; x_wconf 90' lang='lat' dir='ltr'><strong>ad</strong></span> 
     </span>
     <span class='ocr_line' id='line_1_14' title="bbox 117 1463 1828 1541; baseline 0.004 -22"><span class='ocrx_word' id='word_1_164' title='bbox 117 1475 150 1519; x_wconf 92' lang='lat' dir='ltr'><strong>ae</strong></span> <span class='ocrx_word' id='word_1_165' title='bbox 161 1463 320 1534; x_wconf 85' lang='lat' dir='ltr'><strong>specierum</strong></span> <span class='ocrx_word' id='word_1_166' title='bbox 333 1477 421 1520; x_wconf 87' lang='lat' dir='ltr'><strong>sacrae</strong></span> <span class='ocrx_word' id='word_1_167' title='bbox 433 1464 635 1536; x_wconf 89' lang='lat' dir='ltr'><strong>supellectilis,</strong></span> <span class='ocrx_word' id='word_1_168' title='bbox 648 1467 677 1522; x_wconf 94' lang='lat' dir='ltr'><strong>in</strong></span> <span class='ocrx_word' id='word_1_169' title='bbox 689 1472 768 1524; x_wconf 92' lang='lat' dir='ltr'><strong>textu</strong></span> <span class='ocrx_word' id='word_1_170' title='bbox 783 1469 949 1526; x_wconf 84' lang='lat' dir='ltr'><strong>Biblietbe·</strong></span> <span class='ocrx_word' id='word_1_171' title='bbox 1003 1482 1100 1525; x_wconf 90' lang='lat' dir='ltr'><strong>earum</strong></span> <span class='ocrx_word' id='word_1_172' title='bbox 1114 1472 1196 1524; x_wconf 90' lang='lat' dir='ltr'><strong>netas</strong></span> <span class='ocrx_word' id='word_1_173' title='bbox 1212 1468 1359 1539; x_wconf 86' lang='lat' dir='ltr'><strong>ingressus</strong></span> <span class='ocrx_word' id='word_1_174' title='bbox 1368 1468 1404 1524; x_wconf 92' lang='lat' dir='ltr'><strong>de</strong></span> <span class='ocrx_word' id='word_1_175' title='bbox 1418 1481 1495 1524; x_wconf 91' lang='lat' dir='ltr'><strong>more</strong></span> <span class='ocrx_word' id='word_1_176' title='bbox 1508 1471 1611 1539; x_wconf 90' lang='lat' dir='ltr'><strong>pateat,</strong></span> <span class='ocrx_word' id='word_1_177' title='bbox 1624 1475 1653 1525; x_wconf 89' lang='lat' dir='ltr'><strong>et</strong></span> <span class='ocrx_word' id='word_1_178' title='bbox 1666 1468 1746 1541; x_wconf 85' lang='lat' dir='ltr'><strong>regia</strong></span> <span class='ocrx_word' id='word_1_179' title='bbox 1760 1482 1828 1526; x_wconf 89' lang='lat' dir='ltr'><strong>mu-</strong></span> 
     </span>
     <span class='ocr_line' id='line_1_15' title="bbox 119 1551 1172 1626; baseline 0.007 -19"><span class='ocrx_word' id='word_1_180' title='bbox 119 1551 192 1607; x_wconf 90' lang='lat' dir='ltr'><strong>caril</strong></span> <span class='ocrx_word' id='word_1_181' title='bbox 214 1556 243 1608; x_wconf 89' lang='lat' dir='ltr'><strong>et</strong></span> <span class='ocrx_word' id='word_1_182' title='bbox 259 1552 289 1608; x_wconf 93' lang='lat' dir='ltr'><strong>in</strong></span> <span class='ocrx_word' id='word_1_183' title='bbox 302 1552 400 1610; x_wconf 86' lang='lat' dir='ltr'><strong>oborta</strong></span> <span class='ocrx_word' id='word_1_184' title='bbox 419 1554 596 1612; x_wconf 83' lang='lat' dir='ltr'><strong>cornutiana</strong></span> <span class='ocrx_word' id='word_1_185' title='bbox 615 1556 733 1626; x_wconf 88' lang='lat' dir='ltr'><strong>perinde</strong></span> <span class='ocrx_word' id='word_1_186' title='bbox 753 1559 944 1615; x_wconf 90' lang='lat' dir='ltr'><strong>occurrentia.</strong></span> <span class='ocrx_word' id='word_1_187' title='bbox 1003 1558 1102 1615; x_wconf 92' lang='lat' dir='ltr'><strong>niatur</strong></span> <span class='ocrx_word' id='word_1_188' title='bbox 1116 1558 1172 1614; x_wconf 88' lang='lat' dir='ltr'><strong>vla.</strong></span> 
     </span>
    </p>
   </div>
   <div class='ocr_carea' id='block_1_3' title="bbox 442 1802 1507 1954">
    <p class='ocr_par' dir='ltr' id='par_1_4' title="bbox 442 1802 1507 1954">
     <span class='ocr_line' id='line_1_16' title="bbox 442 1802 1507 1954; baseline 0.003 -5"><span class='ocrx_word' id='word_1_189' title='bbox 442 1802 737 1952; x_wconf 80' lang='lat' dir='ltr'><strong>illeillll</strong></span> <span class='ocrx_word' id='word_1_190' title='bbox 783 1804 1090 1954; x_wconf 84' lang='lat' dir='ltr'><strong>llllllilll</strong></span> <span class='ocrx_word' id='word_1_191' title='bbox 1143 1802 1507 1953; x_wconf 72' lang='lat' dir='ltr'><strong>llltltllll</strong></span> 
     </span>
    </p>
   </div>
   <div class='ocr_carea' id='block_1_4' title="bbox 520 2019 1422 2100">
    <p class='ocr_par' dir='ltr' id='par_1_5' title="bbox 520 2019 1422 2100">
     <span class='ocr_line' id='line_1_17' title="bbox 520 2019 1422 2100; baseline -0.001 -18"><span class='ocrx_word' id='word_1_192' title='bbox 520 2021 622 2094; x_wconf 84' lang='lat' dir='ltr'><strong>Quem</strong></span> <span class='ocrx_word' id='word_1_193' title='bbox 638 2021 827 2100; x_wconf 82' lang='lat' dir='ltr'><strong>Cuspicnus</strong></span> <span class='ocrx_word' id='word_1_194' title='bbox 842 2022 948 2084; x_wconf 91' lang='lat' dir='ltr'><strong>tetum</strong></span> <span class='ocrx_word' id='word_1_195' title='bbox 963 2021 1000 2084; x_wconf 92' lang='lat' dir='ltr'><strong>in</strong></span> <span class='ocrx_word' id='word_1_196' title='bbox 1015 2022 1131 2085; x_wconf 85' lang='lat' dir='ltr'><strong>Festos</strong></span> <span class='ocrx_word' id='word_1_197' title='bbox 1145 2039 1223 2084; x_wconf 88' lang='lat' dir='ltr'><strong>suos</strong></span> <span class='ocrx_word' id='word_1_198' title='bbox 1236 2019 1422 2086; x_wconf 80' lang='lat' dir='ltr'><strong>transtulit.</strong></span> 
     </span>
    </p>
   </div>
   <div class='ocr_carea' id='block_1_5' title="bbox 125 2159 1830 2324">
    <p class='ocr_par' dir='ltr' id='par_1_6' title="bbox 125 2159 1830 2324">
     <span class='ocr_line' id='line_1_18' title="bbox 125 2159 1830 2243; baseline 0.004 -21"><span class='ocrx_word' id='word_1_199' title='bbox 125 2159 184 2222; x_wconf 79' lang='lat' dir='ltr'><strong>Ee·</strong></span> <span class='ocrx_word' id='word_1_200' title='bbox 199 2159 341 2240; x_wconf 78' lang='lat' dir='ltr'><strong>AE&#39;pide&#39;e&#39;</strong></span> <span class='ocrx_word' id='word_1_201' title='bbox 353 2159 518 2224; x_wconf 79' lang='lat' dir='ltr'><strong>Boeberii</strong></span> <span class='ocrx_word' id='word_1_202' title='bbox 541 2161 785 2227; x_wconf 76' lang='lat' dir='ltr'><strong>Commentario</strong></span> <span class='ocrx_word' id='word_1_203' title='bbox 811 2166 851 2227; x_wconf 83' lang='lat' dir='ltr'><strong>lo</strong></span> <span class='ocrx_word' id='word_1_204' title='bbox 882 2165 1051 2228; x_wconf 78' lang='lat' dir='ltr'><strong>Cononem</strong></span> <span class='ocrx_word' id='word_1_205' title='bbox 1071 2162 1272 2227; x_wconf 80' lang='lat' dir='ltr'><strong>Peccbolem</strong></span> <span class='ocrx_word' id='word_1_206' title='bbox 1291 2162 1443 2240; x_wconf 77' lang='lat' dir='ltr'><strong>Victorii,</strong></span> <span class='ocrx_word' id='word_1_207' title='bbox 1468 2177 1549 2243; x_wconf 74' lang='lat' dir='ltr'><strong>pop.</strong></span> <span class='ocrx_word' id='word_1_208' title='bbox 1568 2164 1628 2226; x_wconf 69' lang='lat'><strong>269</strong></span> <span class='ocrx_word' id='word_1_209' title='bbox 1648 2162 1830 2228; x_wconf 76' lang='lat' dir='ltr'><strong>Editieot‘e</strong></span> 
     </span>
     <span class='ocr_line' id='line_1_19' title="bbox 200 2238 1747 2324; baseline 0.001 -20"><span class='ocrx_word' id='word_1_210' title='bbox 200 2238 440 2305; x_wconf 81' lang='lat' dir='ltr'><strong>Plentioieoe</strong></span> <span class='ocrx_word' id='word_1_211' title='bbox 451 2241 648 2324; x_wconf 83' lang='lat' dir='ltr'><strong>Aoleerpc&#39;oe</strong></span> <span class='ocrx_word' id='word_1_212' title='bbox 659 2244 876 2310; x_wconf 78' lang='lat' dir='ltr'><strong>MDCXXXI</strong></span> <span class='ocrx_word' id='word_1_213' title='bbox 876 2248 911 2323; x_wconf 85' lang='lat' dir='ltr'><strong>V,</strong></span> <span class='ocrx_word' id='word_1_214' title='bbox 928 2262 1003 2308; x_wconf 81' lang='lat' dir='ltr'><strong>cuae</strong></span> <span class='ocrx_word' id='word_1_215' title='bbox 1016 2245 1106 2308; x_wconf 82' lang='lat' dir='ltr'><strong>nelis</strong></span> <span class='ocrx_word' id='word_1_216' title='bbox 1120 2241 1373 2324; x_wconf 71' lang='lat' dir='ltr'><strong>esterpiooliduc</strong></span> <span class='ocrx_word' id='word_1_217' title='bbox 1386 2243 1537 2323; x_wconf 79' lang='lat' dir='ltr'><strong>ejusdem</strong></span> <span class='ocrx_word' id='word_1_218' title='bbox 1550 2242 1747 2308; x_wconf 80' lang='lat' dir='ltr'><strong>Boeberrii.</strong></span> 
     </span>
    </p>
   </div>
   <div class='ocr_carea' id='block_1_6' title="bbox 95 2470 1832 3042">
    <p class='ocr_par' dir='ltr' id='par_1_7' title="bbox 159 2470 1828 2545">
     <span class='ocr_line' id='line_1_20' title="bbox 159 2470 1828 2545; baseline -0.002 -13"><span class='ocrx_word' id='word_1_219' title='bbox 159 2475 318 2545; x_wconf 89' lang='lat' dir='ltr'><strong>imperante</strong></span> <span class='ocrx_word' id='word_1_220' title='bbox 329 2470 445 2529; x_wconf 83' lang='lat' dir='ltr'><strong>Tiberio</strong></span> <span class='ocrx_word' id='word_1_221' title='bbox 457 2472 566 2529; x_wconf 83' lang='lat' dir='ltr'><strong>caesare</strong></span> <span class='ocrx_word' id='word_1_222' title='bbox 578 2486 680 2543; x_wconf 89' lang='lat' dir='ltr'><strong>passus</strong></span> <span class='ocrx_word' id='word_1_223' title='bbox 692 2474 883 2531; x_wconf 90' lang='lat' dir='ltr'><strong>estDeminus</strong></span> <span class='ocrx_word' id='word_1_224' title='bbox 894 2471 987 2531; x_wconf 86' lang='lat' dir='ltr'><strong>ne-l3</strong></span> <span class='ocrx_word' id='word_1_225' title='bbox 1038 2475 1233 2529; x_wconf 84' lang='lat' dir='ltr'><strong>Tenssrsenus</strong></span> <span class='ocrx_word' id='word_1_226' title='bbox 1259 2473 1344 2529; x_wconf 88' lang='lat' dir='ltr'><strong>annis</strong></span> <span class='ocrx_word' id='word_1_227' title='bbox 1369 2471 1512 2541; x_wconf 88' lang='lat' dir='ltr'><strong>undecim,</strong></span> <span class='ocrx_word' id='word_1_228' title='bbox 1541 2470 1691 2528; x_wconf 89' lang='lat' dir='ltr'><strong>mensibus</strong></span> <span class='ocrx_word' id='word_1_229' title='bbox 1720 2471 1828 2541; x_wconf 89' lang='lat' dir='ltr'><strong>tribus,</strong></span> 
     </span>
    </p>

    <p class='ocr_par' dir='ltr' id='par_1_8' title="bbox 123 2541 1830 2614">
     <span class='ocr_line' id='line_1_21' title="bbox 123 2541 1830 2614; baseline -0.003 -9"><span class='ocrx_word' id='word_1_230' title='bbox 123 2552 183 2606; x_wconf 88' lang='lat' dir='ltr'><strong>ster</strong></span> <span class='ocrx_word' id='word_1_231' title='bbox 193 2548 276 2603; x_wconf 86' lang='lat' dir='ltr'><strong>lesus</strong></span> <span class='ocrx_word' id='word_1_232' title='bbox 288 2544 423 2601; x_wconf 87' lang='lat' dir='ltr'><strong>Christus</strong></span> <span class='ocrx_word' id='word_1_233' title='bbox 434 2543 548 2600; x_wconf 90' lang='lat' dir='ltr'><strong>duobus</strong></span> <span class='ocrx_word' id='word_1_234' title='bbox 559 2543 690 2601; x_wconf 87' lang='lat' dir='ltr'><strong>Geminis</strong></span> <span class='ocrx_word' id='word_1_235' title='bbox 701 2545 882 2612; x_wconf 88' lang='lat' dir='ltr'><strong>oonsulibus,</strong></span> <span class='ocrx_word' id='word_1_236' title='bbox 896 2559 947 2600; x_wconf 86' lang='lat' dir='ltr'><strong>vnn</strong></span> <span class='ocrx_word' id='word_1_237' title='bbox 1004 2544 1107 2601; x_wconf 90' lang='lat' dir='ltr'><strong>diebus</strong></span> <span class='ocrx_word' id='word_1_238' title='bbox 1122 2543 1226 2601; x_wconf 92' lang='lat' dir='ltr'><strong>tribus.</strong></span> <span class='ocrx_word' id='word_1_239' title='bbox 1244 2545 1310 2600; x_wconf 89' lang='lat' dir='ltr'><strong>Fuit</strong></span> <span class='ocrx_word' id='word_1_240' title='bbox 1326 2544 1502 2613; x_wconf 92' lang='lat' dir='ltr'><strong>temporibus</strong></span> <span class='ocrx_word' id='word_1_241' title='bbox 1514 2541 1652 2598; x_wconf 77' lang='lat' dir='ltr'><strong>Antonini</strong></span> <span class='ocrx_word' id='word_1_242' title='bbox 1667 2543 1801 2614; x_wconf 81' lang='lat' dir='ltr'><strong>Macrini,</strong></span> <span class='ocrx_word' id='word_1_243' title='bbox 1814 2557 1830 2600; x_wconf 86' lang='lat' dir='ltr'><strong>a</strong></span> 
     </span>
    </p>

    <p class='ocr_par' dir='ltr' id='par_1_9' title="bbox 123 2614 1832 2687">
     <span class='ocr_line' id='line_1_22' title="bbox 123 2614 1832 2687; baseline -0.002 -12"><span class='ocrx_word' id='word_1_244' title='bbox 123 2619 266 2676; x_wconf 78' lang='lat' dir='ltr'><strong>Kalendas</strong></span> <span class='ocrx_word' id='word_1_245' title='bbox 277 2614 397 2687; x_wconf 93' lang='lat' dir='ltr'><strong>Aprilis,</strong></span> <span class='ocrx_word' id='word_1_246' title='bbox 411 2620 439 2671; x_wconf 93' lang='lat' dir='ltr'><strong>et</strong></span> <span class='ocrx_word' id='word_1_247' title='bbox 451 2621 515 2685; x_wconf 91' lang='lat' dir='ltr'><strong>pest</strong></span> <span class='ocrx_word' id='word_1_248' title='bbox 527 2628 676 2672; x_wconf 89' lang='lat' dir='ltr'><strong>ascensum</strong></span> <span class='ocrx_word' id='word_1_249' title='bbox 687 2616 749 2685; x_wconf 86' lang='lat' dir='ltr'><strong>ejus</strong></span> <span class='ocrx_word' id='word_1_250' title='bbox 764 2616 950 2672; x_wconf 90' lang='lat' dir='ltr'><strong>beatissimus</strong></span> <span class='ocrx_word' id='word_1_251' title='bbox 1004 2616 1156 2673; x_wconf 88' lang='lat' dir='ltr'><strong>consulatu</strong></span> <span class='ocrx_word' id='word_1_252' title='bbox 1164 2615 1277 2671; x_wconf 80' lang='lat' dir='ltr'><strong>Titiani</strong></span> <span class='ocrx_word' id='word_1_253' title='bbox 1291 2620 1319 2671; x_wconf 90' lang='lat' dir='ltr'><strong>et</strong></span> <span class='ocrx_word' id='word_1_254' title='bbox 1332 2615 1486 2686; x_wconf 87' lang='lat' dir='ltr'><strong>Gallicani,</strong></span> <span class='ocrx_word' id='word_1_255' title='bbox 1500 2627 1591 2685; x_wconf 83' lang='lat' dir='ltr'><strong>usque</strong></span> <span class='ocrx_word' id='word_1_256' title='bbox 1600 2614 1710 2670; x_wconf 74' lang='lat' dir='ltr'><strong>casare</strong></span> <span class='ocrx_word' id='word_1_257' title='bbox 1724 2619 1754 2671; x_wconf 92' lang='lat' dir='ltr'><strong>el</strong></span> <span class='ocrx_word' id='word_1_258' title='bbox 1765 2615 1832 2672; x_wconf 84' lang='lat' dir='ltr'><strong>uai-</strong></span> 
     </span>
    </p>

    <p class='ocr_par' dir='ltr' id='par_1_10' title="bbox 123 2687 1083 2761">
     <span class='ocr_line' id='line_1_23' title="bbox 123 2687 1083 2761; baseline -0.007 -13"><span class='ocrx_word' id='word_1_259' title='bbox 123 2691 225 2748; x_wconf 86' lang='lat' dir='ltr'><strong>Pelrus</strong></span> <span class='ocrx_word' id='word_1_260' title='bbox 245 2687 442 2759; x_wconf 89' lang='lat' dir='ltr'><strong>episcopatum</strong></span> <span class='ocrx_word' id='word_1_261' title='bbox 464 2687 600 2757; x_wconf 91' lang='lat' dir='ltr'><strong>suscepit.</strong></span> <span class='ocrx_word' id='word_1_262' title='bbox 623 2688 663 2742; x_wconf 87' lang='lat' dir='ltr'><strong>Ex</strong></span> <span class='ocrx_word' id='word_1_263' title='bbox 681 2701 740 2761; x_wconf 20' lang='lat' dir='ltr'><strong>,que</strong></span> <span class='ocrx_word' id='word_1_264' title='bbox 760 2694 885 2756; x_wconf 92' lang='lat' dir='ltr'><strong>tempore</strong></span> <span class='ocrx_word' id='word_1_265' title='bbox 901 2701 950 2758; x_wconf 90' lang='lat' dir='ltr'><strong>per</strong></span> <span class='ocrx_word' id='word_1_266' title='bbox 1005 2688 1083 2745; x_wconf 90' lang='lat' dir='ltr'><strong>bine.</strong></span> 
     </span>
    </p>

    <p class='ocr_par' dir='ltr' id='par_1_11' title="bbox 95 2756 1832 2971">
     <span class='ocr_line' id='line_1_24' title="bbox 95 2756 1832 2829; baseline -0.004 -7"><span class='ocrx_word' id='word_1_267' title='bbox 95 2806 101 2823; x_wconf 88' lang='lat'><strong>.</strong></span> <span class='ocrx_word' id='word_1_268' title='bbox 124 2759 336 2820; x_wconf 88' lang='lat' dir='ltr'><strong>successionem</strong></span> <span class='ocrx_word' id='word_1_269' title='bbox 357 2759 404 2814; x_wconf 89' lang='lat' dir='ltr'><strong>dis</strong></span> <span class='ocrx_word' id='word_1_270' title='bbox 425 2757 542 2829; x_wconf 92' lang='lat' dir='ltr'><strong>ositum,</strong></span> <span class='ocrx_word' id='word_1_271' title='bbox 563 2759 631 2829; x_wconf 81' lang='lat' dir='ltr'><strong>quis</strong></span> <span class='ocrx_word' id='word_1_272' title='bbox 651 2758 813 2829; x_wconf 89' lang='lat' dir='ltr'><strong>episcopus,</strong></span> <span class='ocrx_word' id='word_1_273' title='bbox 834 2764 862 2815; x_wconf 89' lang='lat' dir='ltr'><strong>et</strong></span> <span class='ocrx_word' id='word_1_274' title='bbox 880 2765 950 2829; x_wconf 86' lang='lat' dir='ltr'><strong>quot</strong></span> <span class='ocrx_word' id='word_1_275' title='bbox 1039 2757 1432 2828; x_wconf 83' lang='lat' dir='ltr'><strong>chrnosannisduodecim,</strong></span> <span class='ocrx_word' id='word_1_276' title='bbox 1447 2756 1593 2813; x_wconf 90' lang='lat' dir='ltr'><strong>mensibus</strong></span> <span class='ocrx_word' id='word_1_277' title='bbox 1606 2756 1713 2822; x_wconf 86' lang='lat' dir='ltr'><strong>tribus,</strong></span> <span class='ocrx_word' id='word_1_278' title='bbox 1726 2757 1832 2815; x_wconf 90' lang='lat' dir='ltr'><strong>diebus</strong></span> 
     </span>
     <span class='ocr_line' id='line_1_25' title="bbox 125 2773 1832 2913; baseline -0.003 -23"><span class='ocrx_word' id='word_1_279' title='bbox 125 2832 212 2890; x_wconf 88' lang='lat' dir='ltr'><strong>annis</strong></span> <span class='ocrx_word' id='word_1_280' title='bbox 227 2828 353 2901; x_wconf 83' lang='lat' dir='ltr'><strong>praeiuit,</strong></span> <span class='ocrx_word' id='word_1_281' title='bbox 369 2773 485 2913; x_wconf 59' lang='lat' dir='ltr'><strong>vesque</strong></span> <span class='ocrx_word' id='word_1_282' title='bbox 501 2830 668 2913; x_wconf 86' lang='lat' dir='ltr'><strong>imperante.</strong></span> <span class='ocrx_word' id='word_1_283' title='bbox 1005 2844 1063 2885; x_wconf 89' lang='lat' dir='ltr'><strong>sex.</strong></span> <span class='ocrx_word' id='word_1_284' title='bbox 1078 2831 1145 2885; x_wconf 89' lang='lat' dir='ltr'><strong>Fuit</strong></span> <span class='ocrx_word' id='word_1_285' title='bbox 1160 2828 1337 2898; x_wconf 86' lang='lat' dir='ltr'><strong>temporibus</strong></span> <span class='ocrx_word' id='word_1_286' title='bbox 1352 2830 1428 2898; x_wconf 86' lang='lat' dir='ltr'><strong>Veri,</strong></span> <span class='ocrx_word' id='word_1_287' title='bbox 1445 2842 1460 2883; x_wconf 90' lang='lat' dir='ltr'><strong>a</strong></span> <span class='ocrx_word' id='word_1_288' title='bbox 1476 2828 1628 2885; x_wconf 91' lang='lat' dir='ltr'><strong>consulatu</strong></span> <span class='ocrx_word' id='word_1_289' title='bbox 1643 2827 1788 2885; x_wconf 90' lang='lat' dir='ltr'><strong>Gallicani</strong></span> <span class='ocrx_word' id='word_1_290' title='bbox 1803 2833 1832 2885; x_wconf 89' lang='lat' dir='ltr'><strong>et</strong></span> 
     </span>
     <span class='ocr_line' id='line_1_26' title="bbox 161 2900 1556 2971; baseline -0.004 -12"><span class='ocrx_word' id='word_1_291' title='bbox 161 2901 367 2960; x_wconf 85' lang='lat' dir='ltr'><strong>Psnnusannis</strong></span> <span class='ocrx_word' id='word_1_292' title='bbox 381 2905 486 2971; x_wconf 85' lang='lat' dir='ltr'><strong>vrgtnlt</strong></span> <span class='ocrx_word' id='word_1_293' title='bbox 503 2914 641 2971; x_wconf 82' lang='lat' dir='ltr'><strong>quinque,</strong></span> <span class='ocrx_word' id='word_1_294' title='bbox 659 2913 754 2956; x_wconf 92' lang='lat' dir='ltr'><strong>mense</strong></span> <span class='ocrx_word' id='word_1_295' title='bbox 767 2915 833 2964; x_wconf 84' lang='lat' dir='ltr'><strong>une.</strong></span> <span class='ocrx_word' id='word_1_296' title='bbox 848 2900 951 2957; x_wconf 90' lang='lat' dir='ltr'><strong>dicbus</strong></span> <span class='ocrx_word' id='word_1_297' title='bbox 1005 2901 1125 2964; x_wconf 84' lang='lat' dir='ltr'><strong>Veteris,</strong></span> <span class='ocrx_word' id='word_1_298' title='bbox 1143 2915 1234 2971; x_wconf 87' lang='lat' dir='ltr'><strong>usque</strong></span> <span class='ocrx_word' id='word_1_299' title='bbox 1250 2903 1389 2955; x_wconf 81' lang='lat' dir='ltr'><strong>Praesente</strong></span> <span class='ocrx_word' id='word_1_300' title='bbox 1403 2905 1430 2956; x_wconf 92' lang='lat' dir='ltr'><strong>et</strong></span> <span class='ocrx_word' id='word_1_301' title='bbox 1446 2900 1556 2955; x_wconf 83' lang='lat' dir='ltr'><strong>Fuitne.</strong></span> 
     </span>
    </p>

    <p class='ocr_par' dir='ltr' id='par_1_12' title="bbox 127 2969 1832 3042">
     <span class='ocr_line' id='line_1_27' title="bbox 127 2969 1832 3042; baseline -0.004 -10"><span class='ocrx_word' id='word_1_302' title='bbox 127 2988 237 3033; x_wconf 87' lang='lat' dir='ltr'><strong>novem.</strong></span> <span class='ocrx_word' id='word_1_303' title='bbox 252 2972 321 3029; x_wconf 89' lang='lat' dir='ltr'><strong>Fuit</strong></span> <span class='ocrx_word' id='word_1_304' title='bbox 334 2970 513 3041; x_wconf 90' lang='lat' dir='ltr'><strong>temporibus</strong></span> <span class='ocrx_word' id='word_1_305' title='bbox 526 2971 635 3027; x_wconf 90' lang='lat' dir='ltr'><strong>Tiberii</strong></span> <span class='ocrx_word' id='word_1_306' title='bbox 650 2972 780 3039; x_wconf 70' lang='lat' dir='ltr'><strong>Caesaris,</strong></span> <span class='ocrx_word' id='word_1_307' title='bbox 796 2978 825 3028; x_wconf 93' lang='lat' dir='ltr'><strong>et</strong></span> <span class='ocrx_word' id='word_1_308' title='bbox 835 2973 908 3035; x_wconf 82' lang='lat' dir='ltr'><strong>Caii.</strong></span> <span class='ocrx_word' id='word_1_309' title='bbox 924 2977 952 3029; x_wconf 93' lang='lat' dir='ltr'><strong>et</strong></span> <span class='ocrx_word' id='word_1_310' title='bbox 1042 2974 1110 3027; x_wconf 80' lang='lat' dir='ltr'><strong>Paos</strong></span> <span class='ocrx_word' id='word_1_311' title='bbox 1122 2973 1207 3027; x_wconf 91' lang='lat' dir='ltr'><strong>annis</strong></span> <span class='ocrx_word' id='word_1_312' title='bbox 1222 2971 1337 3042; x_wconf 88' lang='lat' dir='ltr'><strong>viginti,</strong></span> <span class='ocrx_word' id='word_1_313' title='bbox 1356 2970 1501 3026; x_wconf 90' lang='lat' dir='ltr'><strong>mensibus</strong></span> <span class='ocrx_word' id='word_1_314' title='bbox 1515 2974 1650 3041; x_wconf 84' lang='lat' dir='ltr'><strong>quatuor,</strong></span> <span class='ocrx_word' id='word_1_315' title='bbox 1665 2969 1772 3026; x_wconf 88' lang='lat' dir='ltr'><strong>dicbus</strong></span> <span class='ocrx_word' id='word_1_316' title='bbox 1782 2970 1832 3026; x_wconf 84' lang='lat' dir='ltr'><strong>ri-</strong></span> 
     </span>
    </p>
   </div>
   <div class='ocr_carea' id='block_1_7' title="bbox 126 3040 1831 3170">
    <p class='ocr_par' dir='ltr' id='par_1_13' title="bbox 126 3040 1831 3170">
     <span class='ocr_line' id='line_1_28' title="bbox 126 3040 1831 3170; baseline -0.002 -68"><span class='ocrx_word' id='word_1_317' title='bbox 126 3044 237 3103; x_wconf 84' lang='lat' dir='ltr'><strong>Tiberii</strong></span> <span class='ocrx_word' id='word_1_318' title='bbox 256 3041 383 3110; x_wconf 88' lang='lat' dir='ltr'><strong>Claudii,</strong></span> <span class='ocrx_word' id='word_1_319' title='bbox 398 3047 427 3099; x_wconf 92' lang='lat' dir='ltr'><strong>ct</strong></span> <span class='ocrx_word' id='word_1_320' title='bbox 440 3042 563 3097; x_wconf 90' lang='lat' dir='ltr'><strong>Neronis</strong></span> <span class='ocrx_word' id='word_1_321' title='bbox 576 3060 582 3095; x_wconf 91' lang='lat'>:</span> <span class='ocrx_word' id='word_1_322' title='bbox 597 3056 613 3098; x_wconf 90' lang='lat' dir='ltr'><strong>a</strong></span> <span class='ocrx_word' id='word_1_323' title='bbox 629 3042 780 3098; x_wconf 91' lang='lat' dir='ltr'><strong>consulatu</strong></span> <span class='ocrx_word' id='word_1_324' title='bbox 800 3042 908 3098; x_wconf 82' lang='lat' dir='ltr'><strong>Vinicii</strong></span> <span class='ocrx_word' id='word_1_325' title='bbox 924 3047 953 3099; x_wconf 91' lang='lat' dir='ltr'><strong>et</strong></span> <span class='ocrx_word' id='word_1_326' title='bbox 1006 3043 1081 3170; x_wconf 51' lang='lat' dir='ltr'><strong>{inti</strong></span> <span class='ocrx_word' id='word_1_327' title='bbox 1093 3056 1161 3098; x_wconf 91' lang='lat' dir='ltr'><strong>une.</strong></span> <span class='ocrx_word' id='word_1_328' title='bbox 1173 3043 1239 3099; x_wconf 90' lang='lat' dir='ltr'><strong>Fuit</strong></span> <span class='ocrx_word' id='word_1_329' title='bbox 1249 3042 1426 3113; x_wconf 89' lang='lat' dir='ltr'><strong>temporibus</strong></span> <span class='ocrx_word' id='word_1_330' title='bbox 1436 3041 1573 3098; x_wconf 77' lang='lat' dir='ltr'><strong>Antonini</strong></span> <span class='ocrx_word' id='word_1_331' title='bbox 1586 3040 1640 3107; x_wconf 82' lang='lat' dir='ltr'><strong>l‘ii,</strong></span> <span class='ocrx_word' id='word_1_332' title='bbox 1652 3041 1831 3099; x_wconf 88' lang='lat' dir='ltr'><strong>acensulatu</strong></span> 
     </span>
    </p>
   </div>
   <div class='ocr_carea' id='block_1_8' title="bbox 123 3110 1839 5108">
    <p class='ocr_par' dir='ltr' id='par_1_14' title="bbox 123 3110 1839 5108">
     <span class='ocr_line' id='line_1_29' title="bbox 127 3110 1834 3241; baseline -0.004 -67"><span class='ocrx_word' id='word_1_333' title='bbox 127 3116 249 3189; x_wconf 80' lang='lat' dir='ltr'><strong>Longini</strong></span> <span class='ocrx_word' id='word_1_334' title='bbox 267 3128 357 3241; x_wconf 57' lang='lat' dir='ltr'><strong>usgue</strong></span> <span class='ocrx_word' id='word_1_335' title='bbox 371 3113 494 3170; x_wconf 88' lang='lat' dir='ltr'><strong>Neronis</strong></span> <span class='ocrx_word' id='word_1_336' title='bbox 508 3116 536 3169; x_wconf 92' lang='lat' dir='ltr'><strong>et</strong></span> <span class='ocrx_word' id='word_1_337' title='bbox 549 3113 660 3169; x_wconf 82' lang='lat' dir='ltr'><strong>Veteris</strong></span> <span class='ocrx_word' id='word_1_338' title='bbox 674 3113 726 3183; x_wconf 85' lang='lat' dir='ltr'><strong>(b).</strong></span> <span class='ocrx_word' id='word_1_339' title='bbox 742 3114 846 3171; x_wconf 89' lang='lat' dir='ltr'><strong>Passus</strong></span> <span class='ocrx_word' id='word_1_340' title='bbox 858 3119 951 3171; x_wconf 90' lang='lat' dir='ltr'><strong>autem</strong></span> <span class='ocrx_word' id='word_1_341' title='bbox 1029 3115 1082 3170; x_wconf 88' lang='lat' dir='ltr'><strong>lari</strong></span> <span class='ocrx_word' id='word_1_342' title='bbox 1098 3119 1126 3170; x_wconf 93' lang='lat' dir='ltr'><strong>et</strong></span> <span class='ocrx_word' id='word_1_343' title='bbox 1140 3114 1246 3182; x_wconf 85' lang='lat' dir='ltr'><strong>Severi,</strong></span> <span class='ocrx_word' id='word_1_344' title='bbox 1263 3128 1353 3183; x_wconf 87' lang='lat' dir='ltr'><strong>usque</strong></span> <span class='ocrx_word' id='word_1_345' title='bbox 1372 3113 1485 3169; x_wconf 90' lang='lat' dir='ltr'><strong>duobus</strong></span> <span class='ocrx_word' id='word_1_346' title='bbox 1504 3111 1653 3184; x_wconf 81' lang='lat' dir='ltr'><strong>Augustis.</strong></span> <span class='ocrx_word' id='word_1_347' title='bbox 1669 3110 1728 3167; x_wconf 92' lang='lat' dir='ltr'><strong>Sub</strong></span> <span class='ocrx_word' id='word_1_348' title='bbox 1745 3111 1834 3182; x_wconf 77' lang='lat' dir='ltr'><strong>buius</strong></span> 
     </span>
     <span class='ocr_line' id='line_1_30' title="bbox 127 3183 1833 3256; baseline -0.003 -11"><span class='ocrx_word' id='word_1_349' title='bbox 127 3186 292 3245; x_wconf 86' lang='lat' dir='ltr'><strong>cumPaulo</strong></span> <span class='ocrx_word' id='word_1_350' title='bbox 324 3185 350 3241; x_wconf 90' lang='lat' dir='ltr'><strong>ie</strong></span> <span class='ocrx_word' id='word_1_351' title='bbox 362 3185 447 3242; x_wconf 92' lang='lat' dir='ltr'><strong>tertia</strong></span> <span class='ocrx_word' id='word_1_352' title='bbox 460 3183 714 3255; x_wconf 85' lang='lat' dir='ltr'><strong>Kalendaslulias,</strong></span> <span class='ocrx_word' id='word_1_353' title='bbox 725 3185 896 3243; x_wconf 90' lang='lat' dir='ltr'><strong>consulibus</strong></span> <span class='ocrx_word' id='word_1_354' title='bbox 905 3184 950 3242; x_wconf 81' lang='lat' dir='ltr'><strong>SS.</strong></span> <span class='ocrx_word' id='word_1_355' title='bbox 1007 3186 1174 3256; x_wconf 88' lang='lat' dir='ltr'><strong>episcopatu</strong></span> <span class='ocrx_word' id='word_1_356' title='bbox 1184 3185 1344 3253; x_wconf 88' lang='lat' dir='ltr'><strong>iraterejus</strong></span> <span class='ocrx_word' id='word_1_357' title='bbox 1354 3184 1585 3240; x_wconf 90' lang='lat' dir='ltr'><strong>llermeslibrum</strong></span> <span class='ocrx_word' id='word_1_358' title='bbox 1596 3183 1726 3251; x_wconf 91' lang='lat' dir='ltr'><strong>scripsit,</strong></span> <span class='ocrx_word' id='word_1_359' title='bbox 1737 3183 1833 3256; x_wconf 85' lang='lat' dir='ltr'><strong>inque</strong></span> 
     </span>
     <span class='ocr_line' id='line_1_31' title="bbox 129 3253 1832 3330; baseline -0.004 -13"><span class='ocrx_word' id='word_1_360' title='bbox 129 3260 289 3330; x_wconf 90' lang='lat' dir='ltr'><strong>imperante</strong></span> <span class='ocrx_word' id='word_1_361' title='bbox 303 3256 423 3313; x_wconf 90' lang='lat' dir='ltr'><strong>Nerone.</strong></span> <span class='ocrx_word' id='word_1_362' title='bbox 1008 3257 1161 3311; x_wconf 89' lang='lat' dir='ltr'><strong>mandatur</strong></span> <span class='ocrx_word' id='word_1_363' title='bbox 1181 3257 1346 3312; x_wconf 88' lang='lat' dir='ltr'><strong>continetur</strong></span> <span class='ocrx_word' id='word_1_364' title='bbox 1367 3269 1402 3312; x_wconf 92' lang='lat' dir='ltr'><strong>ue</strong></span> <span class='ocrx_word' id='word_1_365' title='bbox 1417 3255 1491 3325; x_wconf 86' lang='lat' dir='ltr'><strong>quod</strong></span> <span class='ocrx_word' id='word_1_366' title='bbox 1508 3255 1534 3309; x_wconf 90' lang='lat' dir='ltr'><strong>ei</strong></span> <span class='ocrx_word' id='word_1_367' title='bbox 1552 3254 1687 3325; x_wconf 80' lang='lat' dir='ltr'><strong>praecepit</strong></span> <span class='ocrx_word' id='word_1_368' title='bbox 1701 3253 1832 3327; x_wconf 89' lang='lat' dir='ltr'><strong>angelus,</strong></span> 
     </span>
     <span class='ocr_line' id='line_1_32' title="bbox 123 3326 1609 3398; baseline -0.005 -11"><span class='ocrx_word' id='word_1_369' title='bbox 123 3366 126 3371; x_wconf 88' lang='lat'><em>-</em></span> <span class='ocrx_word' id='word_1_370' title='bbox 165 3332 252 3387; x_wconf 89' lang='lat' dir='ltr'><strong>Lmus</strong></span> <span class='ocrx_word' id='word_1_371' title='bbox 264 3328 350 3384; x_wconf 91' lang='lat' dir='ltr'><strong>annis</strong></span> <span class='ocrx_word' id='word_1_372' title='bbox 363 3327 526 3398; x_wconf 89' lang='lat' dir='ltr'><strong>duodecim,</strong></span> <span class='ocrx_word' id='word_1_373' title='bbox 541 3326 689 3383; x_wconf 91' lang='lat' dir='ltr'><strong>mensibus</strong></span> <span class='ocrx_word' id='word_1_374' title='bbox 703 3333 837 3396; x_wconf 81' lang='lat' dir='ltr'><strong>quatuor,</strong></span> <span class='ocrx_word' id='word_1_375' title='bbox 851 3328 955 3384; x_wconf 89' lang='lat' dir='ltr'><strong>diebus</strong></span> <span class='ocrx_word' id='word_1_376' title='bbox 1009 3327 1294 3384; x_wconf 87' lang='lat' dir='ltr'><strong>cumvenitadeum</strong></span> <span class='ocrx_word' id='word_1_377' title='bbox 1313 3327 1341 3382; x_wconf 93' lang='lat' dir='ltr'><strong>in</strong></span> <span class='ocrx_word' id='word_1_378' title='bbox 1379 3326 1609 3394; x_wconf 88' lang='lat' dir='ltr'><strong>abitupastoris.</strong></span> 
     </span>
     <span class='ocr_line' id='line_1_33' title="bbox 130 3394 1835 3469; baseline -0.004 -10"><span class='ocrx_word' id='word_1_379' title='bbox 130 3401 294 3459; x_wconf 90' lang='lat' dir='ltr'><strong>duodecim.</strong></span> <span class='ocrx_word' id='word_1_380' title='bbox 318 3398 386 3456; x_wconf 91' lang='lat' dir='ltr'><strong>Fuit</strong></span> <span class='ocrx_word' id='word_1_381' title='bbox 410 3396 587 3469; x_wconf 91' lang='lat' dir='ltr'><strong>temporibus</strong></span> <span class='ocrx_word' id='word_1_382' title='bbox 607 3398 739 3468; x_wconf 89' lang='lat' dir='ltr'><strong>Neronis,</strong></span> <span class='ocrx_word' id='word_1_383' title='bbox 765 3411 780 3453; x_wconf 91' lang='lat' dir='ltr'><strong>a</strong></span> <span class='ocrx_word' id='word_1_384' title='bbox 803 3399 955 3456; x_wconf 90' lang='lat' dir='ltr'><strong>consulatu</strong></span> <span class='ocrx_word' id='word_1_385' title='bbox 1045 3397 1080 3467; x_wconf 71' lang='lat' dir='ltr'><strong>(t)</strong></span> <span class='ocrx_word' id='word_1_386' title='bbox 1097 3398 1185 3453; x_wconf 78' lang='lat' dir='ltr'><strong>Senon</strong></span> <span class='ocrx_word' id='word_1_387' title='bbox 1204 3398 1288 3453; x_wconf 87' lang='lat' dir='ltr'><strong>annis</strong></span> <span class='ocrx_word' id='word_1_388' title='bbox 1308 3411 1418 3463; x_wconf 84' lang='lat' dir='ltr'><strong>novem,</strong></span> <span class='ocrx_word' id='word_1_389' title='bbox 1439 3397 1586 3453; x_wconf 92' lang='lat' dir='ltr'><strong>mensibus</strong></span> <span class='ocrx_word' id='word_1_390' title='bbox 1605 3394 1710 3465; x_wconf 90' lang='lat' dir='ltr'><strong>tribus,</strong></span> <span class='ocrx_word' id='word_1_391' title='bbox 1729 3394 1835 3452; x_wconf 89' lang='lat' dir='ltr'><strong>diebus</strong></span> 
     </span>
     <span class='ocr_line' id='line_1_34' title="bbox 128 3458 1834 3540; baseline -0.006 -8"><span class='ocrx_word' id='word_1_392' title='bbox 128 3471 278 3532; x_wconf 86' lang='lat' dir='ltr'><strong>Saturnini</strong></span> <span class='ocrx_word' id='word_1_393' title='bbox 299 3473 328 3525; x_wconf 90' lang='lat' dir='ltr'><strong>el</strong></span> <span class='ocrx_word' id='word_1_394' title='bbox 342 3470 499 3540; x_wconf 87' lang='lat' dir='ltr'><strong>Scipionis,</strong></span> <span class='ocrx_word' id='word_1_395' title='bbox 512 3468 747 3538; x_wconf 88' lang='lat' dir='ltr'><strong>useueCapitone</strong></span> <span class='ocrx_word' id='word_1_396' title='bbox 761 3468 883 3526; x_wconf 85' lang='lat' dir='ltr'><strong>elliule.</strong></span> <span class='ocrx_word' id='word_1_397' title='bbox 1010 3468 1133 3525; x_wconf 91' lang='lat' dir='ltr'><strong>duobus.</strong></span> <span class='ocrx_word' id='word_1_398' title='bbox 1152 3468 1218 3524; x_wconf 87' lang='lat' dir='ltr'><strong>Fuit</strong></span> <span class='ocrx_word' id='word_1_399' title='bbox 1240 3467 1416 3537; x_wconf 90' lang='lat' dir='ltr'><strong>temporibus</strong></span> <span class='ocrx_word' id='word_1_400' title='bbox 1435 3468 1573 3525; x_wconf 91' lang='lat' dir='ltr'><strong>Antonini</strong></span> <span class='ocrx_word' id='word_1_401' title='bbox 1592 3471 1620 3522; x_wconf 91' lang='lat' dir='ltr'><strong>et</strong></span> <span class='ocrx_word' id='word_1_402' title='bbox 1638 3458 1797 3536; x_wconf 85' lang='lat' dir='ltr'><strong>Commodi,</strong></span> <span class='ocrx_word' id='word_1_403' title='bbox 1818 3480 1834 3522; x_wconf 93' lang='lat' dir='ltr'><strong>a</strong></span> 
     </span>
     <span class='ocr_line' id='line_1_35' title="bbox 123 3538 1835 3611; baseline -0.004 -10"><span class='ocrx_word' id='word_1_404' title='bbox 123 3546 126 3551; x_wconf 82' lang='lat'><em>&#39;</em></span> <span class='ocrx_word' id='word_1_405' title='bbox 164 3539 956 3611; x_wconf 75' lang='lat' dir='ltr'><strong>Gneuunslelannisnevem,mensibusundeeim,diebus</strong></span> <span class='ocrx_word' id='word_1_406' title='bbox 1011 3540 1162 3595; x_wconf 89' lang='lat' dir='ltr'><strong>consulatu</strong></span> <span class='ocrx_word' id='word_1_407' title='bbox 1178 3541 1242 3597; x_wconf 82' lang='lat' dir='ltr'><strong>Veri</strong></span> <span class='ocrx_word' id='word_1_408' title='bbox 1258 3548 1286 3595; x_wconf 94' lang='lat' dir='ltr'><strong>et</strong></span> <span class='ocrx_word' id='word_1_409' title='bbox 1301 3539 1467 3610; x_wconf 82' lang='lat' dir='ltr'><strong>Ercnniani,</strong></span> <span class='ocrx_word' id='word_1_410' title='bbox 1484 3553 1575 3610; x_wconf 85' lang='lat' dir='ltr'><strong>usque</strong></span> <span class='ocrx_word' id='word_1_411' title='bbox 1590 3539 1710 3594; x_wconf 89' lang='lat' dir='ltr'><strong>Paterno</strong></span> <span class='ocrx_word' id='word_1_412' title='bbox 1721 3544 1751 3594; x_wconf 86' lang='lat' dir='ltr'><strong>et</strong></span> <span class='ocrx_word' id='word_1_413' title='bbox 1764 3538 1835 3594; x_wconf 84' lang='lat' dir='ltr'><strong>Bra-</strong></span> 
     </span>
     <span class='ocr_line' id='line_1_36' title="bbox 130 3610 1077 3682; baseline -0.01 -9"><span class='ocrx_word' id='word_1_414' title='bbox 130 3615 292 3673; x_wconf 91' lang='lat' dir='ltr'><strong>duodecim.</strong></span> <span class='ocrx_word' id='word_1_415' title='bbox 312 3613 380 3668; x_wconf 90' lang='lat' dir='ltr'><strong>Fuit</strong></span> <span class='ocrx_word' id='word_1_416' title='bbox 398 3611 576 3681; x_wconf 90' lang='lat' dir='ltr'><strong>temporibus</strong></span> <span class='ocrx_word' id='word_1_417' title='bbox 593 3610 689 3667; x_wconf 83' lang='lat' dir='ltr'><strong>Galbae</strong></span> <span class='ocrx_word' id='word_1_418' title='bbox 704 3616 732 3667; x_wconf 92' lang='lat' dir='ltr'><strong>et</strong></span> <span class='ocrx_word' id='word_1_419' title='bbox 746 3613 955 3682; x_wconf 62' lang='lat' dir='ltr'><strong>vespasianis</strong></span> <span class='ocrx_word' id='word_1_420' title='bbox 1010 3613 1077 3668; x_wconf 90' lang='lat' dir='ltr'><strong>dua.</strong></span> 
     </span>
     <span class='ocr_line' id='line_1_37' title="bbox 130 3679 1835 3754; baseline -0.005 -11"><span class='ocrx_word' id='word_1_421' title='bbox 130 3686 284 3743; x_wconf 90' lang='lat' dir='ltr'><strong>consulatu</strong></span> <span class='ocrx_word' id='word_1_422' title='bbox 296 3682 427 3739; x_wconf 86' lang='lat' dir='ltr'><strong>Trachali</strong></span> <span class='ocrx_word' id='word_1_423' title='bbox 438 3687 467 3738; x_wconf 93' lang='lat' dir='ltr'><strong>el</strong></span> <span class='ocrx_word' id='word_1_424' title='bbox 476 3682 580 3752; x_wconf 89' lang='lat' dir='ltr'><strong>italici,</strong></span> <span class='ocrx_word' id='word_1_425' title='bbox 595 3695 687 3753; x_wconf 87' lang='lat' dir='ltr'><strong>usque</strong></span> <span class='ocrx_word' id='word_1_426' title='bbox 699 3684 872 3754; x_wconf 84' lang='lat' dir='ltr'><strong>Vespasiano</strong></span> <span class='ocrx_word' id='word_1_427' title='bbox 884 3685 918 3742; x_wconf 86' lang='lat' dir='ltr'><strong>VI</strong></span> <span class='ocrx_word' id='word_1_428' title='bbox 928 3688 957 3740; x_wconf 92' lang='lat' dir='ltr'><strong>ct</strong></span> <span class='ocrx_word' id='word_1_429' title='bbox 1046 3683 1085 3753; x_wconf 79' lang='lat' dir='ltr'><strong>(o)</strong></span> <span class='ocrx_word' id='word_1_430' title='bbox 1098 3684 1199 3739; x_wconf 84' lang='lat' dir='ltr'><strong>vrcron</strong></span> <span class='ocrx_word' id='word_1_431' title='bbox 1213 3682 1298 3739; x_wconf 90' lang='lat' dir='ltr'><strong>annis</strong></span> <span class='ocrx_word' id='word_1_432' title='bbox 1310 3694 1419 3751; x_wconf 87' lang='lat' dir='ltr'><strong>norem,</strong></span> <span class='ocrx_word' id='word_1_433' title='bbox 1432 3681 1580 3737; x_wconf 83' lang='lat' dir='ltr'><strong>mensibus</strong></span> <span class='ocrx_word' id='word_1_434' title='bbox 1590 3679 1714 3750; x_wconf 91' lang='lat' dir='ltr'><strong>duobus,</strong></span> <span class='ocrx_word' id='word_1_435' title='bbox 1730 3679 1835 3736; x_wconf 90' lang='lat' dir='ltr'><strong>diebus</strong></span> 
     </span>
     <span class='ocr_line' id='line_1_38' title="bbox 132 3751 1835 3823; baseline -0.003 -11"><span class='ocrx_word' id='word_1_436' title='bbox 132 3758 206 3813; x_wconf 85' lang='lat' dir='ltr'><strong>Tite.</strong></span> <span class='ocrx_word' id='word_1_437' title='bbox 1010 3754 1116 3821; x_wconf 91' lang='lat' dir='ltr'><strong>decem,</strong></span> <span class='ocrx_word' id='word_1_438' title='bbox 1133 3767 1149 3809; x_wconf 90' lang='lat' dir='ltr'><strong>a</strong></span> <span class='ocrx_word' id='word_1_439' title='bbox 1164 3753 1317 3810; x_wconf 90' lang='lat' dir='ltr'><strong>consulatu</strong></span> <span class='ocrx_word' id='word_1_440' title='bbox 1337 3752 1487 3809; x_wconf 86' lang='lat' dir='ltr'><strong>Saturnini</strong></span> <span class='ocrx_word' id='word_1_441' title='bbox 1502 3759 1530 3809; x_wconf 90' lang='lat' dir='ltr'><strong>el</strong></span> <span class='ocrx_word' id='word_1_442' title='bbox 1543 3751 1631 3823; x_wconf 88' lang='lat' dir='ltr'><strong>Galli,</strong></span> <span class='ocrx_word' id='word_1_443' title='bbox 1649 3764 1741 3822; x_wconf 87' lang='lat' dir='ltr'><strong>nsque</strong></span> <span class='ocrx_word' id='word_1_444' title='bbox 1755 3752 1835 3808; x_wconf 79' lang='lat' dir='ltr'><strong>l’rae·</strong></span> 
     </span>
     <span class='ocr_line' id='line_1_39' title="bbox 168 3800 1298 3890; baseline -0.003 -8"><span class='ocrx_word' id='word_1_445' title='bbox 168 3827 275 3883; x_wconf 83' lang='lat' dir='ltr'><strong>cussus</strong></span> <span class='ocrx_word' id='word_1_446' title='bbox 288 3823 374 3880; x_wconf 90' lang='lat' dir='ltr'><strong>annis</strong></span> <span class='ocrx_word' id='word_1_447' title='bbox 393 3836 452 3890; x_wconf 88' lang='lat' dir='ltr'><strong>sex,</strong></span> <span class='ocrx_word' id='word_1_448' title='bbox 473 3822 620 3878; x_wconf 88' lang='lat' dir='ltr'><strong>mensibus</strong></span> <span class='ocrx_word' id='word_1_449' title='bbox 641 3822 765 3890; x_wconf 90' lang='lat' dir='ltr'><strong>duobus,</strong></span> <span class='ocrx_word' id='word_1_450' title='bbox 785 3825 889 3881; x_wconf 91' lang='lat' dir='ltr'><strong>diebus</strong></span> <span class='ocrx_word' id='word_1_451' title='bbox 903 3826 957 3882; x_wconf 62' lang='lat' dir='ltr'><strong>de</strong></span> <span class='ocrx_word' id='word_1_452' title='bbox 970 3800 995 3862; x_wconf 70' lang='lat' dir='ltr'><strong>G</strong></span> <span class='ocrx_word' id='word_1_453' title='bbox 1010 3831 1089 3881; x_wconf 90' lang='lat' dir='ltr'><strong>sente</strong></span> <span class='ocrx_word' id='word_1_454' title='bbox 1103 3831 1131 3881; x_wconf 88' lang='lat' dir='ltr'><strong>ei</strong></span> <span class='ocrx_word' id='word_1_455' title='bbox 1144 3825 1298 3880; x_wconf 86' lang='lat' dir='ltr'><strong>Extricate.</strong></span> 
     </span>
     <span class='ocr_line' id='line_1_40' title="bbox 132 3892 1835 3966; baseline -0.003 -13"><span class='ocrx_word' id='word_1_456' title='bbox 132 3911 204 3954; x_wconf 92' lang='lat' dir='ltr'><strong>cem.</strong></span> <span class='ocrx_word' id='word_1_457' title='bbox 226 3895 292 3951; x_wconf 90' lang='lat' dir='ltr'><strong>Fuit</strong></span> <span class='ocrx_word' id='word_1_458' title='bbox 312 3893 490 3963; x_wconf 85' lang='lat' dir='ltr'><strong>temporibus</strong></span> <span class='ocrx_word' id='word_1_459' title='bbox 510 3893 678 3961; x_wconf 86' lang='lat' dir='ltr'><strong>vespasiani</strong></span> <span class='ocrx_word' id='word_1_460' title='bbox 697 3899 725 3949; x_wconf 92' lang='lat' dir='ltr'><strong>et</strong></span> <span class='ocrx_word' id='word_1_461' title='bbox 742 3895 811 3962; x_wconf 88' lang='lat' dir='ltr'><strong>Titi,</strong></span> <span class='ocrx_word' id='word_1_462' title='bbox 827 3904 854 3951; x_wconf 91' lang='lat' dir='ltr'><strong>et</strong></span> <span class='ocrx_word' id='word_1_463' title='bbox 870 3897 956 3951; x_wconf 89' lang='lat' dir='ltr'><strong>initio</strong></span> <span class='ocrx_word' id='word_1_464' title='bbox 1047 3897 1086 3964; x_wconf 80' lang='lat' dir='ltr'><strong>(la)</strong></span> <span class='ocrx_word' id='word_1_465' title='bbox 1103 3896 1254 3951; x_wconf 82' lang='lat' dir='ltr'><strong>Cannrsres</strong></span> <span class='ocrx_word' id='word_1_466' title='bbox 1271 3909 1361 3951; x_wconf 87' lang='lat' dir='ltr'><strong>annes</strong></span> <span class='ocrx_word' id='word_1_467' title='bbox 1381 3894 1520 3966; x_wconf 82' lang='lat' dir='ltr'><strong>quinque,</strong></span> <span class='ocrx_word' id='word_1_468' title='bbox 1541 3906 1651 3950; x_wconf 84' lang='lat' dir='ltr'><strong>mensos</strong></span> <span class='ocrx_word' id='word_1_469' title='bbox 1668 3892 1753 3963; x_wconf 90' lang='lat' dir='ltr'><strong>dues,</strong></span> <span class='ocrx_word' id='word_1_470' title='bbox 1773 3893 1835 3949; x_wconf 90' lang='lat' dir='ltr'><strong>dies</strong></span> 
     </span>
     <span class='ocr_line' id='line_1_41' title="bbox 131 3963 1836 4047; baseline -0.003 -23"><span class='ocrx_word' id='word_1_471' title='bbox 131 3963 957 4033; x_wconf 79' lang='lat' dir='ltr'><strong>Domitiani,aconsulibusVespasianovilletDomitiane</strong></span> <span class='ocrx_word' id='word_1_472' title='bbox 1011 3966 1117 4022; x_wconf 87' lang='lat' dir='ltr'><strong>decem.</strong></span> <span class='ocrx_word' id='word_1_473' title='bbox 1140 3968 1206 4022; x_wconf 91' lang='lat' dir='ltr'><strong>Fuit</strong></span> <span class='ocrx_word' id='word_1_474' title='bbox 1228 3966 1406 4036; x_wconf 91' lang='lat' dir='ltr'><strong>temporibus</strong></span> <span class='ocrx_word' id='word_1_475' title='bbox 1426 3966 1545 4022; x_wconf 84' lang='lat' dir='ltr'><strong>Alacrini</strong></span> <span class='ocrx_word' id='word_1_476' title='bbox 1565 3969 1594 4020; x_wconf 85' lang='lat' dir='ltr'><strong>el</strong></span> <span class='ocrx_word' id='word_1_477' title='bbox 1611 3963 1801 4047; x_wconf 82' lang='lat' dir='ltr'><strong>Heliogabali,</strong></span> <span class='ocrx_word' id='word_1_478' title='bbox 1818 3975 1836 4019; x_wconf 90' lang='lat' dir='ltr'><strong>a</strong></span> 
     </span>
     <span class='ocr_line' id='line_1_42' title="bbox 131 4033 1837 4109; baseline -0.003 -13"><span class='ocrx_word' id='word_1_479' title='bbox 131 4039 260 4109; x_wconf 82' lang='lat' dir='ltr'><strong>illusque</strong></span> <span class='ocrx_word' id='word_1_480' title='bbox 277 4036 442 4093; x_wconf 91' lang='lat' dir='ltr'><strong>Domitiano</strong></span> <span class='ocrx_word' id='word_1_481' title='bbox 457 4037 496 4091; x_wconf 80' lang='lat' dir='ltr'><strong>lx</strong></span> <span class='ocrx_word' id='word_1_482' title='bbox 510 4041 538 4091; x_wconf 92' lang='lat' dir='ltr'><strong>et</strong></span> <span class='ocrx_word' id='word_1_483' title='bbox 552 4033 634 4090; x_wconf 85' lang='lat' dir='ltr'><strong>Rule.</strong></span> <span class='ocrx_word' id='word_1_484' title='bbox 1012 4037 1164 4093; x_wconf 88' lang='lat' dir='ltr'><strong>consulatu</strong></span> <span class='ocrx_word' id='word_1_485' title='bbox 1174 4038 1313 4094; x_wconf 89' lang='lat' dir='ltr'><strong>Antonini</strong></span> <span class='ocrx_word' id='word_1_486' title='bbox 1323 4043 1351 4094; x_wconf 92' lang='lat' dir='ltr'><strong>ct</strong></span> <span class='ocrx_word' id='word_1_487' title='bbox 1362 4036 1494 4108; x_wconf 89' lang='lat' dir='ltr'><strong>Adventi,</strong></span> <span class='ocrx_word' id='word_1_488' title='bbox 1507 4037 1753 4109; x_wconf 86' lang='lat' dir='ltr'><strong>usqueAnlomne</strong></span> <span class='ocrx_word' id='word_1_489' title='bbox 1764 4037 1837 4092; x_wconf 87' lang='lat' dir='ltr'><strong>illel</strong></span> 
     </span>
     <span class='ocr_line' id='line_1_43' title="bbox 169 4106 1181 4176; baseline -0.001 -11"><span class='ocrx_word' id='word_1_490' title='bbox 169 4110 329 4166; x_wconf 83' lang='lat' dir='ltr'><strong>Anxcxsrus</strong></span> <span class='ocrx_word' id='word_1_491' title='bbox 341 4107 427 4163; x_wconf 89' lang='lat' dir='ltr'><strong>annis</strong></span> <span class='ocrx_word' id='word_1_492' title='bbox 437 4106 601 4175; x_wconf 86' lang='lat' dir='ltr'><strong>duodecim,</strong></span> <span class='ocrx_word' id='word_1_493' title='bbox 615 4106 762 4164; x_wconf 89' lang='lat' dir='ltr'><strong>mensibus</strong></span> <span class='ocrx_word' id='word_1_494' title='bbox 774 4107 881 4176; x_wconf 88' lang='lat' dir='ltr'><strong>decem,</strong></span> <span class='ocrx_word' id='word_1_495' title='bbox 892 4108 960 4164; x_wconf 92' lang='lat' dir='ltr'><strong>die-</strong></span> <span class='ocrx_word' id='word_1_496' title='bbox 1012 4108 1181 4164; x_wconf 86' lang='lat' dir='ltr'><strong>Alexandro.</strong></span> 
     </span>
     <span class='ocr_line' id='line_1_44' title="bbox 134 4176 1837 4257; baseline -0.003 -19"><span class='ocrx_word' id='word_1_497' title='bbox 134 4180 303 4238; x_wconf 87' lang='lat' dir='ltr'><strong>bustribus.</strong></span> <span class='ocrx_word' id='word_1_498' title='bbox 315 4178 382 4235; x_wconf 91' lang='lat' dir='ltr'><strong>Fuit</strong></span> <span class='ocrx_word' id='word_1_499' title='bbox 394 4177 572 4248; x_wconf 90' lang='lat' dir='ltr'><strong>temporibus</strong></span> <span class='ocrx_word' id='word_1_500' title='bbox 582 4176 749 4257; x_wconf 80' lang='lat' dir='ltr'><strong>Domitiani,</strong></span> <span class='ocrx_word' id='word_1_501' title='bbox 760 4192 777 4235; x_wconf 91' lang='lat' dir='ltr'><strong>a</strong></span> <span class='ocrx_word' id='word_1_502' title='bbox 789 4179 959 4235; x_wconf 90' lang='lat' dir='ltr'><strong>consulibus</strong></span> <span class='ocrx_word' id='word_1_503' title='bbox 1048 4180 1181 4235; x_wconf 83' lang='lat' dir='ltr'><strong>Unnxnus</strong></span> <span class='ocrx_word' id='word_1_504' title='bbox 1194 4193 1284 4235; x_wconf 89' lang='lat' dir='ltr'><strong>annes</strong></span> <span class='ocrx_word' id='word_1_505' title='bbox 1303 4185 1376 4235; x_wconf 92' lang='lat' dir='ltr'><strong>octo.</strong></span> <span class='ocrx_word' id='word_1_506' title='bbox 1394 4192 1504 4234; x_wconf 89' lang='lat' dir='ltr'><strong>menses</strong></span> <span class='ocrx_word' id='word_1_507' title='bbox 1521 4178 1665 4247; x_wconf 92' lang='lat' dir='ltr'><strong>undecim,</strong></span> <span class='ocrx_word' id='word_1_508' title='bbox 1680 4177 1745 4234; x_wconf 92' lang='lat' dir='ltr'><strong>dies</strong></span> <span class='ocrx_word' id='word_1_509' title='bbox 1759 4178 1837 4235; x_wconf 87' lang='lat' dir='ltr'><strong>due-</strong></span> 
     </span>
     <span class='ocr_line' id='line_1_45' title="bbox 134 4248 1836 4320; baseline -0.004 -10"><span class='ocrx_word' id='word_1_510' title='bbox 134 4253 302 4310; x_wconf 91' lang='lat' dir='ltr'><strong>Domiliane</strong></span> <span class='ocrx_word' id='word_1_511' title='bbox 332 4249 356 4306; x_wconf 83' lang='lat' dir='ltr'>X</span> <span class='ocrx_word' id='word_1_512' title='bbox 383 4252 412 4307; x_wconf 89' lang='lat' dir='ltr'><strong>et</strong></span> <span class='ocrx_word' id='word_1_513' title='bbox 426 4248 541 4319; x_wconf 91' lang='lat' dir='ltr'><strong>Sabine,</strong></span> <span class='ocrx_word' id='word_1_514' title='bbox 559 4262 651 4319; x_wconf 86' lang='lat' dir='ltr'><strong>usque</strong></span> <span class='ocrx_word' id='word_1_515' title='bbox 663 4249 828 4307; x_wconf 88' lang='lat' dir='ltr'><strong>Domitiano</strong></span> <span class='ocrx_word' id='word_1_516' title='bbox 840 4250 915 4308; x_wconf 84' lang='lat' dir='ltr'><strong>xvii</strong></span> <span class='ocrx_word' id='word_1_517' title='bbox 931 4257 959 4307; x_wconf 89' lang='lat' dir='ltr'><strong>et</strong></span> <span class='ocrx_word' id='word_1_518' title='bbox 1013 4251 1115 4307; x_wconf 90' lang='lat' dir='ltr'><strong>decim.</strong></span> <span class='ocrx_word' id='word_1_519' title='bbox 1149 4252 1215 4306; x_wconf 89' lang='lat' dir='ltr'><strong>Fuit</strong></span> <span class='ocrx_word' id='word_1_520' title='bbox 1244 4250 1423 4320; x_wconf 90' lang='lat' dir='ltr'><strong>temporibus</strong></span> <span class='ocrx_word' id='word_1_521' title='bbox 1448 4250 1612 4318; x_wconf 87' lang='lat' dir='ltr'><strong>Alexandri,</strong></span> <span class='ocrx_word' id='word_1_522' title='bbox 1640 4262 1654 4304; x_wconf 91' lang='lat' dir='ltr'><strong>a</strong></span> <span class='ocrx_word' id='word_1_523' title='bbox 1683 4249 1836 4305; x_wconf 92' lang='lat' dir='ltr'><strong>consulatu</strong></span> 
     </span>
     <span class='ocr_line' id='line_1_46' title="bbox 126 4320 1799 4404; baseline -0.005 -22"><span class='ocrx_word' id='word_1_524' title='bbox 126 4325 287 4382; x_wconf 74' lang='lat' dir='ltr'><strong>&#39;Clemente</strong></span> <span class='ocrx_word' id='word_1_525' title='bbox 1013 4321 1130 4378; x_wconf 88' lang='lat' dir='ltr'><strong>blaximi</strong></span> <span class='ocrx_word' id='word_1_526' title='bbox 1143 4328 1171 4378; x_wconf 91' lang='lat' dir='ltr'><strong>et</strong></span> <span class='ocrx_word' id='word_1_527' title='bbox 1184 4322 1301 4390; x_wconf 83' lang='lat' dir='ltr'><strong>AEliani,</strong></span> <span class='ocrx_word' id='word_1_528' title='bbox 1318 4335 1409 4404; x_wconf 79' lang='lat' dir='ltr'><strong>usque</strong></span> <span class='ocrx_word' id='word_1_529' title='bbox 1422 4320 1555 4392; x_wconf 87' lang='lat' dir='ltr'><strong>Agricola</strong></span> <span class='ocrx_word' id='word_1_530' title='bbox 1570 4324 1598 4376; x_wconf 88' lang='lat' dir='ltr'><strong>et</strong></span> <span class='ocrx_word' id='word_1_531' title='bbox 1610 4320 1799 4376; x_wconf 75' lang='lat' dir='ltr'><strong>clementino.</strong></span> 
     </span>
     <span class='ocr_line' id='line_1_47' title="bbox 170 4391 1837 4466; baseline -0.003 -15"><span class='ocrx_word' id='word_1_532' title='bbox 170 4397 327 4452; x_wconf 85' lang='lat' dir='ltr'><strong>livxmsres</strong></span> <span class='ocrx_word' id='word_1_533' title='bbox 347 4391 389 4466; x_wconf 88' lang='lat' dir='ltr'><strong>(d)</strong></span> <span class='ocrx_word' id='word_1_534' title='bbox 404 4391 490 4448; x_wconf 91' lang='lat' dir='ltr'><strong>annis</strong></span> <span class='ocrx_word' id='word_1_535' title='bbox 505 4391 653 4462; x_wconf 87' lang='lat' dir='ltr'><strong>tredecim,</strong></span> <span class='ocrx_word' id='word_1_536' title='bbox 673 4391 821 4448; x_wconf 90' lang='lat' dir='ltr'><strong>mensibus</strong></span> <span class='ocrx_word' id='word_1_537' title='bbox 839 4397 960 4464; x_wconf 92' lang='lat' dir='ltr'><strong>septem,</strong></span> <span class='ocrx_word' id='word_1_538' title='bbox 1049 4395 1205 4449; x_wconf 85' lang='lat' dir='ltr'><strong>Penrmnus</strong></span> <span class='ocrx_word' id='word_1_539' title='bbox 1218 4393 1303 4448; x_wconf 88' lang='lat' dir='ltr'><strong>annis</strong></span> <span class='ocrx_word' id='word_1_540' title='bbox 1319 4406 1457 4464; x_wconf 83' lang='lat' dir='ltr'><strong>quinque,</strong></span> <span class='ocrx_word' id='word_1_541' title='bbox 1472 4392 1620 4448; x_wconf 90' lang='lat' dir='ltr'><strong>mensibus</strong></span> <span class='ocrx_word' id='word_1_542' title='bbox 1631 4391 1757 4460; x_wconf 91' lang='lat' dir='ltr'><strong>duobus,</strong></span> <span class='ocrx_word' id='word_1_543' title='bbox 1771 4391 1837 4447; x_wconf 89' lang='lat' dir='ltr'><strong>dic-</strong></span> 
     </span>
     <span class='ocr_line' id='line_1_48' title="bbox 134 4462 1836 4534; baseline -0.005 -10"><span class='ocrx_word' id='word_1_544' title='bbox 134 4465 240 4524; x_wconf 89' lang='lat' dir='ltr'><strong>diebus</strong></span> <span class='ocrx_word' id='word_1_545' title='bbox 253 4464 378 4522; x_wconf 93' lang='lat' dir='ltr'><strong>duobus.</strong></span> <span class='ocrx_word' id='word_1_546' title='bbox 394 4463 460 4520; x_wconf 92' lang='lat' dir='ltr'><strong>Fuit</strong></span> <span class='ocrx_word' id='word_1_547' title='bbox 477 4463 656 4534; x_wconf 89' lang='lat' dir='ltr'><strong>temporibus</strong></span> <span class='ocrx_word' id='word_1_548' title='bbox 677 4463 843 4520; x_wconf 85' lang='lat' dir='ltr'><strong>novissimis</strong></span> <span class='ocrx_word' id='word_1_549' title='bbox 857 4465 960 4520; x_wconf 90' lang='lat' dir='ltr'><strong>Demi·</strong></span> <span class='ocrx_word' id='word_1_550' title='bbox 1013 4463 1068 4520; x_wconf 93' lang='lat' dir='ltr'><strong>bus</strong></span> <span class='ocrx_word' id='word_1_551' title='bbox 1079 4472 1195 4534; x_wconf 82' lang='lat' dir='ltr'><strong>septem.</strong></span> <span class='ocrx_word' id='word_1_552' title='bbox 1211 4466 1277 4520; x_wconf 89' lang='lat' dir='ltr'><strong>Fuit</strong></span> <span class='ocrx_word' id='word_1_553' title='bbox 1291 4464 1467 4534; x_wconf 88' lang='lat' dir='ltr'><strong>temporibus</strong></span> <span class='ocrx_word' id='word_1_554' title='bbox 1479 4462 1645 4529; x_wconf 85' lang='lat' dir='ltr'><strong>Alexandri,</strong></span> <span class='ocrx_word' id='word_1_555' title='bbox 1656 4474 1672 4516; x_wconf 90' lang='lat' dir='ltr'><strong>a</strong></span> <span class='ocrx_word' id='word_1_556' title='bbox 1683 4462 1836 4517; x_wconf 85' lang='lat' dir='ltr'><strong>consulatu</strong></span> 
     </span>
     <span class='ocr_line' id='line_1_49' title="bbox 135 4532 1836 4609; baseline -0.003 -16"><span class='ocrx_word' id='word_1_557' title='bbox 135 4537 221 4609; x_wconf 83' lang='lat' dir='ltr'><strong>ilani,</strong></span> <span class='ocrx_word' id='word_1_558' title='bbox 236 4542 265 4594; x_wconf 89' lang='lat' dir='ltr'><strong>et</strong></span> <span class='ocrx_word' id='word_1_559' title='bbox 278 4538 375 4593; x_wconf 79' lang='lat' dir='ltr'><strong>Nervae</strong></span> <span class='ocrx_word' id='word_1_560' title='bbox 402 4541 430 4592; x_wconf 90' lang='lat' dir='ltr'><strong>et</strong></span> <span class='ocrx_word' id='word_1_561' title='bbox 445 4535 570 4607; x_wconf 77' lang='lat' dir='ltr'><strong>Traiani,</strong></span> <span class='ocrx_word' id='word_1_562' title='bbox 586 4548 603 4590; x_wconf 92' lang='lat' dir='ltr'><strong>a</strong></span> <span class='ocrx_word' id='word_1_563' title='bbox 617 4534 769 4592; x_wconf 91' lang='lat' dir='ltr'><strong>consulatu</strong></span> <span class='ocrx_word' id='word_1_564' title='bbox 790 4535 918 4592; x_wconf 86' lang='lat' dir='ltr'><strong>Valentis</strong></span> <span class='ocrx_word' id='word_1_565' title='bbox 932 4542 960 4592; x_wconf 93' lang='lat' dir='ltr'><strong>et</strong></span> <span class='ocrx_word' id='word_1_566' title='bbox 1014 4535 1178 4607; x_wconf 87' lang='lat' dir='ltr'><strong>Pompeiani</strong></span> <span class='ocrx_word' id='word_1_567' title='bbox 1194 4542 1222 4592; x_wconf 87' lang='lat' dir='ltr'><strong>ct</strong></span> <span class='ocrx_word' id='word_1_568' title='bbox 1236 4534 1407 4607; x_wconf 75' lang='lat' dir='ltr'><strong>peligniani.</strong></span> <span class='ocrx_word' id='word_1_569' title='bbox 1423 4537 1461 4590; x_wconf 83' lang='lat' dir='ltr'><strong>lie</strong></span> <span class='ocrx_word' id='word_1_570' title='bbox 1474 4541 1599 4603; x_wconf 88' lang='lat' dir='ltr'><strong>tempere</strong></span> <span class='ocrx_word' id='word_1_571' title='bbox 1613 4532 1792 4602; x_wconf 87' lang='lat' dir='ltr'><strong>Nepotianus</strong></span> <span class='ocrx_word' id='word_1_572' title='bbox 1803 4532 1836 4601; x_wconf 74' lang='lat'><strong>(¹)</strong></span> 
     </span>
     <span class='ocr_line' id='line_1_50' title="bbox 134 4577 1837 4679; baseline -0.005 -13"><span class='ocrx_word' id='word_1_573' title='bbox 134 4610 211 4679; x_wconf 83' lang='lat' dir='ltr'><strong>Veri,</strong></span> <span class='ocrx_word' id='word_1_574' title='bbox 229 4621 320 4679; x_wconf 82' lang='lat' dir='ltr'><strong>usque</strong></span> <span class='ocrx_word' id='word_1_575' title='bbox 333 4577 416 4665; x_wconf 68' lang='lat' dir='ltr'><strong>Galle</strong></span> <span class='ocrx_word' id='word_1_576' title='bbox 429 4612 458 4663; x_wconf 93' lang='lat' dir='ltr'><strong>et</strong></span> <span class='ocrx_word' id='word_1_577' title='bbox 471 4606 591 4664; x_wconf 89' lang='lat' dir='ltr'><strong>Bradua.</strong></span> <span class='ocrx_word' id='word_1_578' title='bbox 1014 4607 1165 4676; x_wconf 89' lang='lat' dir='ltr'><strong>episcopus</strong></span> <span class='ocrx_word' id='word_1_579' title='bbox 1179 4611 1208 4663; x_wconf 93' lang='lat' dir='ltr'><strong>et</strong></span> <span class='ocrx_word' id='word_1_580' title='bbox 1222 4607 1392 4677; x_wconf 85' lang='lat' dir='ltr'><strong>llippelytus</strong></span> <span class='ocrx_word' id='word_1_581' title='bbox 1412 4606 1559 4675; x_wconf 89' lang='lat' dir='ltr'><strong>presbyter</strong></span> <span class='ocrx_word' id='word_1_582' title='bbox 1572 4604 1687 4660; x_wconf 91' lang='lat' dir='ltr'><strong>exsules</strong></span> <span class='ocrx_word' id='word_1_583' title='bbox 1700 4608 1771 4659; x_wconf 92' lang='lat' dir='ltr'><strong>sunt</strong></span> <span class='ocrx_word' id='word_1_584' title='bbox 1782 4603 1837 4659; x_wconf 90' lang='lat' dir='ltr'><strong>de-</strong></span> 
     </span>
     <span class='ocr_line' id='line_1_51' title="bbox 170 4674 1838 4748; baseline -0.004 -12"><span class='ocrx_word' id='word_1_585' title='bbox 170 4681 338 4736; x_wconf 86' lang='lat' dir='ltr'><strong>Auexxnonn</strong></span> <span class='ocrx_word' id='word_1_586' title='bbox 359 4679 444 4735; x_wconf 91' lang='lat' dir='ltr'><strong>annis</strong></span> <span class='ocrx_word' id='word_1_587' title='bbox 464 4683 582 4747; x_wconf 89' lang='lat' dir='ltr'><strong>septem,</strong></span> <span class='ocrx_word' id='word_1_588' title='bbox 601 4676 749 4734; x_wconf 87' lang='lat' dir='ltr'><strong>mensibus</strong></span> <span class='ocrx_word' id='word_1_589' title='bbox 768 4677 891 4737; x_wconf 89' lang='lat' dir='ltr'><strong>duobus.</strong></span> <span class='ocrx_word' id='word_1_590' title='bbox 911 4678 959 4735; x_wconf 90' lang='lat' dir='ltr'><strong>die</strong></span> <span class='ocrx_word' id='word_1_591' title='bbox 1014 4679 1119 4748; x_wconf 85' lang='lat' dir='ltr'><strong>portati</strong></span> <span class='ocrx_word' id='word_1_592' title='bbox 1143 4679 1172 4734; x_wconf 90' lang='lat' dir='ltr'><strong>io</strong></span> <span class='ocrx_word' id='word_1_593' title='bbox 1195 4679 1319 4734; x_wconf 83' lang='lat' dir='ltr'><strong>insulam</strong></span> <span class='ocrx_word' id='word_1_594' title='bbox 1343 4676 1471 4733; x_wconf 81' lang='lat' dir='ltr'><strong>nocivam</strong></span> <span class='ocrx_word' id='word_1_595' title='bbox 1492 4675 1666 4745; x_wconf 79' lang='lat' dir='ltr'><strong>sardiniam,</strong></span> <span class='ocrx_word' id='word_1_596' title='bbox 1688 4674 1791 4730; x_wconf 86' lang='lat' dir='ltr'><strong>Severe</strong></span> <span class='ocrx_word' id='word_1_597' title='bbox 1810 4677 1838 4729; x_wconf 88' lang='lat' dir='ltr'><strong>el</strong></span> 
     </span>
     <span class='ocr_line' id='line_1_52' title="bbox 134 4746 1838 4820; baseline -0.006 -12"><span class='ocrx_word' id='word_1_598' title='bbox 134 4764 201 4809; x_wconf 88' lang='lat' dir='ltr'><strong>uno.</strong></span> <span class='ocrx_word' id='word_1_599' title='bbox 219 4751 286 4808; x_wconf 91' lang='lat' dir='ltr'><strong>Fuit</strong></span> <span class='ocrx_word' id='word_1_600' title='bbox 298 4750 476 4820; x_wconf 89' lang='lat' dir='ltr'><strong>temporibus</strong></span> <span class='ocrx_word' id='word_1_601' title='bbox 487 4750 613 4819; x_wconf 80' lang='lat' dir='ltr'><strong>Traiani,</strong></span> <span class='ocrx_word' id='word_1_602' title='bbox 627 4762 642 4804; x_wconf 90' lang='lat' dir='ltr'><strong>a</strong></span> <span class='ocrx_word' id='word_1_603' title='bbox 655 4749 807 4806; x_wconf 92' lang='lat' dir='ltr'><strong>consulatu</strong></span> <span class='ocrx_word' id='word_1_604' title='bbox 820 4749 921 4807; x_wconf 81' lang='lat' dir='ltr'><strong>Palmae</strong></span> <span class='ocrx_word' id='word_1_605' title='bbox 930 4754 959 4806; x_wconf 92' lang='lat' dir='ltr'><strong>el</strong></span> <span class='ocrx_word' id='word_1_606' title='bbox 1012 4749 1169 4818; x_wconf 82' lang='lat' dir='ltr'><strong>Quintiano</strong></span> <span class='ocrx_word' id='word_1_607' title='bbox 1178 4749 1355 4806; x_wconf 91' lang='lat' dir='ltr'><strong>consulibus.</strong></span> <span class='ocrx_word' id='word_1_608' title='bbox 1368 4750 1398 4802; x_wconf 94' lang='lat' dir='ltr'><strong>in</strong></span> <span class='ocrx_word' id='word_1_609' title='bbox 1409 4748 1505 4803; x_wconf 87' lang='lat' dir='ltr'><strong>eadem</strong></span> <span class='ocrx_word' id='word_1_610' title='bbox 1519 4746 1613 4802; x_wconf 89' lang='lat' dir='ltr'><strong>insula</strong></span> <span class='ocrx_word' id='word_1_611' title='bbox 1623 4746 1787 4801; x_wconf 90' lang='lat' dir='ltr'><strong>discinctus</strong></span> <span class='ocrx_word' id='word_1_612' title='bbox 1795 4750 1838 4800; x_wconf 90' lang='lat' dir='ltr'><strong>est</strong></span> 
     </span>
     <span class='ocr_line' id='line_1_53' title="bbox 132 4816 1838 4895; baseline -0.006 -14"><span class='ocrx_word' id='word_1_613' title='bbox 132 4823 221 4891; x_wconf 90' lang='lat' dir='ltr'><strong>Tulli,</strong></span> <span class='ocrx_word' id='word_1_614' title='bbox 238 4835 330 4895; x_wconf 84' lang='lat' dir='ltr'><strong>usquc</strong></span> <span class='ocrx_word' id='word_1_615' title='bbox 344 4822 462 4879; x_wconf 85' lang='lat' dir='ltr'><strong>Veliano</strong></span> <span class='ocrx_word' id='word_1_616' title='bbox 475 4820 512 4892; x_wconf 90' lang='lat' dir='ltr'><strong>(e)</strong></span> <span class='ocrx_word' id='word_1_617' title='bbox 526 4828 555 4876; x_wconf 91' lang='lat' dir='ltr'><strong>ct</strong></span> <span class='ocrx_word' id='word_1_618' title='bbox 567 4822 674 4877; x_wconf 84' lang='lat' dir='ltr'><strong>Vetere.</strong></span> <span class='ocrx_word' id='word_1_619' title='bbox 1013 4835 1041 4875; x_wconf 87' lang='lat' dir='ltr'><strong>nv</strong></span> <span class='ocrx_word' id='word_1_620' title='bbox 1055 4821 1195 4877; x_wconf 86' lang='lat' dir='ltr'><strong>Kalendas</strong></span> <span class='ocrx_word' id='word_1_621' title='bbox 1209 4818 1350 4886; x_wconf 88' lang='lat' dir='ltr'><strong>Octobris,</strong></span> <span class='ocrx_word' id='word_1_622' title='bbox 1364 4825 1392 4873; x_wconf 93' lang='lat' dir='ltr'><strong>et</strong></span> <span class='ocrx_word' id='word_1_623' title='bbox 1405 4818 1466 4875; x_wconf 90' lang='lat' dir='ltr'><strong>loeo</strong></span> <span class='ocrx_word' id='word_1_624' title='bbox 1481 4819 1543 4887; x_wconf 82' lang='lat' dir='ltr'><strong>ejus</strong></span> <span class='ocrx_word' id='word_1_625' title='bbox 1556 4817 1708 4873; x_wconf 89' lang='lat' dir='ltr'><strong>ordinatus</strong></span> <span class='ocrx_word' id='word_1_626' title='bbox 1720 4820 1765 4873; x_wconf 88' lang='lat' dir='ltr'><strong>est</strong></span> <span class='ocrx_word' id='word_1_627' title='bbox 1776 4816 1838 4871; x_wconf 94' lang='lat' dir='ltr'><strong>An-</strong></span> 
     </span>
     <span class='ocr_line' id='line_1_54' title="bbox 168 4887 1720 4961; baseline -0.006 -11"><span class='ocrx_word' id='word_1_628' title='bbox 168 4895 270 4953; x_wconf 84' lang='lat' dir='ltr'><strong>Snxrns</strong></span> <span class='ocrx_word' id='word_1_629' title='bbox 284 4894 370 4950; x_wconf 91' lang='lat' dir='ltr'><strong>annis</strong></span> <span class='ocrx_word' id='word_1_630' title='bbox 382 4894 489 4951; x_wconf 89' lang='lat' dir='ltr'><strong>decem.</strong></span> <span class='ocrx_word' id='word_1_631' title='bbox 511 4891 659 4948; x_wconf 91' lang='lat' dir='ltr'><strong>mensibus</strong></span> <span class='ocrx_word' id='word_1_632' title='bbox 673 4891 777 4961; x_wconf 92' lang='lat' dir='ltr'><strong>tribus,</strong></span> <span class='ocrx_word' id='word_1_633' title='bbox 793 4892 896 4949; x_wconf 91' lang='lat' dir='ltr'><strong>diebus</strong></span> <span class='ocrx_word' id='word_1_634' title='bbox 910 4893 958 4948; x_wconf 87' lang='lat' dir='ltr'><strong>vi·</strong></span> <span class='ocrx_word' id='word_1_635' title='bbox 1012 4896 1088 4947; x_wconf 89' lang='lat' dir='ltr'><strong>teres</strong></span> <span class='ocrx_word' id='word_1_636' title='bbox 1102 4907 1131 4947; x_wconf 84' lang='lat' dir='ltr'><strong>xx</strong></span> <span class='ocrx_word' id='word_1_637' title='bbox 1149 4891 1288 4948; x_wconf 84' lang='lat' dir='ltr'><strong>Kalendas</strong></span> <span class='ocrx_word' id='word_1_638' title='bbox 1303 4889 1474 4958; x_wconf 87' lang='lat' dir='ltr'><strong>Decembris,</strong></span> <span class='ocrx_word' id='word_1_639' title='bbox 1491 4887 1661 4944; x_wconf 90' lang='lat' dir='ltr'><strong>consulibus</strong></span> <span class='ocrx_word' id='word_1_640' title='bbox 1674 4888 1720 4942; x_wconf 84' lang='lat' dir='ltr'><strong>SS.</strong></span> 
     </span>
     <span class='ocr_line' id='line_1_55' title="bbox 133 4959 1839 5048; baseline -0.004 -28"><span class='ocrx_word' id='word_1_641' title='bbox 133 4966 208 5035; x_wconf 90' lang='lat' dir='ltr'><strong>gioti</strong></span> <span class='ocrx_word' id='word_1_642' title='bbox 217 4979 283 5048; x_wconf 68' lang='lat' dir='ltr'><strong>uno.</strong></span> <span class='ocrx_word' id='word_1_643' title='bbox 292 4966 359 5022; x_wconf 92' lang='lat' dir='ltr'><strong>Fuit</strong></span> <span class='ocrx_word' id='word_1_644' title='bbox 367 4962 865 5047; x_wconf 83' lang='lat' dir='ltr'><strong>temporibusAdriani.aconsulatu</strong></span> <span class='ocrx_word' id='word_1_645' title='bbox 877 4963 956 5037; x_wconf 77' lang='lat' dir='ltr'><strong>Nigri</strong></span> <span class='ocrx_word' id='word_1_646' title='bbox 1047 4964 1175 5018; x_wconf 83' lang='lat' dir='ltr'><strong>Axrnnes</strong></span> <span class='ocrx_word' id='word_1_647' title='bbox 1185 4975 1281 5046; x_wconf 78' lang='lat' dir='ltr'><strong>mense</strong></span> <span class='ocrx_word' id='word_1_648' title='bbox 1295 4975 1361 5045; x_wconf 82' lang='lat' dir='ltr'><strong>une,</strong></span> <span class='ocrx_word' id='word_1_649' title='bbox 1374 4960 1478 5043; x_wconf 79' lang='lat' dir='ltr'><strong>dicbus</strong></span> <span class='ocrx_word' id='word_1_650' title='bbox 1490 4960 1596 5015; x_wconf 90' lang='lat' dir='ltr'><strong>decem.</strong></span> <span class='ocrx_word' id='word_1_651' title='bbox 1609 4959 1720 5043; x_wconf 83' lang='lat' dir='ltr'><strong>Dormit</strong></span> <span class='ocrx_word' id='word_1_652' title='bbox 1731 4974 1767 5014; x_wconf 92' lang='grc' dir='ltr'><strong>ιιι</strong></span> <span class='ocrx_word' id='word_1_653' title='bbox 1778 4959 1839 5013; x_wconf 86' lang='lat' dir='ltr'><strong>No-</strong></span> 
     </span>
     <span class='ocr_line' id='line_1_56' title="bbox 131 5030 1742 5108; baseline -0.005 -16"><span class='ocrx_word' id='word_1_654' title='bbox 131 5038 161 5092; x_wconf 85' lang='lat' dir='ltr'><strong>st</strong></span> <span class='ocrx_word' id='word_1_655' title='bbox 174 5036 344 5106; x_wconf 80' lang='lat' dir='ltr'><strong>Aproniani,</strong></span> <span class='ocrx_word' id='word_1_656' title='bbox 360 5048 452 5108; x_wconf 88' lang='lat' dir='ltr'><strong>usque</strong></span> <span class='ocrx_word' id='word_1_657' title='bbox 465 5033 538 5092; x_wconf 87' lang='lat' dir='ltr'><strong>llere</strong></span> <span class='ocrx_word' id='word_1_658' title='bbox 553 5035 589 5091; x_wconf 93' lang='lat' dir='ltr'><strong>lil</strong></span> <span class='ocrx_word' id='word_1_659' title='bbox 603 5038 631 5091; x_wconf 94' lang='lat' dir='ltr'><strong>et</strong></span> <span class='ocrx_word' id='word_1_660' title='bbox 645 5034 808 5091; x_wconf 78' lang='lat' dir='ltr'><strong>Ambibulo.</strong></span> <span class='ocrx_word' id='word_1_661' title='bbox 1012 5047 1063 5089; x_wconf 89' lang='lat' dir='ltr'><strong>nas</strong></span> <span class='ocrx_word' id='word_1_662' title='bbox 1075 5036 1216 5098; x_wconf 82' lang='lat' dir='ltr'><strong>ianuarii,</strong></span> <span class='ocrx_word' id='word_1_663' title='bbox 1231 5034 1354 5089; x_wconf 87' lang='lat' dir='ltr'><strong>blaxrme</strong></span> <span class='ocrx_word' id='word_1_664' title='bbox 1369 5036 1397 5088; x_wconf 89' lang='lat' dir='ltr'><strong>et</strong></span> <span class='ocrx_word' id='word_1_665' title='bbox 1411 5030 1545 5088; x_wconf 83' lang='lat' dir='ltr'><strong>Airtcano</strong></span> <span class='ocrx_word' id='word_1_666' title='bbox 1560 5030 1742 5088; x_wconf 80' lang='lat' dir='ltr'><strong>consulibus.</strong></span> 
     </span>
    </p>
   </div>
   <div class='ocr_carea' id='block_1_9' title="bbox 132 5155 1840 5300">
    <p class='ocr_par' dir='ltr' id='par_1_15' title="bbox 132 5155 1840 5300">
     <span class='ocr_line' id='line_1_57' title="bbox 168 5155 1313 5230; baseline -0.002 -18"><span class='ocrx_word' id='word_1_667' title='bbox 168 5156 209 5229; x_wconf 86' lang='lat' dir='ltr'><strong>(e)</strong></span> <span class='ocrx_word' id='word_1_668' title='bbox 219 5155 372 5227; x_wconf 82' lang='lat' dir='ltr'><strong>catalogus</strong></span> <span class='ocrx_word' id='word_1_669' title='bbox 385 5157 433 5212; x_wconf 89' lang='lat' dir='ltr'><strong>bic</strong></span> <span class='ocrx_word' id='word_1_670' title='bbox 444 5158 479 5213; x_wconf 88' lang='lat' dir='ltr'><strong>cd</strong></span> <span class='ocrx_word' id='word_1_671' title='bbox 494 5158 645 5214; x_wconf 88' lang='lat' dir='ltr'><strong>Callistum</strong></span> <span class='ocrx_word' id='word_1_672' title='bbox 663 5171 753 5224; x_wconf 84' lang='lat' dir='ltr'><strong>usuue</strong></span> <span class='ocrx_word' id='word_1_673' title='bbox 766 5157 917 5216; x_wconf 74' lang='lat' dir='ltr'><strong>confusior</strong></span> <span class='ocrx_word' id='word_1_674' title='bbox 928 5166 996 5230; x_wconf 78' lang='lat' dir='ltr'><strong>etp]</strong></span> <span class='ocrx_word' id='word_1_675' title='bbox 1046 5160 1082 5230; x_wconf 84' lang='lat' dir='ltr'><strong>(e)</strong></span> <span class='ocrx_word' id='word_1_676' title='bbox 1098 5161 1189 5227; x_wconf 84' lang='lat' dir='ltr'><strong>Ferte,</strong></span> <span class='ocrx_word' id='word_1_677' title='bbox 1206 5157 1313 5213; x_wconf 80' lang='lat' dir='ltr'><strong>AEliene</strong></span> 
     </span>
     <span class='ocr_line' id='line_1_58' title="bbox 132 5226 1840 5300; baseline -0.003 -15"><span class='ocrx_word' id='word_1_678' title='bbox 132 5229 336 5295; x_wconf 80' lang='lat' dir='ltr'><strong>vitiosusest3</strong></span> <span class='ocrx_word' id='word_1_679' title='bbox 352 5226 513 5296; x_wconf 85' lang='lat' dir='ltr'><strong>postillam</strong></span> <span class='ocrx_word' id='word_1_680' title='bbox 532 5229 617 5300; x_wconf 93' lang='lat' dir='ltr'><strong>paulo</strong></span> <span class='ocrx_word' id='word_1_681' title='bbox 635 5227 813 5295; x_wconf 87' lang='lat' dir='ltr'><strong>distinctior,</strong></span> <span class='ocrx_word' id='word_1_682' title='bbox 835 5231 956 5287; x_wconf 84' lang='lat' dir='ltr'><strong>maxime</strong></span> <span class='ocrx_word' id='word_1_683' title='bbox 1046 5232 1081 5300; x_wconf 82' lang='lat' dir='ltr'><strong>(f)</strong></span> <span class='ocrx_word' id='word_1_684' title='bbox 1096 5231 1179 5286; x_wconf 86' lang='lat' dir='ltr'><strong>Deest</strong></span> <span class='ocrx_word' id='word_1_685' title='bbox 1197 5229 1243 5284; x_wconf 90' lang='lat' dir='ltr'><strong>bie</strong></span> <span class='ocrx_word' id='word_1_686' title='bbox 1261 5229 1402 5289; x_wconf 80' lang='lat' dir='ltr'><strong>Anicetus,</strong></span> <span class='ocrx_word' id='word_1_687' title='bbox 1422 5229 1470 5284; x_wconf 90' lang='lat' dir='ltr'><strong>cui</strong></span> <span class='ocrx_word' id='word_1_688' title='bbox 1490 5227 1560 5283; x_wconf 90' lang='lat' dir='ltr'><strong>dant</strong></span> <span class='ocrx_word' id='word_1_689' title='bbox 1577 5241 1667 5284; x_wconf 92' lang='lat' dir='ltr'><strong>annes</strong></span> <span class='ocrx_word' id='word_1_690' title='bbox 1687 5239 1759 5297; x_wconf 90' lang='lat' dir='ltr'><strong>pene</strong></span> <span class='ocrx_word' id='word_1_691' title='bbox 1775 5230 1840 5282; x_wconf 91' lang='lat' dir='ltr'><strong>ecte</strong></span> 
     </span>
    </p>
   </div>
   <div class='ocr_carea' id='block_1_10' title="bbox 133 5297 1840 5442">
    <p class='ocr_par' dir='ltr' id='par_1_16' title="bbox 133 5297 1840 5442">
     <span class='ocr_line' id='line_1_59' title="bbox 133 5297 1840 5373; baseline -0.002 -17"><span class='ocrx_word' id='word_1_692' title='bbox 133 5306 199 5372; x_wconf 89' lang='lat' dir='ltr'><strong>pest</strong></span> <span class='ocrx_word' id='word_1_693' title='bbox 212 5298 343 5356; x_wconf 89' lang='lat' dir='ltr'><strong>Lucium.</strong></span> <span class='ocrx_word' id='word_1_694' title='bbox 1047 5304 1086 5373; x_wconf 83' lang='lat' dir='ltr'><strong>(p)</strong></span> <span class='ocrx_word' id='word_1_695' title='bbox 1100 5302 1183 5357; x_wconf 87' lang='lat' dir='ltr'><strong>Deest</strong></span> <span class='ocrx_word' id='word_1_696' title='bbox 1196 5314 1297 5357; x_wconf 91' lang='lat' dir='ltr'><strong>rursus</strong></span> <span class='ocrx_word' id='word_1_697' title='bbox 1311 5301 1495 5362; x_wconf 82' lang='lat' dir='ltr'><strong>Dicotbcrlus,</strong></span> <span class='ocrx_word' id='word_1_698' title='bbox 1513 5313 1597 5369; x_wconf 84' lang='lat' dir='ltr'><strong>quem</strong></span> <span class='ocrx_word' id='word_1_699' title='bbox 1612 5299 1714 5354; x_wconf 82' lang='lat' dir='ltr'><strong>volunt</strong></span> <span class='ocrx_word' id='word_1_700' title='bbox 1726 5297 1840 5354; x_wconf 88' lang='lat' dir='ltr'><strong>sedisse</strong></span> 
     </span>
     <span class='ocr_line' id='line_1_60' title="bbox 164 5366 1166 5442; baseline 0.001 -17"><span class='ocrx_word' id='word_1_701' title='bbox 164 5371 205 5442; x_wconf 85' lang='lat' dir='ltr'><strong>(i)</strong></span> <span class='ocrx_word' id='word_1_702' title='bbox 220 5373 272 5427; x_wconf 80' lang='lat' dir='ltr'><strong>ils.</strong></span> <span class='ocrx_word' id='word_1_703' title='bbox 290 5382 369 5424; x_wconf 89' lang='lat' dir='ltr'><strong>meus</strong></span> <span class='ocrx_word' id='word_1_704' title='bbox 384 5366 470 5423; x_wconf 89' lang='lat' dir='ltr'><strong>babet</strong></span> <span class='ocrx_word' id='word_1_705' title='bbox 482 5371 578 5425; x_wconf 84' lang='lat' dir='ltr'><strong>Nereae</strong></span> <span class='ocrx_word' id='word_1_706' title='bbox 591 5375 617 5425; x_wconf 87' lang='lat' dir='ltr'><strong>et</strong></span> <span class='ocrx_word' id='word_1_707' title='bbox 634 5369 706 5424; x_wconf 84' lang='lat' dir='ltr'><strong>Veri.</strong></span> <span class='ocrx_word' id='word_1_708' title='bbox 1012 5387 1102 5430; x_wconf 90' lang='lat' dir='ltr'><strong>annos</strong></span> <span class='ocrx_word' id='word_1_709' title='bbox 1123 5370 1166 5428; x_wconf 80' lang='lat' dir='ltr'><strong>lli.</strong></span> 
     </span>
    </p>
   </div>
   <div class='ocr_carea' id='block_1_11' title="bbox 166 5436 1775 5516">
    <p class='ocr_par' dir='ltr' id='par_1_17' title="bbox 166 5436 1775 5516">
     <span class='ocr_line' id='line_1_61' title="bbox 166 5436 1775 5516; baseline -0.002 -20"><span class='ocrx_word' id='word_1_710' title='bbox 166 5441 203 5513; x_wconf 83' lang='lat' dir='ltr'><strong>(e)</strong></span> <span class='ocrx_word' id='word_1_711' title='bbox 225 5441 385 5498; x_wconf 75' lang='lat' dir='ltr'><strong>clementem</strong></span> <span class='ocrx_word' id='word_1_712' title='bbox 408 5438 553 5496; x_wconf 82' lang='lat' dir='ltr'><strong>Eusebius</strong></span> <span class='ocrx_word' id='word_1_713' title='bbox 573 5445 602 5497; x_wconf 89' lang='lat' dir='ltr'><strong>ct</strong></span> <span class='ocrx_word' id='word_1_714' title='bbox 619 5439 761 5497; x_wconf 87' lang='lat' dir='ltr'><strong>Berenius</strong></span> <span class='ocrx_word' id='word_1_715' title='bbox 782 5441 853 5498; x_wconf 76' lang='lat' dir='ltr'><strong>clete</strong></span> <span class='ocrx_word' id='word_1_716' title='bbox 875 5447 957 5512; x_wconf 88' lang='lat' dir='ltr'><strong>pest·</strong></span> <span class='ocrx_word' id='word_1_717' title='bbox 1048 5445 1088 5516; x_wconf 84' lang='lat' dir='ltr'><strong>(b)</strong></span> <span class='ocrx_word' id='word_1_718' title='bbox 1104 5446 1186 5500; x_wconf 86' lang='lat' dir='ltr'><strong>Deest</strong></span> <span class='ocrx_word' id='word_1_719' title='bbox 1201 5443 1268 5498; x_wconf 90' lang='lat' dir='ltr'><strong>item</strong></span> <span class='ocrx_word' id='word_1_720' title='bbox 1282 5443 1457 5512; x_wconf 73' lang='lat' dir='ltr'><strong>zepherinus,</strong></span> <span class='ocrx_word' id='word_1_721' title='bbox 1474 5441 1522 5498; x_wconf 92' lang='lat' dir='ltr'><strong>eui</strong></span> <span class='ocrx_word' id='word_1_722' title='bbox 1538 5442 1607 5498; x_wconf 90' lang='lat' dir='ltr'><strong>dant</strong></span> <span class='ocrx_word' id='word_1_723' title='bbox 1622 5452 1713 5497; x_wconf 90' lang='lat' dir='ltr'><strong>annes</strong></span> <span class='ocrx_word' id='word_1_724' title='bbox 1731 5436 1775 5494; x_wconf 89' lang='lat' dir='ltr'><strong>l8.</strong></span> 
     </span>
    </p>
   </div>
   <div class='ocr_carea' id='block_1_12' title="bbox 131 5510 1801 5657">
    <p class='ocr_par' dir='ltr' id='par_1_18' title="bbox 131 5510 1801 5657">
     <span class='ocr_line' id='line_1_62' title="bbox 131 5510 1801 5657; baseline -0.003 -86"><span class='ocrx_word' id='word_1_725' title='bbox 131 5515 263 5657; x_wconf 49' lang='lat' dir='ltr'><strong>pesnitjtffi.8</strong></span> <span class='ocrx_word' id='word_1_726' title='bbox 300 5583 412 5641; x_wconf 56' lang='lat' dir='ltr'><strong>mm</strong></span> <span class='ocrx_word' id='word_1_727' title='bbox 1048 5517 1082 5588; x_wconf 80' lang='lat' dir='ltr'><strong>(i)</strong></span> <span class='ocrx_word' id='word_1_728' title='bbox 1095 5514 1289 5584; x_wconf 82' lang='lat' dir='ltr'><strong>cuspinianus</strong></span> <span class='ocrx_word' id='word_1_729' title='bbox 1304 5514 1374 5587; x_wconf 93' lang='lat' dir='ltr'><strong>legit</strong></span> <span class='ocrx_word' id='word_1_730' title='bbox 1386 5514 1558 5579; x_wconf 57' lang='lat' dir='ltr'><strong>Pontianum</strong></span> <span class='ocrx_word' id='word_1_731' title='bbox 1572 5513 1667 5585; x_wconf 88' lang='lat' dir='ltr'><strong>crede,</strong></span> <span class='ocrx_word' id='word_1_732' title='bbox 1685 5510 1801 5567; x_wconf 90' lang='lat' dir='ltr'><strong>melius.</strong></span> 
     </span>
     <span class='ocr_line' id='line_1_63' title="bbox 265 5623 422 5656; baseline 0.013 -17"><span class='ocrx_word' id='word_1_733' title='bbox 265 5623 284 5656; x_wconf 91' lang='lat'><strong>.,</strong></span> <span class='ocrx_word' id='word_1_734' title='bbox 415 5623 422 5641; x_wconf 86' lang='lat'><strong>.</strong></span> 
     </span>
    </p>
   </div>
   <div class='ocr_carea' id='block_1_13' title="bbox 0 0 1969 6132">
    <p class='ocr_par' dir='ltr' id='par_1_19' title="bbox 0 0 1969 6132">
     <span class='ocr_line' id='line_1_64' title="bbox 0 0 1969 6132; baseline 0 0"><span class='ocrx_word' id='word_1_735' title='bbox 0 0 1969 6132; x_wconf 95' lang='lat' dir='ltr'><strong> </strong></span> 
     </span>
    </p>
   </div>
  </div>
 </body>
</html>
