3892 6136
115 249 168 313 ³83
505 244 552 303 ab
575 240 792 302 ANASTASIUM
817 238 1074 299 nnotnoonltnn
1097 236 1187 294 EDIT.
1213 231 1426 293 nont-mtto.
1764 221 1836 283 384·

115 379 258 451 regionem
269 372 467 432 duodecimam
482 369 589 426 dictam
608 369 718 423 Piscina
727 365 850 437 publico,
866 379 939 423 con·
951 365 979 425 A
992 363 1046 422 sub
1058 361 1213 420 Aureliano
1233 357 1363 430 principe
1375 355 1405 411 in
1418 367 1478 438 eam
1490 355 1597 424 partem
1608 351 1698 436 hujus
1718 350 1819 423 reglo-

115 455 173 509 stat
184 463 218 506 ex
229 445 316 503 Urbis
332 442 529 514 topographia.
543 440 641 496 Victor
657 439 733 494 inter
745 438 803 493 alia
816 438 938 495 aediiicia
993 436 1041 494 nis
1052 433 1232 515 duodecimae·
1243 435 1341 500 utpote
1357 439 1494 498 pomoerro
1516 424 1646 481 nundum
1663 421 1819 491 inclusam,

116 520 244 593 regionis
264 514 439 575 duodecimae
460 516 608 568 enumerat
631 511 767 565 Thermas
780 509 936 565 Antonini:
994 507 1122 580 potuisse
1134 502 1235 560 inlerrr
1250 502 1400 557 cadauera:
1410 503 1495 567 atquc
1508 496 1578 580 adeo
1592 509 1698 578 corpus
1713 494 1744 548 B.
1757 494 1819 577 ‘Ta-

117 591 224 666 quibus
238 590 278 645 ita
291 587 417 645 adhaeret
434 583 550 653 crepido
572 581 667 649 collis,
683 587 711 636 ct
724 579 851 636 ambitus
876 595 940 636 mo-
993 576 1141 636 tianaesnb
1153 576 1253 631 Seuero
1264 570 1422 628 alexandro
1436 567 1550 624 reconda
1564 572 1693 650 potursse
1704 578 1821 647 regione

117 661 247 729 nasterii,
277 664 363 729 atque
388 655 516 711 ecclesiae
537 653 565 708 S.
590 651 678 722 Sabae,
696 656 728 708 nt
742 651 776 706 ab
790 651 939 722 aliquibus
993 650 1162 708 duodecima
1184 647 1228 701 uti
1242 645 1311 700 dcta
1333 645 1499 724 memorant,
1521 645 1549 695 et
1577 639 1643 694 rnde
1666 635 1819 693 transferri

115 734 202 792 Urbis
214 728 400 812 topographis
412 723 712 796 proximastituluss.
726 723 860 793 Balblnae,
873 723 940 780 licet
994 721 1028 779 ad
1056 719 1216 792 proximum
1251 718 1456 771 monasterium
1484 711 1568 766 Cellae
1596 723 1685 770 norae.
1715 722 1769 764 seu
1791 709 1819 763 S.

117 809 147 864 in
163 804 296 861 Auentina
326 799 398 855 colle
415 797 592 853 constitutus
616 795 712 851 cadem
735 795 838 850 acclivi
862 801 940 864 parte
994 790 1146 854 Sabae.ubi
1167 793 1264 846 nostra
1279 783 1439 842 emendatio
1462 787 1558 838 textus
1578 780 1722 837 thlelmn
1749 792 1822 836 con-

116 891 182 936 eum
198 879 223 929 κ’.
237 872 319 936 Saba,
336 871 451 926 dicatur
466 867 629 922 lutheranis
645 867 789 923 Antonini.
803 866 940 921 Praeterea
995 864 1103 922 stituit.
1293 930 1299 941 .
1439 925 1445 938 .
1596 924 1602 936 ,
1678 923 1685 936 ,
1749 923 1756 936 ‚

118 961 204 1022 prope
217 946 352 1001 Thermas
373 939 485 996 casdem
508 943 617 1006 reperta
632 942 701 992 sunt
714 936 845 1007 sepulcra
859 951 941 993 com·
1032 932 1181 991 Fidentius
1194 931 1253 985 haeo
1268 927 1397 1012 ducerem·
1422 925 1547 982 sudatum
1561 922 1665 980 luisset
1679 936 1823 1008 inspicere

137 1015 371 1090 lura,etquidem
384 1009 598 1082 magnificenter
611 1013 786 1078 constructa,
800 1009 941 1078 praecipue
995 1011 1107 1089 vetusta
1121 1001 1360 1128 exemssiarrams.
1378 967 1517 1080 labrorum
1535 994 1819 1079 hlalmesburrensts:

117 1105 147 1148 ru
171 1090 251 1147 uinea
274 1083 416 1142 nobilium
444 1081 643 1137 marchionum
659 1080 693 1135 dc
710 1079 884 1135 Canaleriis:
910 1084 941 1136 ut
997 1091 1098 1150 quaest
1122 1075 1231 1158 alicui
1250 1075 1463 1155 qurstreperrat,
1484 1067 1519 1124 de
1537 1072 1647 1124 nostrus
1670 1071 1823 1138 conpectu-

118 1162 202 1235 plaue
213 1158 378 1229 colligatur,
394 1156 460 1210 ante
472 1165 572 1208 noram
585 1149 838 1221 amplificationem
856 1150 941 1207 Urbis
997 1150 1040 1207 ris
1051 1161 1185 1206 secunus
1200 1141 1355 1214 Judrcabtt.

118 1319 1810 1355 -Μ

508 1495 574 1564 bil
621 1493 1015 1567 chuononoult
1069 1483 1423 1575 Ponutntctrt,

699 1671 899 1735 GAESAREA
922 1668 977 1733 ΕΤ
996 1666 1241 1732 CONSULARI.

864 1859 1066 1872 *-

153 2008 405 2066 Exhibendanunc
417 2011 460 2064 est
473 2005 571 2063 breuis
580 2005 631 2062 illa
645 2003 832 2076 chronologia
842 2014 943 2058 consu·
958 1994 985 2056 B
999 1998 1164 2071 consignari
1175 2013 1224 2070 per
1235 1999 1413 2070 consulatus,
1425 2004 1453 2055 et
1464 2012 1513 2070 per
1524 1996 1646 2068 imperia
1656 1995 1821 2068 principum

119 2098 190 2155 laris
202 2104 231 2154 ct
246 2099 404 2170 pontiacis,
421 2110 506 2168 quam
523 2095 644 2167 promisi
660 2099 879 2151 consecuturam
893 2104 943 2162 per
999 2089 1200 2147 Romanorum.
1217 2090 1269 2146 His
1283 2095 1376 2146 autem
1386 2103 1439 2146 suo
1450 2089 1513 2146 loco
1526 2101 1581 2144 uon
1595 2085 1713 2158 positis,
1729 2091 1758 2142 et
1773 2084 1822 2140 illa

119 2194 245 2258 quatuor
258 2189 355 2258 priora
370 2186 611 2243 aeraeChristianae
624 2185 738 2242 saecula.
754 2185 788 2240 ad
801 2196 864 2254 que
875 2195 944 2252 per·
998 2180 1129 2236 excidere
1154 2193 1267 2236 necesse
1292 2177 1374 2249 loret,
1389 2193 1452 2249 quae
1466 2176 1667 2234 consulatibus
1689 2181 1719 2232 ct
1740 2174 1822 2231 annis

121 2276 238 2348 tingunt
259 2277 330 2333 vttae
346 2276 512 2348 pontificum
538 2275 629 2347 priori
647 2275 699 2331 hoc
719 2280 795 2331 tomo
811 2277 943 2328 notarum
996 2269 1138 2325 Caesarum
1162 2269 1329 2341 alligantur.
1346 2270 1406 2324 lam
1423 2282 1489 2325 uero
1506 2268 1547 2324 rei
1562 2266 1739 2338 antiquariae
1751 2278 1822 2321 con-

120 2365 250 2422 lnclusae.
267 2381 284 2423 a
299 2375 396 2423 sancto
409 2370 490 2424 Petro
502 2366 536 2422 ad
548 2365 574 2421 S.
592 2364 763 2422 silvestrum
776 2363 839 2431 clus
855 2359 944 2416 nomi·
997 2357 1087 2413 sultis
1101 2357 1309 2415 decernendum
1331 2358 1474 2429 relinquo,
1491 2371 1559 2414 num
1574 2356 1647 2413 satis
1656 2355 1740 2412 firma
1753 2367 1822 2410 cen-

119 2455 167 2512 nis
189 2457 336 2527 primum:
358 2462 444 2527 prout
465 2460 601 2527 sequente
617 2459 693 2511 tomo
706 2451 852 2509 dabuntur
871 2447 944 2503 reli·
998 2447 1054 2502 seri
1072 2448 1163 2518 possit
1176 2447 1348 2514 consularis,
1372 2445 1745 2518 etcaesareachronologia,
1761 2457 1823 2516 que

120 2544 258 2617 quae(o)a
280 2545 308 2601 S.
325 2545 463 2603 Silvestro
482 2545 516 2600 ad
533 2542 708 2614 Stephanum
726 2541 770 2607 Vl,
788 2549 853 2592 cum
869 2535 944 2591 serie
998 2549 1055 2592 non
1069 2539 1238 2608 respondeat
1249 2538 1437 2609 commensui,
1452 2543 1480 2593 ct
1494 2534 1749 2593 numerationibus
1761 2547 1823 2605 epo

120 2634 278 2699 temporum
295 2631 492 2700 respondente.
502 2632 675 2688 Huictamon
687 2642 805 2686 summae
820 2631 944 2697 quatuor
998 2624 1115 2682 charum
1138 2625 1251 2698 publice
1266 2627 1420 2694 institutis,
1434 2632 1462 2683 ct
1474 2626 1575 2697 coeptis
1588 2625 1618 2681 in
1640 2622 1820 2691 ciuitatibus,

119 2717 248 2787 priorum
261 2718 430 2775 saeculorum
439 2735 503 2776 aerae
516 2720 687 2776 Christianae
700 2731 752 2773 cur
766 2714 944 2786 praemitten-
998 2727 1031 2770 ac
1046 2716 1204 2786 provinciis
1218 2717 1350 2774 Romanae
1362 2716 1485 2774 ditionis
1499 2717 1528 2771 in
1544 2715 1622 2784 Asia,
1636 2711 1746 2784 Ala-ica,
1762 2713 1822 2768 llu-

118 2806 171 2862 dos
194 2805 327 2862 duxerim
356 2821 446 2864 annos
470 2809 682 2880 quinquaginta
701 2805 827 2862 eamdem
858 2816 942 2858 aeram
999 2819 1134 2876 ropaper
1156 2820 1247 2863 annos
1269 2807 1609 2879 illosquinquagiutaex
1629 2801 1824 2859 aeuocaesaris

117 2893 226 2950 Christi
244 2895 372 2963 proxime
384 2897 581 2967 precedentes,
596 2910 631 2952 ne
646 2900 780 2967 gravetur
790 2893 879 2948 lector
892 2904 944 2946 ac-
998 2893 1150 2951 dlctatoris
1163 2895 1198 2952 ad
1209 2896 1359 2952 exordium
1373 2894 1623 2952 aeraechristianae.
1637 2889 1823 2961 antiocheni,

119 2982 214 3052 cipere
233 2996 267 3038 ex
288 2985 334 3039 his
349 2999 412 3054 quae
426 2986 623 3055 praemoncnda
638 2997 699 3039 esse
716 2983 800 3054 duco,
817 2982 851 3037 ad
871 2994 945 3037 con-
998 2989 1025 3040 et
1041 2983 1192 3040 Laodiceni
1210 2985 1240 3040 in
1263 2986 1344 3056 Syria
1360 2999 1445 3041 aeram
1470 2982 1590 3040 Caesaris
1603 2981 1759 3040 dictatoris
1773 2980 1823 3036 in-

119 3071 182 3128 silii
199 3072 290 3128 nostri
319 3074 457 3129 rationem
484 3074 609 3130 nitidius
630 3071 846 3142 declarandam
868 3070 943 3127 unde
998 3073 1103 3129 choaut
1121 3079 1187 3130 ante
1204 3075 1347 3132 lulianam
1363 3074 1490 3145 ejusdem
1506 3072 1731 3130 ordinationem.
1749 3071 1824 3141 Quot

120 3161 271 3231 perspicua
294 3161 342 3218 ilat
357 3163 518 3232 methodus,
531 3167 558 3217 ct
582 3176 654 3219 usus
672 3161 799 3232 ejusdem
817 3161 944 3216 chrono-
999 3161 1133 3218 ineadcm
1144 3164 1291 3233 prouincia
1306 3164 1404 3235 Syriae,
1419 3168 1489 3235 quot
1504 3162 1534 3218 in
1547 3162 1615 3219 Asia
1628 3160 1734 3217 minori
1749 3163 1778 3216 et
1792 3160 1822 3215 in

120 3249 202 3320 logiae
213 3257 403 3323 cognoscatur
417 3251 578 3321 dispositus
593 3251 625 3306 ad
645 3251 802 3321 pleniorem
823 3248 903 3305 Libri
916 3253 945 3305 et
999 3253 1097 3323 Ponto,
1119 3258 1189 3323 quot
1206 3254 1235 3308 in
1256 3252 1363 3322 hirica,
1378 3258 1406 3309 et
1428 3253 1457 3309 in
1472 3253 1584 3321 Europa
1598 3250 1741 3307 institutae
1756 3253 1824 3306 sunt

118 3337 253 3395 Historia
278 3339 457 3397 Pontiticalis
473 3340 709 3397 illustrationem.
960 3341 1112 3412 Gepochm
1137 3355 1171 3398 ex
1196 3343 1312 3399 Actiaca
1344 3342 1466 3399 uictoria
1492 3341 1627 3413 Augusti,
1645 3349 1674 3397 et
1697 3338 1824 3395 nummis

154 3428 310 3485 Videbatur
320 3430 486 3487 deducenda
498 3430 588 3486 series
599 3431 688 3500 hujus
701 3427 894 3500 chronologiae
908 3427 942 3483 ad
1000 3430 1160 3502 insculptae,
1177 3439 1204 3488 ot
1224 3433 1399 3488 continuatae
1416 3431 1470 3488 sub
1484 3429 1709 3501 impemtorihus
1720 3441 1823 3485 conse-

117 3516 373 3589 Vitaspontiilcum
383 3517 944 3588 Rornanorumaccommodataecxprima
998 3520 1102 3575 cutis‘l
1122 3519 1326 3587 Alexandrina,
1352 3531 1380 3576 et
1400 3520 1518 3590 Coptica
1540 3519 1740 3591 AEgyptiorum
1755 3529 1822 3586 aera,

119 3604 287 3681 tordatione
301 3610 434 3667 Romanae
448 3611 536 3682 sedis,
548 3616 599 3666 aut
611 3616 687 3667 certe
696 3609 730 3666 nd
744 3608 862 3665 exordio
873 3608 944 3664 vite
997 3608 1146 3679 hispanici
1157 3610 1352 3682 Augustorum
1364 3609 1445 3677 anni,
1455 3608 1575 3665 Rotnani
1591 3605 1824 3680 quinquennales

118 3695 194 3752 Petri
210 3698 332 3767 apostoli
358 3701 444 3769 primi
460 3701 587 3769 ejusdem
608 3699 747 3771 episcopi,
764 3698 844 3767 paria
857 3695 944 3752 lerme
998 3698 1071 3769 ludi,
1095 3705 1197 3770 praeter
1221 3698 1323 3755 seriem
1344 3699 1555 3770 olympiadum,
1570 3703 1600 3755 et
1621 3711 1765 3755 annorum
1788 3695 1825 3752 ab

119 3780 316 3840 iacientecum
332 3786 418 3841 initio
434 3787 687 3863 aeraeChristianae.
701 3787 854 3856 superiora
867 3786 943 3841 enim
998 3788 1071 3845 Urbe
1090 3788 1216 3860 condita,
1233 3789 1376 3859 pertinent
1394 3789 1428 3844 ad
1444 3788 1653 3844 firmamentum
1668 3785 1825 3844 chronolo-

119 3877 247 3941 tempora
263 3870 332 3927 libri
344 3880 545 3946 argumentum
557 3888 612 3929 non
624 3875 752 3945 attingit.
769 3876 873 3929 Verum
886 3888 944 3944 per
999 3877 1053 3947 giae
1067 3877 1230 3934 consularis
1243 3885 1271 3934 et
1284 3879 1427 3948 Caesareae,
1443 3878 1491 3934 cul
1503 3876 1652 3948 pontificia
1671 3875 1822 3949 alligatur.

121 3973 206 4031 penso
227 3960 362 4018 instituto
376 3968 473 4019 nostro
497 3963 527 4018 in
548 3963 634 4031 notis,
655 3960 944 4020 etobseruationibus
997 3966 1039 4023 nd
1056 3965 1172 4021 illarum
1190 3967 1284 4038 igitur
1309 3967 1450 4039 originem
1478 3967 1629 4024 ascendere
1642 3979 1759 4023 neccsse
1769 3973 1823 4036 est,

120 4055 181 4106 tum
199 4049 423 4122 chronologicis,
450 4057 509 4107 turn
527 4051 677 4107 historicis
701 4049 735 4106 ad
754 4050 837 4106 basac
852 4051 941 4121 Vitas,
999 4053 1046 4110 his
1071 4055 1283 4128 quinquaginta
1307 4056 1393 4112 annis
1419 4055 1573 4124 inclusam,
1588 4061 1621 4111 ut
1641 4054 1823 4112 characteres

120 4152 177 4209 qno
185 4139 391 4195 constituimus
404 4146 539 4212 tempora,
552 4146 580 4196 et
590 4146 668 4212 gesta
679 4139 860 4211 singulorum
871 4153 945 4209 pon·
998 4148 1157 4214 temporum
1172 4145 1325 4217 exigantur
1337 4146 1371 4201 ad
1394 4145 1476 4201 iidem
1497 4146 1747 4216 documentorum,
1763 4146 1825 4202 sire

120 4227 230 4283 titicum
243 4227 405 4299 elucidare,
428 4242 484 4285 non
509 4229 591 4286 modo
616 4242 649 4284 cn
674 4228 832 4285 assertione
861 4228 943 4284 illius
999 4232 1029 4288 in
1051 4233 1261 4304 consulatibus,
1278 4238 1306 4290 et
1330 4234 1471 4306 imperiis,
1499 4235 1611 4290 sivein
1636 4235 1726 4306 gestis
1749 4246 1825 4305 pon-·

119 4314 445 4389 bibliothecarii,aquo
467 4318 526 4373 uita
545 4317 744 4389 colligebatur,
768 4318 816 4373 sed
832 4317 942 4373 ceteris
998 4321 1108 4378 tidcum
1134 4323 1193 4379 sint
1223 4325 1387 4381 enuntiati:
1405 4339 1461 4396 quo
1484 4324 1544 4390 ilat,
1575 4331 1606 4380 ut
1629 4323 1823 4394 undecunque

119 4403 822 4478 etiamdocumcntis,acprobationibusgcnuinis,
832 4406 944 4463 firman·
997 4410 1108 4467 llrmata
1121 4416 1247 4482 tempora
1260 4411 1351 4470 basim
1372 4413 1501 4470 historiae
1514 4411 1702 4470 substernant
1718 4412 1824 4470 incon-

119 4492 941 4567 tibns,ctdeclarantibustemporumcharacteres,ibidem
996 4512 1118 4556 cassant.

119 4585 285 4655 recensitos,
302 4590 329 4642 et
357 4586 488 4642 historiae
517 4586 626 4642 iudicia
651 4586 751 4641 leuiter
770 4585 940 4656 perstricta3
1032 4589 1096 4660 Ipsa
1116 4605 1182 4648 vcro
1206 4591 1328 4648 historia
1349 4605 1527 4649 summorum
1555 4590 1726 4662 pontificum
1750 4589 1824 4647 Nori

118 4674 302 4744 perspicuum
321 4675 370 4731 det
379 4674 514 4732 debuisse
532 4689 581 4746 per
591 4690 643 4732 nos
654 4673 743 4745 repeti
754 4673 847 4730 solida
858 4674 942 4730 docu·
956 4715 982 4776 D
995 4680 1168 4735 Testamenti
1184 4688 1323 4752 quantum
1348 4679 1469 4737 luminis
1483 4685 1631 4737 mutuetur
1645 4693 1661 4736 a
1675 4680 1823 4752 supremis

119 4770 213 4820 menta
237 4770 407 4836 temporum,
432 4779 465 4822 ac
498 4771 642 4837 gestorum
672 4777 705 4819 ex
730 4763 941 4834 quinquaginta
997 4767 1058 4823 illis
1077 4767 1231 4825 annalibus
1254 4768 1431 4824 sacerdotum
1455 4768 1560 4824 veteris
1589 4767 1672 4841 legis,
1697 4768 1748 4840 qui
1775 4781 1824 4838 per

118 4853 218 4909 saltent
249 4854 334 4911 aunis
357 4868 442 4912 aeram
471 4854 579 4910 Christi
605 4866 783 4923 communem
814 4852 942 4923 proxime
995 4856 1151 4913 dimidium
1167 4857 1302 4914 saeculum
1313 4858 1476 4927 precedunt
1490 4858 1626 4928 epocham
1638 4857 1824 4925 Christi,ro-

118 4943 345 5012 precedentibus
360 4963 366 4999 :
382 4958 445 5016 que
458 4956 560 5001 uenum
574 4943 678 4999 habcnt
692 4942 865 5014 peculiarem
876 4955 941 4998 cum
997 4951 1097 5017 putare
1125 4946 1325 5017 unusquisque
1351 4953 1451 5017 potest,
1466 4947 1639 5018 comparatis
1650 4947 1776 5018 Hyrcani
1791 4960 1823 5003 ac

117 5031 303 5104 chronologia
313 5040 342 5089 et
351 5034 473 5091 historia
485 5033 669 5105 pontificatus
680 5032 797 5088 maximi
808 5031 942 5087 Ecclesiae
996 5049 1193 5092 successorum
1213 5035 1302 5108 gestis
1322 5034 1471 5105 atosepho
1495 5035 1613 5092 traditis
1634 5035 1690 5092 sub
1709 5035 1825 5092 diverso

116 5119 237 5190 christi,
249 5127 276 5176 et
287 5136 350 5177 cum
359 5125 447 5193 gostis
457 5130 542 5195 atquc
555 5121 769 5179 characteribus
782 5128 941 5191 temporum
986 5125 1141 5186 ,uariorum
1154 5124 1317 5195 principum
1326 5125 1487 5194 dominatu,
1509 5125 1560 5196 qui
1575 5137 1700 5195 peream
1711 5131 1824 5183 aetatem

119 5209 195 5266 iutra
210 5208 436 5280 quadringentos
448 5213 561 5268 eosdem
579 5224 669 5268 annos
689 5209 850 5265 avitarum
867 5210 942 5268 ista-
994 5214 1130 5284 iudaeam,
1155 5219 1183 5269 ot
1204 5212 1344 5269 duitirnos
1371 5219 1480 5270 tractus
1498 5213 1660 5282 obtinuere,
1683 5227 1750 5270 cum
1774 5215 1823 5284 iis,

120 5311 182 5353 rum
196 5296 388 5370 scriptoribus
400 5301 567 5356 enuntiatis.
880 5371 883 5376 1
996 5301 1734 5375 quaproxlmecontigeruntmasimissamrdotlbus
1744 5303 1826 5359 Chri-

153 5386 373 5459 Chronologlam
402 5387 478 5442 enim
511 5389 586 5458 quod
607 5387 723 5457 attinet,
761 5387 854 5457 palam
886 5394 939 5456 cst,
994 5391 1096 5447 stiauae
1108 5389 1252 5460 Ecclesiae,
1266 5391 1395 5464 legitima
1406 5391 1588 5448 successione
1601 5390 1826 5448 innomanaca-

120 5475 240 5544 epochas
253 5475 435 5547 singulorum
457 5475 625 5545 pontificum
651 5481 707 5532 tam
724 5476 754 5532 in
768 5482 847 5533 textu
861 5477 941 5533 Ana·
994 5479 1095 5537 thedra
1109 5479 1185 5536 Petri
1202 5480 1308 5552 locum,
1320 5488 1349 5537 et
1360 5481 1553 5552 apostolatum
1563 5479 1689 5550 adeptis.
1704 5480 1825 5538 attendi

121 5563 213 5633 stasli,
241 5578 325 5634 quam
349 5566 379 5624 in
395 5564 535 5638 catalogis
561 5565 715 5624 Anastasio
730 5567 940 5626 uetustioribus
994 5569 1090 5642 velim,
1112 5567 1142 5626 in
1181 5569 1231 5627 illa
1257 5568 1358 5627 umbra
1380 5570 1499 5627 Leuitici
1521 5568 1688 5642 sacerdotii,
1714 5574 1827 5627 tantam

155 5743 192 5816 (o)
204 5745 391 5804 Posmriorem
411 5750 484 5807 hanc
507 5749 732 5825 chronologlam,
746 5751 848 5823 priori,
860 5752 987 5809 Lectoris
998 5751 1102 5826 gmtla,
1114 5753 1285 5825 appositam,
1295 5751 1473 5811 exhibemus.
1492 5755 1567 5810 Eorr.
