3892 6136
122 283 194 345 45⁰9.

524 280 684 340 HISTORIA
702 282 747 338 bn
762 280 853 339 'VI'HS
870 278 955 339 ROM.
973 279 1077 342 PONT.
1093 309 1132 325 ···
1147 282 1176 340 S.
1195 283 1422 341 antenianus.

1753 286 1833 350 laid*

122 418 225 465 manus
252 404 416 477 imponente
436 402 528 462 Felice
550 403 767 474 dptungintano
797 402 943 484 episcopo,
959 395 1227 482 Arebapticasseet
1239 404 1384 475 episcopis
1399 405 1489 475 lapsis
1501 418 1619 464 manum
1637 408 1822 479 imposuisse,

121 478 286 535 ordinatur.
303 483 383 533 cete.
400 475 594 533 persecutioni
610 481 706 531 autem
723 476 751 532 in
765 473 861 530 Africa
877 473 943 535 finis
999 484 1067 554 onia
1087 472 1212 531 schisma
1239 477 1454 533 Donatistarum
1481 475 1509 532 in
1536 478 1665 536 heresim
1684 487 1821 544 eraserat,

121 550 277 621 impositus
294 554 339 605 est
357 562 433 605 anno
449 553 560 605 tantum
573 543 636 613 3⁴2,
655 552 686 603 nt
701 546 802 616 probat
815 547 945 602 Adnota-
998 556 1083 612 cuyus
1104 543 1133 598 bi
1151 547 1288 616 precipui
1305 561 1425 605 errores.
1445 546 1538 606 Primo
1555 550 1729 620 baptismum
1742 559 1823 610 extra

120 626 167 678 tor
185 621 312 677 baronii.
339 621 441 677 iiotrm
457 625 485 675 et
505 618 665 686 celeusins,
690 632 755 675 cum
775 631 824 687 spe
848 629 899 673 sua
915 626 946 670 se
999 613 1155 670 Ecclesiam
1185 617 1320 674 collatum
1345 620 1456 677 nullum
1479 632 1542 676 esse
1556 623 1773 690 conitendebant,
1795 629 1825 681 et

119 693 245 761 dejectos
260 691 399 760 viderent,
419 691 570 761 conjurare
584 690 721 747 adversus
734 745 735 750 ,
747 688 943 749 cecilianum,

120 764 287 821 ordinatum
313 763 477 833 episcopum
499 761 762 844 Carthaginensem,
785 764 943 843 caeperunt,

120 841 149 892 et
163 834 296 893 adhibita
312 836 341 890 in
362 835 526 891 societatem
546 832 668 899 Lucilla,
694 834 893 903 potentissima
905 829 944 886 ie-

122 908 211 976 mina,
223 904 510 976 cecilianoiniensa,
523 918 556 961 ac
566 903 733 960 senioribus
745 904 838 974 plebis
851 901 946 959 catlic

121 977 195 1043 lice,
210 977 318 1049 quibus
336 978 509 1037 ldensurius.
531 976 678 1032 ceciliani
697 976 839 1045 decessor,
857 987 946 1057 urna-

121 1056 216 1106 menta
240 1048 375 1106 Ecclesle
403 1049 658 1117 commendaverat,
680 1048 830 1118 episcopos
843 1048 945 1102 Numi·

120 1123 187 1188 die,
204 1121 254 1192 qui
272 1135 327 1177 non
341 1121 509 1179 mediocrem
520 1120 655 1189 injuriam
669 1119 723 1175 sibi
740 1118 842 1175 iactam
860 1125 948 1188 puta-

121 1192 200 1260 bant,
215 1194 290 1262 onod
311 1193 346 1250 ad
368 1192 514 1249 ceciliani
530 1191 741 1247 ordinationem
764 1190 873 1247 evocati
890 1200 945 1244 non

120 1263 257 1331 luissent,
273 1264 474 1336 Carthaginem
490 1262 642 1318 convenire
654 1267 803 1330 curarunt,
822 1261 873 1332 qni
888 1273 947 1314 nu·

121 1349 200 1392 mero
214 1336 397 1406 septuaginta
407 1335 582 1406 congregati,
594 1334 778 1389 cecilianum
788 1333 944 1397 absentem,

120 1407 197 1477 quod
214 1412 347 1463 evocatus
367 1408 461 1462 venire
482 1405 634 1471 noluisset,
650 1405 872 1473 damnaverunt,
887 1402 946 1458 diro

120 1479 245 1534 crimina
263 1478 307 1534 ιΙΙι
327 1478 505 1546 οιιιιειειιιεε.
529 1476 655 1532 Primum
671 1475 776 1547 quoda
791 1473 946 1532 traditori-

121 1549 177 1605 bus
197 1550 350 1606 ordinatus
365 1547 650 1618 luissetepiscopns3
665 1548 771 1603 deinde
790 1546 945 1617 quodcum

120 1626 197 1678 esset
210 1620 359 1686 diaconus,
376 1621 482 1675 vicium
498 1618 594 1677 afferri
609 1619 783 1689 martyribus
798 1632 827 1673 in
844 1622 947 1674 custo·

1001 685 1070 768 quia
1092 687 1245 745 Ecclesiam
1275 690 1352 747 intra
1377 704 1459 748 suam
1494 697 1599 749 sectam
1631 694 1823 760 coarctabant,

1002 756 1266 840 ideoncatholicosa
1282 763 1465 830 sedeceptos,
1482 777 1593 834 suoque
1608 765 1757 822 schismati
1774 766 1825 822 im·

1001 828 1119 898 plicitos
1133 830 1357 900 rebaptizabant.
1373 835 1513 900 meando,
1531 834 1685 892 Ecclesiam
1701 836 1730 892 in
1745 843 1827 894 cete·

1002 899 1043 955 ris
1054 900 1135 957 orbis
1146 904 1493 973 regionibustraditorum
1505 907 1647 978 contagio,
1665 907 1823 965 malorum-

1002 985 1057 1041 que
1076 977 1276 1032 communione
1292 976 1600 1047 periisseasserebann,
1622 984 1650 1035 et
1672 981 1703 1035 in
1727 978 1825 1036 Africa

1003 1045 1175 1101 remansisse
1188 1048 1216 1102 in
1237 1046 1298 1104 sola
1312 1055 1390 1117 parte
1405 1050 1518 1112 bonati,
1545 1048 1666 1120 ideoque
1680 1052 1826 1123 episcopis

1002 1113 1093 1185 lapsis
1108 1130 1208 1174 manus
1232 1119 1267 1175 de
1291 1132 1362 1176 noro
1381 1119 1574 1190 imponebant.
1599 1122 1694 1177 Tertio
1710 1123 1824 1179 tandem

1002 1186 1157 1244 Ecclesium
1186 1189 1356 1246 catholicam
1398 1194 1574 1248 meretricem
1611 1192 1761 1264 vocabunt,
1793 1201 1825 1249 ut

1002 1256 1138 1342 reseris.
1165 1259 1347 1333 Augustinus
1373 1262 1402 1317 in
1429 1264 1572 1320 concione
1595 1263 1631 1319 de
1655 1264 1823 1389 §asliacum

1002 1330 1135 1386 Emerito.
1159 1331 1213 1400 Qui
1239 1332 1322 1401 plura
1336 1334 1416 1403 cupit
1430 1335 1466 1391 de
1487 1335 1641 1391 schismate
1679 1336 1825 1392 onatista-

1001 1412 1075 1468 rum,
1091 1402 1409 1473 legardissertationem
1425 1407 1461 1461 ab
1476 1406 1597 1462 ilenrico
1612 1406 1724 1464 Valesio
1737 1407 1773 1464 de
1791 1420 1825 1464 eo

1000 1471 1117 1544 editam,
1129 1473 1246 1530 Eusebii
1262 1476 1387 1532 editioni
1401 1476 1595 1547 subjunctam.

1329 1581 1496 1640 sonnium.

121 1692 498 1761 diapositisprobibuissct.
510 1692 575 1746 Post
590 1691 784 1747 beciniocum
797 1686 945 1745 caeciliani
1037 1688 1122 1744 Linea
1146 1686 1174 1745 c.
1193 1718 1230 1730 -
1253 1689 1436 1746 Aeonsuiotu
1451 1694 1587 1747 anentir'
1600 1706 1640 1749 m.
1654 1693 1724 1750 cum
1740 1695 1823 1752 linem

120 1759 944 1833 blay'orinnmordinaruntepiscopumingratiambucille,
961 1760 1157 1829 Bacccpisset
1186 1761 1215 1816 in
1240 1760 1338 1817 dirica
1362 1764 1524 1832 persecutio
1545 1765 1622 1820 circu
1637 1778 1744 1822 annum
1760 1764 1823 1837 3⁴⁴,

121 1837 206 1904 cujus
220 1834 395 1891 domesticus
408 1840 477 1890 erat.
502 1836 558 1889 iioc
579 1841 622 1890 cst
647 1833 763 1889 initium
780 1832 945 1888 schismatis
1000 1833 1394 1905 episcopiscarihaginensis
1417 1836 1571 1905 provincie
1582 1836 1707 1892 liberum
1722 1837 1778 1894 init
1794 1840 1823 1895 in

123 1906 348 1964 Donatistarum.
364 1906 563 1962 sicdictorum
577 1919 593 1960 a
608 1904 835 1960 bonatoacasis
849 1903 946 1976 Nigris
1000 1905 1193 1973 eametropoli
1212 1906 1364 1962 convenire
1378 1905 1412 1960 ad
1426 1905 1462 1961 cii
1485 1907 1589 1962 endum
1611 1908 1825 1980 biensuriiepi-

121 1979 268 2046 episcopo,
285 1978 418 2047 blajorini
430 1977 607 2044 ordinatore,
623 1990 705 2038 ouem
718 1976 899 2049 Augustinus
916 1975 945 2031 ln
1001 1975 1078 2045 scopi
1095 1990 1296 2034 successorem.
1311 1976 1454 2033 Inseritur
1466 1922 1519 2034 {io
1533 1993 1598 2048 pars
1616 1979 1715 2050 aliqua
1729 1980 1826 2038 histo-

123 2048 451 2106 BreiiarioCoilationis
466 2049 610 2115 tertiaeet
625 2048 654 2103 ln
669 2047 744 2103 libro
760 2048 947 2105 iletractatio-
1002 2048 1052 2102 rie
1067 2048 1200 2104 Ecclesia
1222 2047 1382 2104 Africana:
1409 2062 1534 2105 connexa
1556 2064 1621 2106 cum
1637 2053 1676 2107 sit
1696 2051 1824 2109 historie

123 2134 190 2176 nurn
202 2119 834 2188 scribit,cecilianoadhucdiuconoschisma
844 2118 947 2175 iecisse
1000 2119 1133 2174 Romane
1156 2121 1243 2176 sedis.
1272 2120 1444 2177 cecilianus
1470 2121 1477 2176 i
1501 2122 1561 2178 itur
1588 2122 1824 2194 carthaginensis

121 2193 304 2317 carthagine,
334 2193 454 2264 ejusque
475 2190 614 2247 lacinioris
635 2204 715 2247 reum
732 2196 828 2260 postea
843 2191 946 2247 conyi-
1000 2191 1134 2247 Ecclesia
1148 2191 1290 2248 diaconus
1306 2192 1443 2248 canonice
1463 2138 1571 2250 efectus
1590 2199 1619 2250 et
1639 2202 1824 2252 consecratus

122 2271 201 2319 ctum
236 2265 312 2318 uisse
328 2263 357 2318 in
371 2264 479 2334 syuodo
502 2263 626 2319 Romana
647 2263 761 2320 sedente
776 2261 945 2319 bicichiarle.
1002 2260 1057 2318 luit
1070 2263 1224 2333 episcopus
1249 2261 1320 2319 cleri
1342 2262 1499 2334 suffragiis,
1522 2265 1613 2321 totius
1630 2264 1727 2334 populi
1742 2279 1828 2323 acce-⁵

121 2335 173 2389 Sed
201 2334 336 2404 quoniam
353 2334 382 2391 in
396 2334 577 2391 ordinatione
587 2333 733 2391 ceciliani
749 2334 946 2390 vehementius
1000 2334 1085 2390 dente
1108 2347 1259 2391 consensu.
1280 2335 1384 2391 Contra
1409 2335 1485 2390 hunc
1509 2335 1638 2405 legitime
1660 2336 1782 2394 eiectum
1798 2343 1826 2394 et

121 2407 229 2476 erupit,
248 2406 356 2463 idcirco
378 2405 543 2463 schismatis
566 2406 684 2463 initium
702 2406 738 2463 ab
757 2405 809 2462 illa
824 2406 945 2462 ordina·
1003 2406 1058 2461 rite
1071 2414 1267 2464 consecratum
1281 2407 1486 2463 seditiosorum
1507 2406 1595 2465 lactio
1607 2410 1712 2478 partim
1728 2408 1826 2465 ambi·

123 2478 202 2534 tium
216 2476 388 2534 desumitur.
1002 2478 1092 2542 tione,
1108 2478 1211 2546 partim
1229 2478 1356 2534 avaritiae
1369 2480 1469 2534 studio
1481 2480 1609 2547 seducta,
1625 2493 1656 2536 se
1676 2480 1716 2535 ita
1732 2482 1826 2538 auda-

157 2548 340 2604 Schismatici
355 2551 491 2607 aduersus
511 2549 695 2606 cecilianum
711 2549 890 2618 scripserunt
905 2548 947 2604 il·
1002 2553 1061 2603 cter
1079 2549 1180 2613 erexit,
1196 2556 1227 2605 ut
1240 2550 1407 2619 episcopum
1426 2562 1628 2621 recognoscere
1642 2552 1822 2609 detrectaret.

123 2619 225 2689 bellos,
238 2627 267 2676 et
281 2620 439 2678 anulinum
462 2618 565 2676 dirice
591 2621 788 2692 proconsulem
804 2619 948 2685 interpei-
1000 2619 1824 2694 convocavitCarthagincmepiscoposaliquotbiumidie,

123 2692 231 2752 larunt.
254 2696 285 2749 ut
308 2705 356 2748 eos
382 2692 416 2748 ad
440 2693 671 2761 constantinum,
693 2699 762 2750 tunc
792 2692 823 2747 in
840 2691 946 2749 Galliis
1000 2695 1029 2747 et
1040 2691 1204 2747 vicinarum
1227 2692 1376 2763 regionum
1397 2705 1516 2748 numero
1530 2695 1724 2765 septuaginta,
1751 2709 1826 2767 egre

123 2769 262 2834 agentem,
289 2766 427 2833 mitteret,
453 2764 561 2834 quibus
593 2777 657 2819 eum
687 2762 837 2835 rogabant,
861 2768 892 2819 ut
909 2763 945 2820 de
1000 2761 1122 2819 ferentes
1137 2763 1171 2817 ad
1188 2775 1248 2818 cam
1263 2762 1471 2819 electionemso
1484 2775 1541 2819 non
1554 2763 1778 2823 luisserooatos.
1790 2767 1825 2823 iil

122 2834 218 2891 Gallia
234 2835 348 2904 judices
358 2836 421 2891 dari
442 2835 617 2904 preciperet.
636 2836 792 2904 imperator
802 2834 951 2891 iectisbo.
1000 2834 1090 2889 ueluti
1104 2834 1140 2889 ad
1152 2834 1308 2890 concilium
1320 2835 1496 2906 congregati,
1508 2848 1573 2890 euin
1586 2837 1620 2892 ad
1630 2849 1694 2892 eum
1704 2850 1834 2895 conuen-¹

123 2907 297 2962 natistarum
323 2906 442 2973 libellis,
470 2907 666 2963 subiracunde
689 2906 846 2977 respondit,
875 2912 946 2962 teste
998 2910 1061 2961 tum
1073 2919 1104 2962 se
1118 2906 1221 2960 sistere
1233 2904 1403 2961 cecilianus
1418 2905 1571 2973 renuisset,
1590 2907 1653 2975 ejus
1666 2909 1828 2965 ordinatio·

122 2976 224 3047 Optato
246 2977 430 3034 biileritano:
455 2978 587 3034 «Ρειιιιε
604 2991 620 3034 a
636 2991 679 3034 me
693 2978 840 3035 inserulo
860 2978 946 3047 judi·
1001 2989 1063 3031 nem
1085 2989 1146 3031 esse
1171 2975 1279 3030 nnllam
1301 2975 1457 3043 declarant,
1483 2981 1512 3030 et
1526 2977 1698 3045 iiajoriunm
1718 2982 1746 3035 ln
1762 2980 1825 3049 elus

122 3048 209 3114 cium,
223 3062 287 3106 cum
307 3062 358 3120 ego
374 3049 436 3119 ipse
449 3049 557 3106 Christi
575 3049 720 3119 judicium
744 3054 942 3132 exspectamur
1000 3046 1093 3102 locum
1108 3045 1301 3101 substituunt.
1324 3046 1403 3101 Datis
1427 3045 1553 3102 subinde
1572 3046 1681 3105 litteris
1701 3050 1737 3106 ad
1754 3051 1825 3106 unl-

122 3120 205 3177 iiedit
233 3126 325 3176 tamon
355 3121 468 3190 judices
500 3125 659 3178 blaternum
684 3121 1095 3194 Agrippinensem30versas
1112 3116 1252 3172 Ecclesias
1265 3114 1415 3172 diricanas
1429 3116 1597 3183 suadebant,
1615 3125 1825 3177 utacommu-

124 3190 284 3248 ilbeticium
298 3193 584 3264 augustodunensem
599 3193 778 3248 otheninum
792 3189 945 3245 Arelaten—
1000 3188 1085 3243 nionc
1099 3187 1245 3242 caeciliani
1258 3187 1430 3254 recederent,
1447 3193 1476 3243 et
1492 3189 1527 3243 ad
1538 3190 1707 3258 majorinum
1725 3192 1831 3249 defice·

121 3264 516 3389 semepiscopos,1ggaicum
542 3261 699 3319 melchiade
715 3273 796 3330 papa,
823 3259 944 3343 ettaiiis
999 3264 1072 3324 rent,
1092 3270 1113 3340 ‚a
1139 3271 1170 3313 se
1194 3264 1367 3328 promotum.
1393 3258 1471 3314 Talis
1497 3260 1579 3332 origo
1594 3262 1822 3320 est-schismatis

120 3335 386 3405 episcopisltalisa
423 3329 942 3403 ipsodeiigendiscausamceciliani
997 3330 1223 3385 Donatistarum.
1406 3376 1408 3380 .

121 3404 292 3461 indicarent.
1032 3400 1136 3456 Verum
1163 3400 1221 3456 duo
1248 3400 1342 3471 magni
1369 3400 1503 3458 Ecclesiae
1529 3400 1671 3460 iliricanae
1694 3406 1821 3477 episcopi

155 3474 329 3545 congregata
344 3480 388 3530 εει
399 3474 493 3530 Rome
505 3473 641 3544 synodus,
657 3474 705 3530 die
715 3474 839 3531 secunda
854 3472 943 3530 Octo-
998 3485 1098 3541 nempe
1111 3471 1233 3542 Optatus
1243 3472 1428 3529 biileritanus
1441 3481 1469 3529 et
1484 3471 1674 3546 Augustinus,
1691 3479 1741 3550 qui
1753 3479 1824 3535 scri·

121 3544 192 3610 bris,
205 3543 276 3600 lenia
290 3551 379 3615 sexta,
395 3546 517 3616 ideoque
528 3559 603 3600 anno
618 3545 725 3601 Christi
743 3545 942 3601 trecentesimo
999 3548 1118 3616 pserunt
1141 3542 1246 3598 seculo
1266 3544 1377 3615 integro
1400 3544 1435 3599 ab
1464 3544 1513 3600 illa
1537 3546 1680 3604 seditione
1694 3550 1820 3606 nondum

119 3615 336 3682 decimotertio,
352 3617 380 3671 in
395 3617 600 3673 domoFauste
617 3618 646 3672 in
660 3619 807 3673 Laterano.
820 3617 852 3672 Ei
868 3630 944 3687 pre·
998 3615 1114 3687 penitus
1133 3616 1293 3685 consopita,
1319 3615 1367 3670 sed
1390 3616 1424 3671 ad
1442 3616 1571 3685 ipsorum
1586 3624 1698 3674 etatem
1727 3622 1823 3677 adhuc

120 3686 178 3743 luit
190 3688 371 3756 itelcbiades,
383 3688 431 3743 cui
447 3688 612 3744 assidebant
625 3695 683 3745 tres
697 3679 942 3760 prelaticpiscopl
997 3686 1175 3757 continuata,
1200 3691 1342 3743 testantur
1369 3685 1396 3743 id
1412 3700 1474 3743 esse
1493 3693 1658 3745 constanter
1681 3692 1821 3749 indicium

120 3768 147 3814 ei
161 3759 325 3829 quindecim
342 3759 417 3814 itali.
433 3761 463 3814 ln
480 3761 620 3815 Donatum
635 3774 651 3816 a
673 3759 754 3817 casis
778 3760 871 3832 nigris
886 3758 944 3816 lata
998 3771 1117 3829 eamque
1132 3764 1277 3826 tesseram,
1295 3758 1371 3814 unde
1385 3758 1564 3815 schismatici
1589 3773 1702 3832 semper
1717 3763 1821 3820 detecti

120 3830 261 3886 sententia
277 3835 320 3885 est
337 3828 563 3901 suifragantibus
578 3832 734 3898 universis,
750 3852 763 3884 r
779 3833 855 3913 quod
871 3845 944 3888 con·
998 3836 1068 3887 sunt
1083 3835 1169 3900 atque
1193 3829 1319 3886 heretici
1333 3846 1341 3897 3
1363 3842 1472 3900 nempe,
1489 3832 1565 3900 quod
1585 3844 1615 3887 se
1630 3833 1823 3891 subduxerint

120 3901 214 3958 lessus
232 3900 269 3956 sit
285 3899 483 3970 rebaptizasse,
505 3907 533 3957 ct
556 3903 702 3972 episcopis
721 3903 812 3973 lapsis
828 3915 942 3959 manum
998 3915 1032 3958 ac
1055 3900 1250 3970 separaverint
1272 3901 1309 3956 ab
1326 3901 1433 3957 unione
1450 3915 1514 3958 stum
1533 3902 1659 3960 Ecclesia
1674 3905 1821 3962 Romanae

121 3973 159 4028 im
183 3972 305 4041 osuisse,
327 3973 401 4042 quod
422 3973 457 4028 ab
479 3972 603 4030 Ecclesia
622 3974 750 4031 alienum
772 3980 825 4030 est.
847 3976 943 4031 Testes
1001 3973 1130 4042 «Quere
1146 3973 1246 4028 harum
1266 3972 1408 4042 originem
1424 3985 1539 4042 rerum;
1562 3978 1589 4030 et
1606 3976 1734 4033 inuenies
1749 3977 1822 4035 hanc

122 3988 234 4101 infucti
248 4056 264 4099 a
277 4045 386 4100 Donato
404 4041 528 4102 confessi
544 4050 613 4101 sunt
630 4059 660 4101 se
675 4059 731 4102 non
750 4045 852 4102 habere
866 4046 955 4118 quod>
1000 4050 1026 4101 te
1037 4045 1067 4101 in
1078 4043 1437 4111 vosdiaissesententiam,
1452 4058 1516 4101 cum
1530 4045 1726 4103 schismaticis
1735 4047 1823 4106 bere·

121 4117 151 4171 in
163 4114 348 4171 cecilianum
369 4115 508 4172 dicerent.
520 4115 692 4174 cecilianus
703 4117 832 4173 omnium
844 4129 945 4187 supra·
999 4116 1074 4172 ticos
1087 4114 1217 4172 sociasti.
1233 4116 1293 4171 Non
1309 4115 1386 4171 euim
1407 4116 1580 4173 cecilianus
1594 4118 1713 4175 exirita
1730 4121 1822 4190 iiajo-

120 4191 341 4252 memoratorum
354 4188 509 4244 sententiis
525 4188 661 4245 innocens
673 4193 717 4244 est
727 4189 942 4258 pronuntiatus,
1000 4189 1072 4251 rino,
1102 4200 1153 4242 aro
1176 4200 1240 4254 suo,
1269 4186 1317 4242 sed
1345 4186 1505 4256 majorinus
1530 4201 1547 4243 a
1572 4188 1734 4248 ceciliano.
1766 4194 1822 4248 Nec

119 4258 206 4315 etium
217 4256 358 4313 iiiltiadis
370 4259 524 4328 sententia,
540 4259 747 4330 qualndicium
760 4261 889 4317 clausum
901 4263 945 4316 cst
997 4258 1171 4315 cecilianus
1190 4258 1308 4314 recessit
1321 4269 1338 4313 a
1351 4256 1487 4315 cathedra
1512 4258 1587 4316 Petri
1610 4260 1653 4318 vel
1672 4262 1820 4334 cypriani,

121 4329 168 4387 bis
180 4329 294 4385 verbis:
311 4330 381 4387 cum
392 4330 558 4388 constiterit
571 4331 757 4388 cecilianum
775 4331 810 4387 ab
826 4331 874 4402 iis,
891 4330 943 4403 qui
998 4330 1048 4387 sed
1061 4330 1230 4400 majorinus,
1245 4329 1330 4399 cujus
1346 4333 1377 4386 tu
1392 4329 1556 4388 cathedram
1571 4332 1661 4401 sedes,
1676 4347 1739 4404 que
1757 4341 1823 4390 ante

120 4414 185 4457 cum
201 4402 310 4458 Donato
321 4408 466 4468 venerant,
478 4402 561 4473 juata
575 4400 780 4472 professionem
791 4414 872 4460 suam
886 4414 943 4459 non
1000 4402 1096 4471 ipsum
1110 4402 1280 4472 biajorinum
1303 4401 1444 4474 originem
1460 4414 1515 4457 non
1539 4402 1669 4459 babebat.
1687 4422 1701 4456 s
1716 4404 1819 4479 (Optat.

118 4471 260 4543 accusari,
277 4485 327 4528 nec
347 4485 363 4528 a
384 4473 491 4530 Donato
515 4475 677 4531 convictum
701 4486 764 4531 esse
788 4475 817 4530 in
844 4473 943 4546 aliqua
1000 4472 1119 4530 Elicuit.
1143 4473 1253 4529 advers.
1268 4473 1446 4528 Parmenion.
1463 4472 1511 4526 lib.
1529 4471 1560 4543 ι.)

119 4548 199 4614 parte
217 4544 392 4614 constiterit,
425 4559 484 4603 sue
511 4547 706 4603 communioni
734 4537 985 4604 EcclesiasticeD
1037 4564 1051 4597 r
1087 4544 1260 4601 cecilianus
1288 4550 1457 4625 possetnnn
1479 4555 1580 4600 curare
1607 4544 1820 4616 conspirantem

120 4615 232 4686 integro
256 4623 334 4671 statu
363 4615 544 4674 retinendum
571 4618 672 4675 merito
696 4631 758 4677 csse
782 4631 893 4675 censeo.
928 4636 942 4669 c
1000 4615 1217 4673 multitudinem
1242 4613 1526 4682 inimicorum30um
1548 4615 1821 4677 serideretetilo-

119 4685 293 4743 lteleruntur
307 4687 415 4750 hecub
438 4688 541 4759 Optato
555 4689 721 4745 hiiieuitano
745 4688 797 4746 lib.
815 4706 824 4745 1
839 4690 944 4747 adrer-

119 4772 169 4814 sus
187 4759 416 4829 parmenianum,
434 4761 485 4830 oui
507 4760 625 4817 alteram
651 4769 758 4830 partem
783 4760 942 4830 sententie,

117 4829 153 4884 de
176 4829 359 4886 damnatione
383 4831 496 4888 scilicet
520 4832 633 4902 Donati,
654 4841 683 4887 et
707 4833 742 4888 de
762 4833 945 4901 susceptione

117 4900 317 4972 episcoporum
338 4903 429 4973 partis
444 4903 575 4974 bialorini
598 4904 790 4973 pretermisit.
804 4904 878 4960 iiuic
889 4904 945 4975 Sy·

119 4973 193 5028 nodo
221 4978 334 5031 marcus
361 4975 507 5045 presbyter
543 4981 650 5045 postea,
673 4980 771 5032 sancto
795 4974 944 5033 silvestro

121 5052 244 5113 mortuo,
262 5047 406 5102 itomanns
422 5048 503 5116 ponti
518 5060 562 5116 ex,
587 5045 729 5115 interluit,
747 5052 779 5103 ut
791 5047 887 5103 videre
900 5050 945 5103 est

119 5117 196 5185 apud
210 5117 353 5173 valesium
370 5118 400 5174 in
410 5119 492 5174 Notis
504 5118 539 5174 ad
552 5117 658 5176 librum
673 5133 692 5175 x
706 5118 824 5176 Eusebii
837 5131 899 5188 cap.
913 5116 957 5182 8,.

118 5187 188 5242 etin
210 5188 319 5243 critica
342 5188 455 5246 baronii
472 5202 548 5245 anno
560 5187 624 5246 3⁴3.
640 5190 747 5247 Ferunt
762 5195 823 5246 tum
846 5191 943 5245 bona-

118 5257 941 5332 tisiascondemnatos,asententiaepiscoporumconcilii

117 5328 152 5383 ad
166 5330 367 5398 imperatorem
392 5330 561 5402 appellasse,
583 5332 783 5403 dictumquea
799 5334 944 5388 conman-

118 5399 191 5468 tino,
207 5412 272 5453 cum
288 5401 315 5454 id
333 5403 459 5470 accepit:
483 5422 496 5454 r
512 5403 534 5460 0
555 5402 653 5460 rabida
676 5404 785 5461 luroris
799 5402 941 5459 audaciai

116 5470 200 5525 Sicut
211 5470 240 5523 in
255 5471 353 5525 causis
365 5473 523 5529 Gentilium
549 5475 610 5545 geri
637 5474 709 5530 solet
721 5473 942 5544 appeliationem

118 5543 367 5610 interposuerunt.
393 5560 407 5592 i
437 5545 607 5612 Disputatur
635 5546 709 5601 inter
732 5547 841 5615 doctos,
869 5559 943 5603 ‚num

119 5613 179 5668 hec
204 5613 239 5668 ad
276 5613 475 5682 imperatorem
508 5616 663 5684 appellatio
686 5616 760 5673 iacta
797 5613 883 5672 luerit
912 5617 942 5672 in

119 5683 329 5809 hoctiiomano,
354 5698 389 5741 an
420 5685 450 5741 in
473 5687 633 5745 arelatensi
654 5688 779 5746 concilio
802 5687 856 5744 sub
882 5687 943 5744 διι-Δ

117 5767 222 5812 resno.

156 5827 244 5886 Porro
268 5828 399 5890 bonatus
426 5830 550 5905 acasis
575 5832 670 5906 nigris
687 5830 836 5893 confessus
855 5837 945 5894 estse

1000 4700 1090 4744 mane
1106 4685 1248 4755 Ecclesiae,
1265 4685 1294 4739 in
1306 4697 1362 4754 qua
1377 4685 1821 4755 semperdpostoiicecathedre

999 4759 1093 4830 viguit
1106 4757 1296 4827 principatus.
1309 4760 1336 4812 et
1357 4757 1471 4813 cunctis
1486 4757 1583 4826 terris,
1602 4758 1676 4816 unde
1692 4761 1821 4846 Euange-

998 4829 1073 4887 lium
1083 4831 1118 4884 ad
1133 4829 1225 4899 ipsam
1239 4826 1364 4884 hiricam
1379 4828 1469 4884 venit·
1481 4841 1531 4898 per
1549 4831 1821 4891 communicatorias

999 4901 1110 4959 litteras
1129 4913 1191 4957 esse
1210 4899 1415 4970 conjunctum:
1443 4868 1492 4956 ubi
1510 4908 1627 4971 paratus
1650 4907 1725 4960 esset
1739 4918 1820 4962 suam

998 4985 1114 5031 causam
1127 4971 1234 5041 dicere,
1249 4972 1276 5027 si
1290 4970 1447 5026 adversarii
1462 4973 1525 5041 ejus
1539 4971 1574 5028 ab
1587 4986 1620 5029 eo
1636 4972 1702 5031 illas
1721 4977 1821 5033 Eccle-

998 5046 1058 5102 sias
1072 5043 1200 5099 alienare
1213 5048 1396 5099 conarentur.
1412 5042 1475 5115 ils.
1487 5042 1643 5115 Augustin.
1657 5060 1699 5115 ep.
1713 5044 1784 5113 ⁴62.)

1034 5116 1090 5172 iioc
1101 5115 1246 5186 negotium
1267 5127 1362 5171 revera
1377 5112 1503 5171 delatum
1515 5110 1574 5171 luit
1588 5116 1622 5172 ad
1633 5115 1819 5176 melchiadem

1000 5185 1230 5258 papamEuscbli
1246 5198 1452 5256 successorem,
1467 5185 1622 5255 postillam
1639 5201 1733 5246 rerum
1748 5203 1820 5247 con-

998 5258 1169 5322 versionem,
1196 5257 1348 5328 religionis
1362 5255 1437 5312 bono
1460 5269 1476 5313 a
1499 5259 1556 5313 Deo
1572 5255 1696 5316 leliciter
1710 5266 1820 5332 partam

999 5329 1220 5386 inconstantini
1233 5328 1413 5400 pmmotione
1425 5328 1460 5385 ad
1475 5328 1641 5399 imperium.

1034 5402 1085 5458 ilic
1099 5401 1173 5456 enim
1187 5401 1322 5471 princeps
1333 5413 1368 5455 ex
1381 5399 1503 5456 victoria
1521 5401 1578 5457 sibi
1591 5401 1736 5460 diuinitus
1747 5417 1820 5462 con-

998 5486 1077 5530 cessa
1092 5471 1146 5528 sub
1161 5471 1301 5541 auspiciis
1311 5469 1547 5539 vividcecrucis,
1563 5473 1698 5530 essetab
1709 5476 1822 5535 univer-

998 5559 1030 5604 so
1045 5544 1172 5601 exercitu
1189 5543 1219 5599 in
1230 5542 1301 5600 celo
1311 5548 1454 5613 spectate,
1467 5543 1655 5601 confirmatus
1667 5545 1696 5600 in
1709 5559 1751 5632 ea,
1763 5562 1820 5620 qua

997 5629 1063 5687 erga
1081 5614 1262 5671 christianos
1283 5613 1401 5670 allectus
1424 5620 1485 5671 erat
1503 5615 1593 5672 animi
1620 5629 1818 5690 propensione,

1000 5687 1072 5743 lianc
1101 5699 1156 5743 nou
1180 5687 1295 5743 destitit
1313 5684 1464 5742 confestim
1484 5685 1630 5744 declarare
1646 5701 1694 5760 per
1714 5690 1819 5761 edicta,

1000 5758 1123 5816 liberum
1136 5761 1308 5816 exercitium
1327 5757 1476 5830 religionis
1494 5765 1608 5831 nostre,
1621 5758 1820 5833 bonorumque

999 5829 1824 5906 omniumresntuttoaeueymdeunoummtigioatspro·
