3892 6136
97 272 152 331 253

483 276 666 332 BLANCHINI
691 277 844 334 bisseni.
871 279 917 334 DE
936 280 1015 335 hun.
1043 280 1098 334 un.
1135 280 1232 335 PONT.
1263 280 1431 338 calabon.

1756 281 1810 342 le

98 402 200 471 pharo,
211 402 264 473 qui
275 401 406 457 imminet
416 402 614 459 columnarum
625 405 777 474 epistyliis,
791 405 928 459 videlicet
940 406 968 463 A
983 404 1086 475 obtigit
1103 406 1131 458 in
1149 407 1255 474 pariete
1270 406 1376 460 boreali
1394 407 1567 461 numerando
1582 420 1598 460 a
1613 405 1705 462 ironte
1721 406 1805 462 basi-

99 491 130 544 iu
140 488 358 544 orbicularibus
368 490 428 544 illrs
441 491 534 561 signis
545 492 681 547 indicatis
692 493 722 547 iu
734 491 830 547 tabula
840 508 868 559 x,
880 491 924 547 lit.

97 578 121 633 G
141 578 293 646 lldepicta
315 579 506 633 Romanorum
531 579 696 648 pontificum
716 580 821 649 capita,
838 580 926 635 sicuti

97 667 184 721 etiam
197 667 226 720 in
238 665 530 722 aliisorbicularibus
541 668 633 738 signis
642 669 688 724 his
697 670 928 738 superpositisut

101 753 206 809 ibidem
222 753 331 809 litteris
348 756 366 823 l,
383 755 403 808 L
417 759 446 808 et
464 754 573 809 clarius
595 756 808 813 demonstratur
824 757 853 811 iu
869 756 927 812 alia

99 841 196 897 tabula
213 855 241 896 xi
259 841 288 896 in
310 842 478 911 ampliorem
500 841 617 898 formam
637 845 785 916 designata
801 844 854 900 sub
874 844 929 899 lit-

97 931 169 985 teris
190 930 222 998 h,
245 931 276 996 B,
297 931 326 1000 C,
343 931 376 1001 b,
399 937 427 985 et
447 930 490 986 sic
511 930 546 985 dc
567 931 699 1002 reliquis.
718 934 809 989 »Hac
829 933 928 988 Ciam-

96 1019 196 1088 pinus.

132 1110 237 1163 Verum
261 1121 295 1163 ex
320 1107 429 1164 tabulis
457 1109 592 1180 publicis,
620 1124 652 1166 ea
676 1112 710 1167 de
737 1125 767 1166 re
787 1109 927 1166 coniectis

94 1210 111 1251 a
136 1197 337 1252 commendato
364 1197 467 1255 lacobo
495 1199 647 1267 Grimaldi,
671 1214 704 1255 ex
733 1200 927 1255 destinatione

95 1285 180 1340 Pauli
198 1286 227 1353 V,
241 1286 354 1342 notario
366 1287 399 1341 ad
418 1287 446 1341 id
464 1288 592 1342 muneris
606 1288 725 1354 delecto,
742 1289 826 1356 cujus
840 1293 928 1343 auto-

95 1375 277 1445 graphumin
287 1373 404 1430 anthino
414 1382 600 1431 sacrosancta
610 1375 738 1432 basilica
748 1377 926 1432 custoditum

94 1463 248 1518 consulere
267 1476 299 1518 ac
316 1463 478 1519 describere
500 1464 571 1518 mihi
593 1465 762 1533 permissum
784 1463 849 1532 luit,
871 1478 926 1519 an-

96 1557 204 1606 nuente
214 1551 441 1608 eminentissimo
450 1566 481 1608 ac
492 1554 728 1610 reverendissimo
739 1554 771 1607 b.
783 1552 924 1608 cardinali

95 1639 208 1694 hibano
223 1640 478 1712 archipresbytero,
492 1647 520 1696 et
533 1656 674 1700 consensu
689 1643 778 1698 lolius
791 1653 924 1697 reveren-

983 493 1054 561 lica,
1071 494 1217 562 proximus
1231 493 1356 563 pontilex
1369 495 1417 563 qul
1432 502 1553 563 occupat
1566 508 1672 549 ironam
1686 495 1807 551 orbicu-

982 569 1041 634 lum
1069 582 1239 638 inscribitur
1264 584 1473 652 llhllCELLUS,
1502 597 1601 653 nempe
1626 589 1731 652 martyr
1754 581 1808 638 snb

981 674 1168 729 Diocletiano.
1184 675 1253 729 totis
1266 673 1432 744 quingentis
1444 673 1529 728 anuis
1545 672 1686 727 vetustior
1699 671 1806 727 hdria·

983 776 1019 818 no
1034 764 1045 817 l
1060 779 1067 831 3
1082 762 1186 817 deinde
1208 764 1340 831 sequitur
1360 761 1509 830 hGhTON,
1533 761 1667 816 ducentis
1682 766 1710 815 et
1725 763 1809 815 octo-

983 852 1061 918 ginta
1077 849 1164 905 ferme
1178 851 1263 904 annis
1277 851 1418 906 recentior
1431 850 1572 920 Marcello,
1586 857 1615 905 et
1627 849 1731 905 saeculo
1750 847 1810 903 ier-

983 951 1026 992 me
1040 938 1133 993 solido
1152 938 1311 1006 precedens
1328 937 1495 993 adrianum.
1512 940 1609 1008 Neque
1629 937 1745 993 felicius
1759 944 1811 993 aut

981 1026 1154 1097 diligentius
1179 1028 1271 1094 pictor
1297 1026 1346 1081 ille
1369 1027 1487 1096 parietis
1516 1025 1640 1082 borealis
1666 1025 1809 1095 expressit

982 1114 1209 1186 chronologiam,
1228 1129 1311 1185 quam
1334 1121 1444 1184 poterat
1458 1116 1558 1171 saltem
1575 1115 1605 1170 in
1621 1114 1809 1184 pontificibus

983 1203 1114 1271 repetitis
1130 1205 1254 1258 mutuari
1271 1217 1305 1258 er
1322 1205 1430 1273 pariete
1444 1204 1572 1258 adverso.
1589 1203 1716 1258 Vidisset
1730 1201 1806 1256 enim

981 1291 1114 1346 Marcello
1137 1291 1261 1346 tributos
1282 1291 1310 1345 in
1334 1296 1399 1347 sede
1422 1290 1496 1346 Petri
1518 1304 1609 1346 annos
1628 1290 1758 1360 quinque
1781 1295 1809 1344 et

982 1394 1092 1435 menses
1105 1388 1211 1450 septem
1222 1381 1302 1451 (quot
1314 1383 1400 1436 etiam
1415 1382 1445 1435 in
1456 1364 1577 1435 vetustis
1590 1393 1623 1435 ac
1635 1378 1809 1434 sinceriori-

981 1468 1034 1523 bus
1049 1468 1192 1539 catalogis
1215 1469 1419 1540 assignantur),
1441 1482 1491 1523 nec
1511 1470 1546 1523 ad
1562 1466 1727 1522 octennium
1743 1478 1808 1520 cum

979 1556 1111 1613 bimestri
1131 1560 1234 1628 spatio,
1256 1566 1288 1613 ut
1308 1559 1368 1627 ipse
1389 1558 1494 1626 pinxit,
1516 1556 1674 1628 prorogari.
1693 1554 1810 1610 Constat

981 1651 1072 1721 igitur
1083 1652 1212 1719 picturas
1227 1650 1345 1719 parietis
1361 1648 1484 1705 borealis
1497 1649 1591 1703 serius
1602 1647 1692 1703 luisse
1705 1660 1804 1715 super-

95 1730 214 1786 dissimi
235 1729 356 1799 capituli
376 1728 461 1800 (unde
480 1732 565 1786 etiam
587 1732 721 1787 hauserat
736 1729 922 1801 Ciatupinus),
938 1728 963 1787 Β
980 1739 1094 1793 additas
1119 1744 1200 1792 atate
1227 1737 1367 1807 sequiori,
1394 1737 1505 1805 qualem
1530 1736 1657 1790 vidimus
1684 1735 1807 1790 indicari

97 1818 226 1889 prolerre
233 1821 314 1889 juvat
325 1818 516 1874 recensionem
530 1821 846 1890 vererumpicrurarum
863 1831 925 1889 qua

96 1908 137 1963 ibi
148 1908 360 1978 spectabantur.
372 1908 520 1964 Constabit
531 1910 607 1963 enim
619 1910 721 1964 seriem
734 1908 812 1964 illam
826 1907 926 1978 ponti-

96 1997 924 2067 deum,quasupraepistyliaetcoronidemcolumnarum

95 2086 264 2142 sublimiori
285 2087 315 2140 in
337 2085 476 2155 stylobate
497 2087 610 2155 depicta
630 2091 700 2155 erat,
724 2085 777 2141 sub
801 2087 925 2155 picturis

94 2176 208 2231 Veteris
221 2175 393 2229 Testamenti
410 2175 545 2243 colorato,
561 2176 716 2230 indicatam
732 2176 839 2230 litteris
852 2174 883 2231 lu
894 2176 924 2230 in

96 2263 925 2333 tab.xCiampinlana,luisseantiquioremetpertinuisse

95 2353 129 2407 ad
154 2358 264 2408 atatem
291 2353 417 2408 Formosi
451 2366 554 2422 papa3
577 2353 694 2407 alteram
727 2365 793 2408 vero
821 2352 923 2407 seriem

95 2443 261 2498 eorumdem
286 2442 464 2511 pontilicum,
497 2455 560 2512 qua
583 2442 740 2496 constituta
763 2445 824 2496 erat
849 2442 926 2496 inira

95 2531 261 2587 coronidem
273 2536 302 2586 et
314 2529 480 2600 epistylium
494 2530 607 2586 ordinis
620 2529 818 2585 columnarum
831 2531 860 2584 in
874 2543 924 2584 zo-

96 2620 199 2690 phoro,
218 2618 266 2675 ubi
287 2633 353 2675 snm
371 2619 474 2675 littera
489 2620 523 2689 G,
540 2621 572 2688 ll,
594 2618 652 2673 tab.
668 2632 686 2672 x
703 2619 778 2687 apud
794 2618 926 2687 Ciampi-

96 2722 177 2778 num,
192 2722 264 2778 opus
278 2708 369 2764 luisse
388 2709 482 2763 atatis
504 2709 595 2763 multo
611 2707 781 2763 recentioris
797 2725 803 2761 :
820 2707 926 2776 quippe

96 2813 161 2870 qua
175 2798 286 2854 Nicolai
311 2798 391 2852 tertii
409 2796 541 2852 mandato
560 2797 673 2866 depicta
690 2796 730 2850 ibi
747 2794 840 2851 luerat
855 2795 925 2859 totis

95 2885 149 2943 iob
171 2885 259 2943 ferme
282 2886 367 2941 annis
391 2892 454 2957 post
480 2885 582 2941 seriem
604 2898 620 2939 a
643 2887 777 2940 Formoso
801 2896 924 2953 superne

95 2976 278 3046 dispositam.

980 1826 1066 1881 etiam
1085 1839 1134 1895 per
1151 1837 1335 1879 marmoream
1351 1823 1534 1895 epigraphem
1554 1823 1681 1892 ejusdem
1707 1822 1806 1878 lateris

980 1916 1114 1972 borealis.
1129 1915 1249 1970 barbaro
1266 1913 1339 1983 stylo
1348 1912 1553 1969 deformantem
1569 1912 1682 1967 brevem
1695 1912 1808 1981 episto-

983 2006 1037 2060 lam
1052 2005 1183 2076 Gregorii
1200 2004 1290 2073 tertii,
1305 2018 1320 2059 a
1337 2003 1420 2059 nobis
1440 2002 1579 2072 prolatam
1594 2003 1623 2056 in
1641 2000 1808 2071 pratalione

981 2094 1050 2149 tomi
1072 2094 1158 2161 primi
1183 2106 1299 2148 numero
1321 2089 1364 2146 38.
1386 2091 1577 2147 Vetustiorem
1596 2091 1688 2159 igitur
1704 2090 1807 2145 seriem

980 2196 1013 2238 ac
1028 2182 1171 2252 superiori
1196 2181 1258 2236 loco
1279 2181 1398 2250 positam
1422 2180 1450 2234 in
1471 2177 1592 2233 basilica
1611 2178 1637 2231 S.
1664 2177 1746 2231 Pauli
1761 2176 1808 2232 ria

980 2272 1106 2328 Ostiensi
1128 2286 1193 2327 cnm
1215 2271 1403 2340 appellavero,
1426 2267 1585 2338 intelligam
1610 2266 1737 2322 indicare
1757 2279 1809 2339 ge-

981 2360 1099 2415 nuinam
1116 2360 1206 2428 illam,
1224 2373 1315 2429 neque
1332 2359 1470 2413 hactenus
1485 2354 1683 2423 deformatam,
1700 2368 1763 2424 qna
1778 2355 1807 2410 in

981 2450 1090 2518 pariete
1104 2448 1225 2503 australi
1241 2463 1257 2502 a
1273 2448 1303 2500 B.
1320 2449 1402 2502 Petro
1421 2451 1552 2502 numerat
1571 2443 1721 2514 pontifices
1734 2444 1808 2500 duos

979 2544 1008 2593 et
1022 2539 1212 2609 quadraginta
1227 2550 1317 2606 nsque
1331 2537 1364 2590 ad
1378 2537 1406 2590 S.
1425 2536 1619 2591 innocentium
1633 2535 1696 2603 ejus
1710 2532 1809 2589 nomi-

980 2626 1027 2681 nis
1038 2627 1173 2696 primum.
1185 2624 1367 2694 Adiectitiam
1381 2637 1445 2678 vero
1457 2628 1575 2693 partem,
1585 2622 1714 2692 sequiori
1725 2627 1809 2677 atate

981 2716 1113 2785 positam,
1127 2728 1159 2768 ac
1173 2713 1322 2769 manifesto
1333 2714 1473 2788 vitiatam,
1489 2711 1654 2781 perturbato
1666 2712 1769 2767 ordine
1780 2717 1809 2767 et

981 2803 1123 2872 peruersis
1152 2802 1229 2857 notis
1258 2801 1472 2872 chronologicis
1499 2801 1527 2855 in
1557 2801 1675 2856 adverso
1701 2800 1809 2868 pariete

980 2890 1088 2946 boreali
1120 2892 1223 2958 qricuam
1251 2896 1386 2960 tanquam
1415 2889 1594 2958 rhapsodiam
1619 2888 1807 2958 inconditam,

979 2981 1063 3047 cujus
1076 2992 1168 3048 neque
1180 2985 1289 3049 auctor,
1303 2991 1393 3048 neque
1405 2977 1559 3046 exemplar,
1574 2979 1631 3032 imo
1647 2989 1697 3031 nec
1710 2989 1809 3031 exem-

131 3065 158 3122 5.
180 3066 284 3120 Eadem
305 3065 459 3121 diversitas
482 3065 577 3119 atatis
599 3063 675 3119 cla:c
698 3054 960 3133 deprehendIturC
981 3067 1057 3134 plum
1072 3067 1163 3121 ullum
1175 3066 1369 3137 cognoscitur,
1382 3065 1470 3120 nihili
1482 3064 1697 3129 habendam,ex
1710 3062 1811 3133 regula

95 3157 182 3211 etiam
198 3168 274 3210 nunc
288 3153 455 3223 spectabilis
470 3154 501 3208 in
516 3153 627 3221 duplici
643 3153 716 3208 serie
732 3153 922 3207 Romanorum

96 3244 262 3300 antistitum
280 3243 309 3297 in
330 3241 451 3297 basilica
466 3241 493 3296 S.
511 3241 603 3296 Pauli.
625 3242 683 3296 lloc
700 3254 788 3295 unum
806 3241 925 3296 interest

98 3333 171 3403 quod
185 3333 216 3386 in
227 3331 348 3386 basilica
360 3331 478 3386 Paulina
490 3331 579 3385 series
593 3344 680 3399 snpra
691 3329 854 3385 coronidem
868 3330 925 3385 sita

97 3427 251 3489 exacteque
264 3417 389 3473 referens
401 3419 531 3474 ordinem
543 3425 571 3473 et
583 3418 797 3488 chronologiam
814 3430 927 3473 eorum·

99 3509 159 3563 dem
178 3506 358 3577 pontiacum,
376 3507 405 3561 in
427 3507 534 3575 pariete
556 3506 670 3576 quidem
693 3505 825 3570 australi,
846 3512 874 3559 et
894 3506 925 3561 in

100 3596 237 3665 stylobate
247 3595 397 3664 supposito
411 3595 533 3664 picturis
544 3595 655 3651 Veteris
663 3595 834 3649 Testamenti
849 3593 925 3649 rele-

100 3684 184 3739 renda
197 3684 314 3739 ridetur
325 3683 359 3738 ad
372 3682 507 3753 quintum
520 3681 628 3738 Christi
644 3681 791 3750 seculum,
807 3687 838 3736 nl
850 3679 925 3736 inira

99 3772 246 3828 ostendam
263 3789 271 3842 3
286 3772 321 3827 ad
337 3771 411 3842 quod
427 3772 564 3827 saculum
584 3770 672 3826 dubio
688 3771 785 3840 procul
804 3771 927 3839 pertinet

100 3861 242 3917 musivum
262 3873 347 3916 arcus
367 3860 563 3931 triumphalis,
585 3861 677 3914 eidem
700 3860 802 3928 parieti
825 3859 927 3928 proxi-

101 3963 186 4017 mum,
204 3949 236 4004 in
250 3949 348 4004 eadem
365 3950 429 4003 navi
453 3950 583 4004 mediana
604 3952 764 4002 memorata
786 3947 924 4017 basilica,

102 4038 128 4091 in
141 4051 199 4108 quo
211 4038 307 4093 adbuc
320 4037 455 4109 leguntur
469 4039 585 4094 nomina
598 4036 700 4092 Leonis
715 4036 808 4106 llagni
819 4042 847 4090 et
859 4034 927 4089 Pla-

101 4127 181 4182 cidia
191 4126 338 4196 Augusta,
349 4141 422 4196 opus
435 4128 461 4183 id
475 4126 570 4196 perlici
581 4125 744 4196 jubentium
756 4143 763 4196 3
777 4125 806 4180 in
819 4124 927 4194 pariete

101 4221 193 4272 autem
214 4216 343 4284 adverso,
368 4216 402 4270 ad
429 4216 539 4285 plagam
561 4215 674 4269 scilicet
696 4213 835 4271 borealem
857 4213 925 4282 sito,

102 4306 189 4360 series
205 4304 374 4375 pontificum
396 4304 561 4373 perturbate
582 4304 723 4370 disposita
739 4317 789 4373 per
804 4303 927 4372 imperi-

980 3156 1103 3211 secunda
1119 3155 1223 3223 capitis
1238 3154 1407 3223 superioris.

1015 3243 1040 3298 6.
1058 3243 1161 3298 subter
1175 3256 1235 3296 cam
1251 3243 1353 3296 seriem
1368 3242 1564 3310 vetustiorem,
1586 3240 1689 3295 saculo
1705 3240 1808 3309 quinto

982 3332 1083 3401 parieti
1100 3330 1220 3385 australi
1236 3330 1471 3398 commendatam,
1489 3329 1546 3383 alia
1562 3329 1650 3382 series
1666 3327 1808 3382 recentior

979 3420 1089 3489 adjecta
1108 3417 1166 3473 luit
1182 3432 1198 3472 a
1212 3418 1330 3472 Nicolao
1349 3418 1411 3485 ejus
1430 3415 1557 3470 nominis
1573 3414 1657 3469 tertio
1673 3413 1760 3467 etiam
1777 3414 1807 3468 in
1835 3438 1844 3447 ·

980 3508 1103 3563 basilica
1116 3508 1143 3562 S.
1160 3507 1240 3561 Pauli
1256 3524 1263 3575 3
1277 3518 1365 3574 eaque
1379 3518 1395 3557 a
1409 3504 1435 3557 S.
1454 3503 1536 3556 Petro
1550 3501 1585 3555 ad
1601 3507 1808 3570 consequentes

981 3596 1130 3665 pontifices
1144 3594 1245 3648 ordine
1259 3604 1385 3661 congruo
1405 3589 1569 3656 deducitur,
1586 3588 1706 3658 adjectis
1720 3589 1806 3644 etiam

982 3683 1059 3738 notis
1071 3680 1283 3749 chronologicis
1299 3692 1348 3747 per
1358 3678 1470 3732 litteras
1482 3678 1600 3744 afflictus
1613 3682 1645 3732 ut
1656 3682 1767 3745 vocant,
1779 3685 1807 3732 et

982 3771 1131 3827 barbarico
1147 3770 1236 3824 ductu
1254 3767 1350 3837 (prout
1369 3779 1402 3822 ea
1422 3765 1549 3821 serebant
1569 3765 1703 3837 tempora)
1725 3764 1807 3823 dulor

982 3874 1048 3914 mes.
1065 3860 1169 3913 Verum
1184 3864 1213 3911 et
1229 3858 1346 3926 pictura
1359 3861 1387 3910 et
1404 3855 1508 3910 littera
1528 3855 1670 3925 pleraque
1690 3854 1809 3910 decide-

982 3955 1058 4015 runt,
1072 3961 1137 4002 cum
1153 3945 1215 4001 calx
1229 3958 1327 4000 recens
1342 3943 1547 4013 superinducta
1557 3943 1679 3999 uetustis
1693 3941 1808 4012 parieti·

982 4037 1037 4106 nis,
1062 4041 1090 4089 et
1113 4048 1200 4105 gypso
1223 4032 1351 4097 subacta,
1378 4045 1434 4087 non
1460 4032 1532 4086 satis
1557 4037 1622 4100 apte
1644 4030 1805 4086 cohaeserit.

980 4124 1065 4180 Nulla
1079 4130 1171 4178 umen
1184 4123 1297 4190 jactura
1314 4119 1370 4175 luit
1390 4119 1531 4189 historia,
1545 4125 1596 4174 aut
1613 4118 1808 4188 chronologia

982 4213 1011 4266 in
1025 4219 1207 4267 monumento
1222 4210 1291 4265 adeo
1303 4208 1420 4271 recenti,
1437 4207 1487 4263 ubi
1503 4207 1656 4277 antiquum
1673 4206 1757 4274 illud,
1773 4205 1808 4260 ad

983 4300 1117 4355 saeculum
1142 4300 1241 4354 Leonis
1262 4299 1355 4370 Magni
1377 4297 1567 4367 relerendum,
1589 4295 1740 4366 potissima
1761 4292 1809 4350 sui

103 4399 158 4449 tum
172 4393 301 4464 aliquem
316 4399 475 4449 curatorem
491 4393 597 4462 operis,
613 4392 664 4462 qui
679 4392 807 4462 sequiori
821 4391 926 4447 saeculo
941 4402 968 4462 ι)
984 4395 1062 4458 parte
1078 4390 1220 4459 integrum
1241 4393 1362 4443 constat.

104 4482 219 4552 implere
232 4482 325 4538 voluit
340 4492 471 4537 vacantes
486 4495 565 4538 areas
578 4482 764 4551 orbiculares,
782 4487 833 4536 aut
846 4480 927 4535 labe-

104 4557 202 4626 factata
214 4572 360 4643 pigmenta
371 4572 490 4640 parietis
503 4571 613 4626 adversi
627 4570 798 4638 assimilare,
815 4569 926 4624 infelici

105 4658 181 4726 plane
193 4666 301 4715 conatu
316 4660 412 4715 omnia
422 4660 643 4726 commiscendo,
656 4659 729 4712 citra
744 4657 831 4711 ullam
843 4658 927 4714 ordi-

105 4747 146 4801 nis
159 4753 212 4804 aut
226 4748 421 4820 chronologia
441 4748 678 4813 observationem,
703 4745 849 4814 proximos
865 4745 926 4801 loco

106 4835 924 4907 exhibetpontidcespluribussaculisinvicemseiunctos,

107 4923 254 4996 pluresque
267 4927 372 4996 repetit
381 4941 530 4997 expressos
542 4941 595 4982 suo
606 4926 667 4981 loco
690 4925 719 4979 in
736 4923 833 4979 eadem
853 4925 928 4979 serie

107 5015 205 5070 sacmo
229 5015 333 5084 quinto
359 5016 474 5085 depicta
501 5016 531 5070 in
561 5016 669 5085 pariete
695 5012 827 5069 australi.
857 5015 926 5067 Nam

107 5101 226 5159 Adriano
238 5104 303 5173 ejus
318 5103 445 5159 nominis
461 5104 564 5174 primo,
582 5103 629 5158 cui
645 5108 762 5158 octavus
776 5099 927 5156 orbiculus

1019 4477 1166 4547 implicem
1184 4477 1274 4546 igitur
1289 4476 1391 4530 seriem
1407 4475 1534 4530 Paulina
1549 4473 1688 4543 basilica,
1709 4484 1810 4541 nempe

983 4567 1153 4622 Leonianam
1176 4565 1255 4620 illam
1280 4564 1503 4619 vetustissimam
1526 4577 1613 4632 supra
1632 4562 1807 4630 coronidem,

982 4662 1010 4710 et
1026 4656 1241 4711 recentiorema
1257 4653 1373 4709 Nicolao
1389 4652 1475 4708 tertio
1489 4651 1650 4720 appositam
1668 4649 1743 4705 inira
1756 4663 1810 4704 co-

983 4744 1110 4798 ronidem
1127 4743 1155 4796 in
1171 4741 1325 4811 epistyliis,
1349 4740 1538 4795 imitabantur
1551 4738 1616 4792 dua
1631 4737 1689 4792 illa
1704 4741 1810 4806 specta·

982 4833 1055 4887 biles
1071 4832 1100 4884 in
1115 4830 1261 4898 Vaticana,
1278 4843 1400 4898 quarum
1417 4827 1550 4896 superior
1569 4826 1703 4882 Formosa
1719 4837 1807 4901 papa,

983 4920 1104 4976 inferior
1118 4919 1210 4973 eidem
1224 4920 1340 4975 Nicolao
1357 4919 1442 4974 tertio
1455 4916 1597 4972 tribuitur
1611 4915 1697 4970 etiam
1714 4915 1743 4968 in
1761 4919 1809 4968 ta-

981 5009 1059 5065 bulis
1076 5005 1201 5077 publicis
1222 5006 1364 5061 Grimaldi
1384 5005 1500 5073 notarii,
1518 5002 1588 5059 lolio
1604 4999 1651 5057 lot
1678 5003 1718 5058 ita
1741 5013 1808 5072 per-

983 5097 1112 5166 scriptis.
