3892 6136
67 241 120 301 ⁴85

416 245 626 326 'semiusta
647 242 799 302 nisinun.
819 244 865 300 DE
884 246 997 315 huno.
1018 247 1101 303 nont.
1125 246 1224 304 roni.
1245 244 1415 304 canutus.

1720 242 1772 304 iso

64 370 112 425 Sic
126 368 313 427 colbertinus
339 371 368 426 in
390 373 473 428 Petro
494 373 565 444 legit
587 375 775 437 Ter-titurium,
799 377 824 426 et
845 373 892 425 uia
905 373 935 432 A
950 374 1045 441 templo
1059 374 1196 443 Apollinis
1203 374 1289 442 juata
1302 375 1388 428 iocum
1400 375 1449 428 ubi
1462 376 1609 443 4444444444
1621 377 1670 436 est,
1685 371 1771 439 juata

64 458 193 524 Aurelia,
208 457 259 513 ubi
284 458 654 517 Alexandrino-Vaticanus
668 460 751 515 hahet
765 463 894 513 Tenetu-

63 548 146 607 rium,
160 550 186 600 et
200 547 246 599 uia
259 548 384 616 4444444,
402 549 432 602 44
451 549 623 618 Telesphoro
638 549 821 604 colbertinus
838 565 844 600 ι
860 549 895 600 iit

63 636 178 688 cessauit
185 636 360 705 episcopatus
376 637 433 689 dies
445 651 494 705 ru,
508 637 557 692 ubi
572 635 894 692 Alexandrino-Vatica-

63 736 118 777 nus
131 721 228 790 habet,
242 723 302 776 4444
316 736 355 777 vr.
371 725 401 777 ln
417 724 506 793 igino
524 725 727 781 colbertinus:
745 726 894 793 Episcopus

61 825 110 878 prr
121 811 234 864 diuersa
251 811 310 864 ioca
325 824 365 866 4ιι
388 811 766 881 Alexandrino-vaticanus,
784 829 835 882 prr
847 806 895 864 44-

61 913 138 952 c-erso
150 899 211 952 ioca
219 913 260 953 44.
269 898 360 954 Vatia.
370 901 896 970 inhnicetoCorbertinus,perdicerso

61 987 116 1039 ioco
138 1000 180 1041 ιι.
208 987 299 1042 tatic.
322 1005 374 1057 per
395 989 578 1042 diversatum
600 1004 664 1044 4444.
679 993 746 1045 item
762 988 893 1059 primus²

60 1077 174 1128 44444444
195 1077 370 1144 episcopatus
390 1077 447 1130 dies
463 1090 515 1141 vu,
532 1078 677 1133 secundus
696 1079 753 1131 oties
773 1090 810 1131 vt.
826 1076 895 1131 Col-

60 1161 194 1217 bertiuus
216 1162 247 1217 in
270 1163 429 1232 zephyrino
446 1184 452 1218 z
470 1167 620 1234 Episcopus
644 1168 765 1232 interest,
787 1169 894 1218 torrium

59 1250 172 1304 clericus
186 1253 342 1320 mutire-rit,
356 1252 745 1309 Alexandrino-Vaticanus:
761 1254 892 1321 Episcopo

59 1339 181 1399 44444444,
198 1342 308 1392 torrium
324 1339 417 1394 Cieros
434 1342 589 1395 sustineret.
609 1341 701 1411 hique
715 1341 757 1395 ine
771 1340 893 1408 aliaeque

60 1425 208 1481 variantes
230 1426 370 1482 lectiones
396 1427 480 1483 444444
509 1429 684 1484 4444444444
710 1428 893 1498 antiquiores

60 1513 172 1569 codices
188 1515 347 1584 exstitisse,
363 1530 398 1570 ex
416 1516 522 1586 quibus
542 1517 695 1587 catologus
710 1515 892 1571 colbertinus

948 462 1084 528 palatium
1107 464 1294 518 Neronianum
1317 465 1347 517 in
1383 464 1515 527 Vaticano
1540 465 1610 515 inter
1633 462 1771 514 Zeturium

949 551 1113 618 triumphale
1127 565 1158 606 111
1181 553 1247 605 lini.
1272 554 1379 606 iunias.
1401 551 1469 621 Quae
1483 550 1602 605 aliunde
1620 549 1771 617 desumpta

949 644 1026 708 sunt,
1037 646 1064 693 et
1075 653 1198 694 errorem
1211 640 1360 694 continent
1370 640 1448 694 circa
1463 639 1582 693 Kalend.
1598 635 1690 703 iunii,
1702 648 1767 690 cum

950 724 1100 795 legendum
1116 728 1155 782 sit
1166 741 1198 782 tu
1216 729 1278 781 liat.
1292 729 1391 782 Juiios.
1408 728 1482 782 Idem
1494 724 1632 795 probatur
1644 720 1769 777 exactis

951 830 1014 884 quae
1028 817 1107 884 prior
1121 818 1274 888 catalogus
1299 818 1327 872 in
1348 819 1398 872 Pio
1414 815 1501 872 refert
1517 816 1565 871 his
1580 813 1675 870 verbis
1693 831 1698 866 :
1714 811 1770 866 Sub

950 904 1033 971 hrrjus
1062 909 1218 975 episcopatu
1240 908 1330 973 freter
1348 908 1406 975 ejas
1419 908 1530 960 licernes
1548 904 1648 957 tibrum
1661 901 1771 970 scripsit

950 993 980 1045 iu
991 1010 1044 1061 quo
1055 995 1215 1048 4444444444
1235 996 1387 1048 continetur
1406 993 1479 1062 quoii
1495 994 1520 1046 ei
1534 991 1664 1061 prmccpr't
1681 1001 1771 1055 unqe-

951 1081 1003 1144 lus,
1018 1086 1163 1138 4444444444
1175 1084 1213 1136 ati
1231 1100 1291 1137 eum
1303 1085 1332 1136 in
1346 1083 1442 1137 habitu
1451 1082 1582 1152 praetoris.
1596 1077 1664 1146 Quae
1684 1076 1770 1132 rerba

948 1173 1066 1226 omnino
1080 1171 1265 1241 transcripsit
1275 1176 1376 1226 auctor
1385 1169 1504 1226 secandi
1517 1167 1656 1237 Coniugi,
1669 1165 1770 1234 adjun-

948 1270 1016 1326 gens
1032 1264 1123 1314 tamen
1141 1278 1147 1313 :
1164 1266 1188 1314 ct
1208 1262 1337 1330 pracepit
1356 1261 1381 1313 ei
1395 1264 1430 1323 Ι44
1452 1262 1577 1311 sanctum
1594 1255 1701 1309 Pascha
1725 1252 1769 1306 die

947 1346 1088 1401 4444444444-
1101 1348 1291 1402 celebraretur.
1305 1347 1373 1416 Quae
1383 1347 1501 1403 aliunde
1517 1356 1630 1415 quoque
1648 1342 1769 1397 desum-

948 1434 1015 1502 psit.
1029 1435 1222 1490 confirmatur
1233 1436 1319 1490 etiam
1337 1448 1371 1489 cx
1392 1435 1431 1490 iis
1445 1449 1508 1504 quae
1525 1425 1769 1503 prior'cataiogus

946 1521 1062 1578 exhibet
1082 1523 1111 1578 in
1125 1524 1263 1579 Pontiano
1279 1543 1285 1579 :
1299 1526 1338 1577 lio
1349 1529 1466 1593 tempore
1482 1523 1635 1576 Pontianus
1662 1519 1770 1587 episeo-

60 1607 83 1658 44
97 1601 474 1660 Alexandrino-Vaticanus
489 1605 626 1674 descripti
642 1604 770 1674 iueruni,
783 1617 894 1659 anines-
943 1625 1009 1678 pus,
1023 1616 1048 1663 44
1059 1612 1226 1680 liuppoldus
1239 1613 1392 1680 presbyter,
1416 1612 1524 1664 casales
1546 1613 1610 1663 surii
1634 1604 1769 1676 deportati

62 1702 113 1758 que
128 1689 183 1746 hos
199 1691 337 1747 habuisse
357 1693 486 1764 orglnem
505 1707 539 1747 ex
553 1694 731 1764 autographo
746 1693 821 1762 quod
836 1692 890 1747 sub
904 1693 930 1753 Β
945 1699 975 1749 in
995 1700 1113 1751 insutum
1138 1702 1260 1753 noctuam
1285 1699 1454 1760 Sardiniam,
1469 1697 1565 1751 Seuero
1589 1701 1615 1749 et
1639 1694 1768 1759 Quintino

61 1779 227 1834 iustiniano
247 1781 427 1850 imperatore,
446 1789 508 1850 post
528 1788 644 1837 mortem
666 1783 769 1837 4444444
782 1781 889 1851 quarti,

63 1868 262 1936 conscriptum
277 1867 335 1923 luit
349 1870 423 1939 quod
443 1870 518 1924 enim
537 1871 567 1925 iu
591 1877 712 1940 utroque
727 1869 892 1924 manuscri-

66 1959 110 2022 pto
124 1955 234 2011 Codice
248 1955 413 2012 Coibertino
428 1965 455 2013 et
465 1958 814 2013 Alexandrino-Vaticano
828 1964 890 2025 post

65 2042 182 2098 Felicem
198 2043 395 2115 adiungantur
407 2046 557 2101 duodecim
577 2047 743 2115 pontificum
757 2048 882 2115 nomina,

65 2145 125 2187 cum
135 2132 236 2198 annis,
253 2133 398 2188 mensibus
410 2139 437 2188 et
449 2134 552 2189 diebus
562 2131 673 2216 :quibus
688 2135 832 2201 sederunt,
850 2134 886 2189 ab

65 2219 161 2290 aliquo
181 2221 319 2289 imperito
333 2221 453 2276 librario
467 2223 635 2288 adjunctum
652 2221 742 2276 luisse
757 2223 889 2277 ostendi-

945 1787 1111 1840 consuir'hus.
1125 1789 1158 1841 ln
1172 1789 1266 1841 ructent
1288 1788 1381 1841 insula
1403 1788 1551 1840 discinctus
1565 1788 1604 1838 est
1616 1797 1644 1838 ιιι
1661 1781 1769 1836 Kalen-

946 1875 996 1927 das
1011 1874 1142 1941 Octobris,
1171 1881 1196 1929 et
1218 1876 1273 1929 ioco
1288 1876 1347 1944 rjus
1369 1875 1514 1928 ordinatus
1535 1878 1574 1927 est
1598 1871 1716 1925 Anteros
1737 1879 1766 1921 ιιι

945 1963 1401 2018 44444444444444444444444444444444
1409 1963 1613 2031 suprascriptis.
1627 1959 1768 2027 04444444-

945 2055 990 2106 444
1004 2053 1122 2107 4444444
1136 2052 1262 2123 Cataiogi
1279 2052 1382 2121 partim
1397 2050 1563 2118 descripsit,
1580 2046 1683 2116 partim
1698 2043 1767 2099 aliis

945 2131 1769 2209 verbisretulit,partimomisit.Siceuimhabetinl’ontia·

945 2242 979 2283 no
992 2246 998 2282 :
1011 2229 1112 2281 Eodem
1121 2235 1238 2298 tompore
1246 2231 1396 2282 Pontianus
1414 2228 1554 2295 opiscopus
1567 2228 1592 2276 et
1601 2220 1767 2290 llippoiptus

66 2321 134 2373 nus,
150 2309 242 2378 idque
259 2309 436 2379 temporibus
444 2310 552 2381 Pelagii
563 2309 681 2365 secundi
693 2307 799 2364 laetum
811 2316 891 2379 puta·
940 2318 1083 2385 presbyter
1095 2318 1192 2370 cnsilio
1202 2323 1267 2371 sunt
1280 2311 1621 2386 deportatiobiiteccnaro
1633 2312 1663 2363 in
1672 2307 1769 2363 Sordi-

66 2409 135 2466 nus,
147 2395 259 2466 quibus
275 2396 414 2452 librarius
425 2397 474 2452 iiie
488 2397 651 2468 catalogum
668 2410 701 2451 44
712 2398 889 2468 autographo

65 2484 231 2539 describens
248 2485 396 2555 pontifices
414 2489 477 2554 post
494 2485 613 2540 Felicem
625 2485 745 2554 4444444,
766 2491 794 2539 44
808 2500 891 2542 4444-

66 2586 141 2628 amm
157 2572 241 2627 iilam
259 2573 438 2642 temporibus
451 2580 545 2629 notam
559 2574 593 2628 de
608 2569 661 2626 444
680 2573 765 2627 44444
779 2588 795 2628 4
808 2575 890 2630 Pctro

66 2663 201 2732 usquead
217 2663 365 2730 Pelagium
380 2663 548 2732 secundum,
566 2662 615 2731 qui
629 2674 704 2717 anno
714 2657 766 2717 577
780 2664 890 2730 pontiti·

65 2757 156 2806 catum
170 2751 293 2820 adeptus
307 2759 360 2820 cst,
383 2751 524 2819 adjunxit.
542 2751 635 2819 hique
658 2749 730 2803 satis
752 2749 889 2807 hactenus

65 2839 97 2893 de
109 2839 323 2907 manuscriptis
339 2838 489 2895 codicibus
503 2838 656 2909 exquibus
676 2839 828 2911 Catologus
842 2855 890 2909 pu·

65 2926 203 2982 blicatur.
234 2928 316 2983 Nunc
343 2927 404 2982 iliis
434 2942 496 2997 quae
528 2927 662 2999 catalogo
691 2928 889 2998 continentur,

66 3015 166 3084 paueis
184 3015 325 3085 agendum
338 3021 390 3070 est.

97 3103 124 3158 8.
144 3102 236 3158 ilabet
252 3102 298 3158 hio
322 3104 473 3176 catalogus
486 3105 619 3161 consules
641 3104 748 3175 quibus
779 3105 889 3176 singuli

67 3191 217 3261 pontifices
237 3192 326 3247 creati
349 3197 418 3248 sunt
431 3200 459 3248 et
480 3194 674 3263 decesserunt,
694 3194 890 3263 incipiendoa

66 3282 146 3337 Petro
166 3280 364 3350 apostolorum
383 3281 514 3350 principe
532 3288 560 3337 et
574 3283 666 3351 primo
679 3282 804 3339 Romano
817 3297 890 3351 poh-

67 3370 141 3424 44444
156 3371 295 3439 usquead
308 3369 464 3441 Liberium,
475 3385 540 3426 eum
553 3371 680 3441 quotinit
694 3372 773 3441 prior
782 3372 890 3427 Catulo·

70 3458 893 3529 gustiexquoauctorseoundicatalogieousqueconsu-

71 3544 123 3600 lum
139 3548 258 3601 nomina
274 3546 430 3615 descripsit
447 3545 583 3602 uttribus
603 3548 785 3616 potissimum
799 3548 893 3602 ratio·

71 3634 153 3690 nibus
173 3635 387 3704 comprobatur,
411 3648 534 3705 quarum
559 3636 650 3705 prima
678 3650 712 3691 ex
739 3636 890 3691 consulum

71 3722 247 3792 nominibus,
260 3723 426 3791 quaeadem
440 3722 548 3793 ubique
558 3723 752 3792 reperiuntur,
767 3724 891 3779 desumi·

71 3816 123 3864 tur·
140 3809 273 3866 Secunda
288 3823 322 3864 ex
342 3810 501 3877 erroribus,
522 3811 573 3881 qui
602 3811 631 3865 in
651 3818 773 3882 utroque
795 3813 887 3882 quoad

69 3898 219 3954 consulum
233 3899 348 3953 nomina
361 3899 447 3954 iidem
463 3898 550 3955 ierme
564 3905 737 3969 comparent.
755 3901 843 3956 Tertii
855 3915 889 3956 ex

69 3987 182 4059 eoquod
192 3992 294 4042 auctor
305 3996 367 4056 post
380 3987 526 4043 Liberium
540 3988 777 4044 nulioscousuies
791 3990 889 4059 posuit

70 4074 888 4146 iusequentibuspoutiiicibus,eoquoddeilcientepriori

68 4164 201 4234 catalogo
226 4177 283 4219 uon
312 4163 441 4235 habebat,
466 4165 541 4221 unde
560 4165 722 4221 desumeret
738 4168 889 4223 consulum

69 4253 214 4308 notitiam.
238 4253 382 4309 Deficiunt
405 4253 501 4324 itaque
524 4255 553 4309 44
584 4254 637 4310 hoc
658 4254 784 4310 4444444
805 4256 891 4311 Cata-

944 2406 1019 2457 uiarn
1038 2406 1159 2458 insuirrnr
1173 2405 1314 2466 Rueiriorn,
1327 2403 1424 2457 Seuero
1436 2406 1460 2456 44
1473 2401 1622 2466 Quintiano
1636 2396 1721 2451 Coss:
1737 2396 1768 2448 in

945 2492 1037 2545 eadem
1055 2493 1148 2545 insuia
1166 2494 1297 2559 afflictus,
1310 2490 1432 2558 fustibus
1442 2493 1605 2548 4444444444,
1620 2485 1766 2552 defanata

945 2585 984 2633 cst
1012 2593 1043 2635 ιιι
1059 2580 1314 2637 4444444444444.
1334 2579 1388 2634 Ubi
1406 2578 1473 2633 iicet
1494 2576 1629 2646 pleraque
1653 2574 1712 2627 siut
1732 2583 1766 2625 ex

945 2669 1036 2737 priori
1052 2669 1186 2737 catalogo
1200 2668 1354 2737 descripta,
1371 2667 1507 2735 adjuncta
1526 2672 1618 2718 tamen
1630 2666 1698 2716 sunt
1711 2670 1767 2713 no-

947 2756 1171 2812 meuhlexaudri
1184 2756 1377 2826 imperatoris,
1385 2761 1413 2810 44
1422 2754 1585 2821 modusquo
1596 2747 1765 2818 martyrium

946 2845 1040 2900 subiit
1056 2864 1063 2912 ς
1079 2851 1219 2899 mutatum
1234 2857 1348 2914 quoque
1362 2849 1405 2898 est
1420 2854 1521 2898 nornen
1538 2839 1605 2906 ioci,
1619 2843 1646 2892 et
1660 2835 1723 2892 dies
1736 2847 1765 2889 ιι

947 2931 1009 2986 4444.
1021 2931 1183 2987 Decembris
1196 2933 1226 2985 in
1237 2932 1313 2986 diem
1330 2945 1361 2985 ιιι
1378 2928 1440 2984 Kal.
1451 2925 1619 2983 Novembris
1633 2935 1769 2979 4444444ό

907 3031 932 3096 (2
946 3027 1033 3076 44444.
1047 3018 1158 3087 Quibus
1169 3018 1279 3075 4444444
1292 3017 1367 3088 quod
1381 3023 1482 3072 auctor
1496 3002 1615 3070 secundi
1637 3009 1766 3080 catalogi

946 3107 1000 3164 sub
1021 3107 1161 3162 Pontiano
1187 3107 1296 3163 nullam
1319 3105 1491 3161 mentionem
1519 3102 1606 3157 iaciat
1624 3098 1765 3166 lutheri,

947 3196 1021 3252 uude
1046 3195 1130 3250 lacile
1159 3200 1276 3264 apparet
1306 3200 1451 3249 auctorem
1480 3189 1599 3246 secundi
1637 3185 1765 3257 catalogi

945 3283 1014 3338 heta
1030 3283 1145 3353 quidem
1165 3282 1304 3337 nonnulla
1327 3295 1360 3336 44
1380 3279 1540 3350 antiquiori
1561 3276 1695 3345 Cataiogo
1710 3273 1764 3328 44-

947 3372 1108 3442 scripsisse,
1124 3384 1179 3426 uon
1196 3377 1363 3426 tamencum
1381 3370 1408 3423 in
1423 3366 1557 3424 omnibus
1575 3363 1667 3418 luisse
1676 3374 1764 3415 secu-

947 3465 1018 3528 tum,
1033 3461 1080 3515 sed
1095 3460 1212 3514 aliunde
1228 3472 1342 3528 quoque
1356 3471 1387 3512 ea
1397 3453 1604 3522 desumpsisse.

984 3547 1026 3603 ta.
1052 3547 1220 3602 Canii-mari
1252 3547 1310 3600 haec
1327 3549 1447 3613 possunt
1468 3554 1502 3595 ex
1527 3539 1566 3594 444
1582 3552 1644 3608 quae
1663 3540 1764 3591 auctor

947 3636 1054 3705 prioris
1067 3634 1194 3704 catalogi
1209 3632 1292 3689 habet
1307 3633 1336 3687 in
1352 3629 1488 3700 Fabiano,
1511 3625 1645 3682 Cornelio
1662 3629 1691 3680 et
1703 3625 1765 3678 Lu-

945 3725 990 3780 cio
1011 3724 1132 3778 summis
1158 3720 1363 3791 pontificibus:
1380 3731 1442 3773 nau
1470 3730 1534 3787 quae
1558 3712 1645 3771 444444
1662 3714 1692 3768 in
1709 3713 1765 3766 Fa·
1817 3717 1822 3721 '

945 3813 1040 3882 biano,
1055 3810 1160 3880 partim
1187 3808 1352 3877 descripsit,
1371 3806 1475 3877 partim
1491 3804 1592 3861 omisit
1605 3806 1705 3858 auctor
1718 3813 1768 3855 se-

944 3901 1031 3956 cundi
1053 3897 1191 3968 Cataiogi.
1216 3894 1284 3964 Qum
1314 3897 1395 3966 prior
1415 3894 1570 3964 catalogus
1589 3889 1706 3946 exhibet
1736 3888 1764 3943 iu

943 3989 1087 4058 Cornelio,
1108 3985 1252 4043 secundus
1270 3985 1423 4055 Cattalogus
1444 3982 1527 4052 plane
1548 3979 1659 4049 omisit,
1681 3982 1710 4032 et
1732 3989 1767 4032 ne

944 4078 1064 4133 verbum
1077 4077 1192 4145 quidem
1208 4089 1242 4129 ex
1257 4075 1295 4129 iis
1309 4074 1418 4129 retulit.
1447 4071 1515 4142 Quae
1536 4073 1639 4123 auctor
1654 4065 1765 4137 prioris

944 4166 1073 4235 catalogi
1085 4163 1171 4218 reiert
1187 4163 1329 4232 intacto,
1345 4168 1445 4217 auctior
1461 4160 1580 4216 secundi
1595 4156 1654 4214 4444
1669 4157 1767 4212 omnia

946 4254 1083 4310 verbatim
1099 4253 1264 4321 descripsit,
1286 4256 1319 4306 ut
1341 4248 1499 4306 4444444444
1521 4254 1676 4317 utrumque
1690 4245 1768 4301 hunc

69 4340 173 4414 ioqoa
208 4341 322 4397 Liberio
352 4344 497 4413 usquead
525 4350 652 4412 tempora
674 4344 792 4399 ioannis
825 4346 836 4400 1
863 4342 1110 4413 etDCataiogum
1123 4338 1272 4396 manifeste
1285 4339 1519 4409 patebiti'raeter
1532 4338 1768 4393 haecautemacta

67 4429 173 4486 Felicis
183 4429 293 4500 quarti,
306 4444 428 4500 quorum
441 4432 566 4487 duorum
587 4437 713 4500 tempora
727 4438 828 4488 auctor
841 4447 890 4502 por

67 4519 200 4591 singulos
210 4519 352 4590 designat,
367 4521 436 4590 quia
450 4520 504 4576 sub
524 4520 586 4575 iliis
601 4521 676 4576 vixit
691 4521 866 4593 scripsitque
880 4542 888 4594 3

68 4609 180 4667 undeet
192 4622 259 4663 cum
274 4608 312 4662 iis
325 4607 409 4662 linem
421 4608 555 4679 Catalogo
572 4609 704 4679 imponit.

99 4697 126 4752 9.
144 4698 201 4752 Nec
216 4696 437 4753 solacensulum
455 4699 580 4767 nomina,
598 4701 646 4754 444
663 4701 802 4756 44444444
819 4715 886 4771 quo·

65 4801 121 4857 que
139 4785 307 4855 pontificum
324 4786 391 4840 heta
410 4800 443 4840 ex
463 4787 555 4855 primo
573 4788 707 4858 Catariogo
721 4795 822 4845 auctor
841 4804 889 4845 se-

63 4875 153 4930 cundi
175 4874 303 4944 catalogi
329 4888 361 4929 eo
385 4876 467 4930 ruodo
492 4877 687 4946 desumpsisse
710 4877 833 4946 ridetur,
858 4885 888 4934 ut

64 4970 158 5018 tamen
178 4962 293 5017 licitum
307 4962 364 5018 sibi
380 4963 547 5035 crediderit,
561 4965 598 5020 iis
615 4966 786 5035 quandoque
798 4968 888 5037 neglc-

61 5052 128 5107 ctis.
145 5051 266 5107 aliunde
291 5057 354 5105 4444
375 5051 489 5108 4444444.
515 5054 562 5108 Sic
582 5055 713 5122 quamtis
739 5054 766 5108 in
796 5056 887 5122 primo

60 5140 197 5211 Catriogo
230 5138 370 5193 habentur
393 5141 428 5195 tie
453 5143 534 5196 Petro
554 5160 560 5195 :
583 5145 683 5196 Passus
711 5147 800 5196 444444
828 5160 888 5197 4444

61 5231 146 5283 Paulo
173 5228 219 5281 ate
248 5242 280 5282 ιιι
307 5229 447 5282 4444444444
474 5232 574 5292 latios,
599 5231 672 5296 Coss,
693 5233 888 5300 suprascriptis

60 5321 213 5386 imperante
232 5319 338 5373 Nerone
359 5336 367 5382 ;
391 5325 420 5372 et
443 5325 544 5373 auctor
569 5320 686 5374 secundi
702 5320 829 5389 Catadupi
854 5332 887 5374 ex

59 5406 152 5478 priori
174 5405 298 5461 huileai:
315 5407 509 5474 Htcrnariprio
525 5424 584 5461 outa
604 5410 689 5461 Peraia
706 5414 883 5462 coronatur...

61 5495 194 5567 adjungit
219 5503 315 5550 tamen
352 5497 400 5562 qui
414 5500 438 5549 rt
452 5497 574 5566 sepultus
596 5503 634 5551 cst
656 5499 703 5550 uio
726 5498 841 5551 Aurelia
856 5499 886 5551 in

946 4430 1192 4501 habetantiquior
1206 4429 1360 4500 Cataiogus
1376 4429 1406 4483 in
1422 4426 1610 4482 hiarceilino:
1628 4424 1768 4490 0444444-

942 4537 1009 4592 pore
1020 4522 1077 4589 suit
1097 4521 1260 4590 persecutio,
1285 4524 1310 4572 44
1322 4519 1438 4572 44444444
1452 4519 1621 4585 episcopatus
1633 4528 1699 4567 ann.
1714 4527 1766 4579 vn,

943 4602 1764 4680 menancticb.xiv.QuaesecuudusCataiogussioreiert:

943 4702 1000 4766 Quo
1022 4705 1137 4767 tempore
1166 4700 1221 4764 tait
1244 4697 1394 4765 persecutio
1422 4709 1522 4761 rnrtqna
1527 4731 1580 4746 .....
1607 4694 1633 4744 44
1653 4692 1767 4746 44444444

943 4792 1112 4859 episcopatus
1127 4799 1280 4846 corcosson,
1297 4797 1400 4837 menses
1416 4780 1656 4847 sanctimoniali
1679 4779 1766 4846 quiu-

943 4894 1004 4947 qar,
1026 4878 1202 4944 persequente
1217 4873 1386 4925 Diocletiano
1410 4870 1589 4924 Christianos.
1612 4863 1765 4933 inquibus
1861 4905 1862 4909 1

942 4965 1046 5029 verbis,
1066 4975 1129 5031 quae
1144 4959 1178 5013 44
1205 4959 1432 5028 persecutionem
1460 4962 1648 5024 spectantes
1673 4951 1763 5021 priori

941 5053 1074 5123 Catztiogo
1087 5049 1230 5117 descripta
1244 5052 1327 5106 suut,
1343 5058 1405 5114 quac
1418 5045 1452 5098 44
1466 5055 1555 5098 44444
1571 5040 1648 5097 44444
1658 5053 1765 5096 44444-

943 5143 982 5198 444
1011 5140 1162 5209 pertiuont,
1188 5143 1295 5192 mutata
1317 5140 1384 5189 sutri
1404 5149 1412 5200 ς
1432 5147 1494 5201 quae
1517 5131 1551 5186 44
1573 5128 1763 5200 persecutoris

944 5242 1045 5285 nomeu
1061 5227 1182 5291 iaciunt,
1199 5225 1317 5280 aliunde
1338 5223 1489 5289 desumpta
1510 5227 1578 5276 sunt
1597 5221 1763 5282 Sequuntur

942 5321 1054 5375 4444444
1069 5316 1208 5371 4444444444
1225 5321 1287 5369 4444
1301 5314 1331 5367 iu
1342 5311 1420 5366 iulio
1431 5304 1763 5381 primo,cu1‘usaediiieia

943 5420 1023 5463 44444
1043 5412 1143 5460 auctor
1160 5403 1266 5474 prioris
1284 5401 1411 5472 catalogi
1426 5405 1562 5460 recenset,
1578 5408 1701 5466 quorum
1727 5406 1762 5448 ne

941 5495 1059 5552 verbum
1075 5493 1189 5564 quidem
1214 5493 1242 5548 in
1267 5492 1392 5548 secundo
1415 5489 1558 5557 catalogo.
1583 5483 1662 5541 Unde
1690 5484 1763 5540 satis
