3892 6136
127 250 197 311 ⁴403

127 393 293 450 responsum
306 377 381 435 nibil
392 376 545 435 admodum
560 373 661 448 prebat
672 379 771 432 centra
781 375 948 445 y'usetcon-
959 369 989 431 A

126 452 306 509 suetudinem
322 448 497 520 appellandi,
520 454 548 503 et
568 447 721 504 accedendi
744 447 873 517 undique
886 452 948 500 ter-

127 536 221 580 rarum
234 525 269 579 ad
292 523 444 578 Romanam
467 519 560 576 sedem
576 520 609 575 ad
636 519 842 588 impetrandam
853 517 947 586 justi-

126 595 206 659 tiam,
222 601 272 650 aut
286 593 417 665 gratiam,
439 605 559 662 quarum
576 591 730 660 utriusque
751 589 946 659 dispensatrix

125 680 236 736 semper
250 664 307 721 fuit
322 664 381 720 ιιι
395 664 476 719 sedes
490 675 632 732 suprema.
647 663 705 718 lnro
715 661 800 732 (quod
814 667 857 717 est
870 660 943 716 alte-

125 751 189 794 rum
205 733 424 804 observandum)
437 732 488 789 illa
502 734 563 858 ipsa
580 734 728 804 responsio
747 733 884 803 supponit
896 733 946 801 ius

127 807 199 864 illud
215 806 378 878 appellandi
403 813 431 861 et
454 817 506 861 con
522 804 639 876 ugiendi
659 805 693 859 ad
718 805 849 860 Romana
868 803 946 859 sedis

126 879 253 934 tribunal
266 892 328 934 esse
342 875 476 934 omnibus
489 883 587 931 notum
600 889 632 931 ac
648 882 791 945 receptum
803 893 811 940 t
825 889 888 930 cum
904 874 944 930 ibi

124 952 277 1007 adnotetur
290 949 435 1005 distantia
447 946 628 1003 intervallum
642 961 697 1003 ιιι
711 947 860 1016 impedire,
870 959 947 1016 quo-

126 1022 221 1078 minus
241 1023 274 1078 ad
289 1022 415 1077 eamdem
431 1021 525 1075 sedem
546 1033 602 1075 ιιι
623 1025 809 1087 provocetur:
826 1018 946 1086 Stepho-

124 1109 189 1148 ιιι
217 1094 293 1161 tange
312 1095 440 1162 positam.
463 1091 587 1147 Tertio:
616 1091 720 1145 Revera
750 1091 779 1144 in
808 1101 945 1159 responso

123 1165 274 1233 asseritur,
285 1178 345 1219 ιιιι
356 1164 524 1219 distantiam
535 1163 563 1216 in
573 1174 658 1218 causa
667 1159 768 1227 luisse,
779 1165 812 1216 ut
825 1159 944 1216 facilius

124 1236 158 1291 ab
177 1236 317 1306 apostatis
340 1234 467 1290 conicias
489 1232 605 1289 fraudes
627 1232 800 1301 Stephanum
817 1243 945 1299 occupa-

124 1313 196 1375 rent,
213 1308 289 1374 tonge
300 1309 419 1375 positum
439 1305 549 1372 fefellit.
563 1306 700 1360 caelerurn
715 1302 783 1358 dum
800 1304 945 1372 perstrin-

123 1379 165 1450 git
181 1378 381 1449 negligentiam
395 1376 541 1445 pontidcls
555 1376 589 1431 ad
604 1374 773 1431 sententiam
787 1373 944 1430 absolutio

123 1451 169 1504 nis
194 1449 373 1518 procedentis
400 1448 474 1502 citra
504 1447 614 1517 plenam
641 1444 708 1501 lacti
737 1446 942 1517 cognitionem,

122 1523 243 1575 ueritatis
267 1523 403 1587 ignorum,
432 1532 487 1573 non
518 1524 599 1589 negat
621 1518 713 1587 judici
743 1517 943 1586 pronuntianti

122 1598 327 1660 competentem
340 1590 548 1646 auctoritatem.
563 1588 685 1657 Quarto:
701 1589 729 1643 ld
743 1589 827 1643 etiam
844 1595 944 1643 osten-

122 1664 166 1719 dit
188 1663 345 1732 legitimam
368 1668 531 1731 potestatem
552 1660 715 1731 recognosci
737 1660 872 1786 Stephani
891 1661 945 1715 de-

731 249 909 308 ANASTASH
927 248 1200 306 alacioraaclltu

1762 248 1831 308 lilii

1001 376 1089 497 poetae
1113 371 1310 444 imaginantur
1335 387 1385 444 per
1407 374 1505 431 lunam
1530 373 1697 445 praestitum
1728 371 1780 441 iri,
1808 371 1832 428 si

1012 457 1094 500 ecum
1121 444 1193 501 solis
1218 459 1360 515 usurpare
1389 446 1455 502 ista
1475 446 1675 514 contenderet,
1713 449 1833 514 pertur-

1000 513 1066 571 bata
1079 529 1174 572 rerum
1191 523 1305 589 natura,
1320 525 1352 574 ut
1365 519 1479 574 diurnae
1495 517 1731 576 illuminationis
1751 514 1833 572 arbi-

1000 592 1072 642 tram
1086 589 1193 644 muudc
1211 603 1242 645 se
1254 591 1460 647 constitueret:

1110 752 1263 770 .......
1281 720 1363 770 Eratri
1378 722 1505 770 contraria
1521 721 1624 770 Phoebe

1108 784 1167 838 Ibit,
1184 785 1210 831 et
1226 783 1360 846 obliquum
1373 784 1447 845 bigas
1461 785 1558 842 agitare
1575 799 1625 846 per
1643 783 1741 832 orbem

1108 846 1244 903 Indignata
1261 847 1328 894 diem
1344 850 1429 908 poscet
1441 847 1490 895 sibi
1505 863 1511 895 z
1524 850 1633 909 totaque
1649 848 1744 897 discor

1109 909 1231 959 Machina
1249 909 1342 958 divulsi
1356 910 1469 958 turbabit
1480 910 1576 958 loedera
1589 910 1697 958 mnndi.

1280 971 1391 1034 (Lucam.
1406 972 1497 1022 Phara.
1509 973 1554 1022 lib.
1569 986 1588 1032 1,
1603 987 1673 1021 vers.
1687 972 1744 1033 Π.)

1035 1092 1139 1148 lterum
1155 1103 1265 1145 summa
1288 1089 1345 1146 hue
1358 1090 1479 1146 redibat.
1506 1090 1735 1147 contendebant
1755 1090 1832 1149 diri·

999 1163 1063 1219 caui
1090 1160 1202 1218 nullum
1231 1175 1302 1229 esse,
1325 1169 1411 1232 atque
1445 1161 1610 1218 invalidum
1638 1161 1833 1235 quodcunque

1000 1233 1200 1291 baereticorum
1212 1232 1363 1302 baptisma,
1375 1233 1505 1304 qualibet
1515 1232 1611 1289 torma
1622 1247 1657 1290 ac
1672 1236 1737 1290 ritu
1747 1236 1833 1291 adui-

1000 1307 1183 1362 nistraretur.
1201 1305 1391 1375 Percrebruit,
1407 1307 1550 1376 originem
1573 1305 1646 1361 mali
1662 1319 1700 1361 ex
1721 1304 1832 1364 Oriente

1000 1377 1172 1447 proiectam:
1190 1375 1239 1433 ubi
1256 1374 1376 1432 tortasse
1390 1377 1524 1448 contigit,
1539 1382 1574 1433 ut
1590 1388 1649 1432 non
1665 1378 1831 1447 rejiceretur

1001 1449 1080 1505 illico
1108 1448 1268 1517 baptismus
1287 1449 1476 1518 quorumdam
1499 1447 1727 1514 hereticorum,
1754 1449 1830 1506 illum

999 1534 1054 1576 non
1072 1518 1281 1575 conferentium
1306 1519 1359 1575 sub
1375 1520 1503 1588 legitima
1520 1519 1628 1587 forma,
1650 1521 1830 1588 postmodum

999 1606 1064 1647 vero
1085 1591 1254 1646 indistincte
1275 1590 1455 1659 reprobarum
1484 1590 1543 1647 luit
1565 1592 1730 1660 quodlibet
1749 1606 1830 1663 genus

999 1662 1134 1733 baptismi
1151 1675 1199 1732 per
1212 1662 1361 1717 haereticos
1372 1663 1587 1732 administrati,
1605 1663 1664 1719 sub
1680 1663 1756 1719 laisa
1772 1679 1829 1733 per·

122 1734 278 1803 cernentis,
292 1747 357 1789 cum
378 1733 426 1788 hic
443 1739 595 1788 accusatur
619 1738 777 1787 tantummo
799 1746 815 1786 o
837 1732 872 1787 de
892 1746 945 1787 ne·
960 1727 986 1789 B
1000 1734 1136 1791 suasione
1162 1746 1225 1803 quae
1241 1734 1404 1802 irrepserat,
1421 1747 1477 1789 non
1500 1748 1589 1804 posse
1613 1734 1714 1790 ullum
1740 1747 1829 1790 sacra-
1862 1753 1865 1756 ·

122 1805 268 1877 gligentlae
283 1806 364 1873 vitio,
379 1821 433 1858 nen
457 1808 512 1858 turn
526 1803 679 1873 culpandus
695 1807 734 1857 est
746 1805 790 1857 cai
804 1804 944 1870 negligen-

122 1877 385 1946 terebreptumest;
407 1877 565 1945 impetrans
584 1887 651 1930 vero
681 1880 798 1929 notatur
821 1874 944 1929 crimine

121 1948 186 2005 falsi
204 1948 348 2004 malitiose
364 1947 504 2018 propositi
520 1962 622 2015 :quum
641 1946 684 1999 bic
699 1946 880 2000 exsecrandus
895 1947 943 2013 qui

120 2020 315 2089 stcudutenter
328 2021 457 2088 obrepsit.
481 2018 598 2087 Quinte.
613 2017 800 2073 confirmatur
817 2016 943 2086 denique

122 2091 181 2146 haec
193 2090 354 2147 litterarum
367 2091 506 2146 sententia
514 2103 548 2144 ex
558 2103 601 2157 eo,
612 2088 872 2159 quodobreptitium
882 2099 943 2143 esse

120 2162 254 2219 enuntiat
266 2163 410 2232 quidquid
423 2176 438 2216 a
453 2161 596 2229 Stephano
611 2159 752 2215 Basilides
768 2159 941 2228 impetravit.

120 2234 208 2289 Porro
223 2233 391 2289 vocabulum
405 2233 566 2303 obreptitiia
579 2229 854 2300 jurisconsultorum
871 2229 941 2285 sub-

121 2305 212 2361 tclliis
224 2304 343 2374 petitum
357 2304 503 2375 significat
518 2304 685 2374 qualitatem
698 2315 760 2373 quae
770 2301 944 2357 attribuitur

120 2373 944 2447 litterisaulrescriptisalegitimoy'usdicenteinrpetratis

120 2461 207 2516 super
222 2448 325 2519 gratia,
348 2448 424 2516 jure,
442 2453 491 2502 aut
506 2447 700 2514 concessione,
714 2446 845 2501 eumdem
858 2445 945 2514 y'udi-

119 2532 179 2575 cem
190 2519 439 2574 circumveniendo
451 2531 500 2587 per
513 2518 690 2573 reticentiam
707 2518 847 2583 veritatis,
860 2517 944 2585 cujus

118 2595 194 2645 esset
212 2590 340 2659 expressi
386 2590 545 2644 necessaria
575 2590 609 2644 ad
639 2589 783 2656 impetrati
810 2587 941 2656 rescripti

119 2660 307 2716 validitatem.
324 2661 381 2716 Hoc
395 2660 488 2728 ipsum
506 2659 642 2714 verbatim
660 2672 825 2727 expressum
838 2658 943 2727 depre-

120 2731 257 2786 henditur
273 2731 303 2785 in
318 2730 424 2786 litteris
436 2729 635 2785 Africanorum
649 2747 655 2782 :
670 2750 683 2780 ι
696 2730 800 2785 Tacita
810 2729 942 2785 veritatis

119 2802 251 2930 ignarum
261 2800 364 2857 lelellit
376 2819 382 2856 :
394 2801 443 2857 eui
454 2800 603 2870 obreptum
616 2807 669 2870 est,
681 2801 731 2870 qui
743 2798 942 2856 fraudulenter

118 2875 287 2943 erepsit.»

154 2947 255 3001 Verum
275 2943 400 3015 insignis
412 2942 620 2998 demonstratio
630 2949 673 2998 est
687 2941 722 2996 ad
733 2941 939 2998 excludendam

118 3013 941 3088 quamcunquedubitationemdesupremaS.sedisauctc·

1001 1811 1127 1863 menlnm
1150 1803 1252 1859 habere
1279 1810 1357 1861 extra
1373 1805 1545 1861 catholicam
1563 1806 1743 1861 Ecclesiam.
1757 1806 1829 1877 (llio-

1000 1892 1061 1947 nys.
1078 1874 1291 1932 Alexandrinus
1310 1875 1385 1946 apud
1399 1876 1515 1946 Euseb,
1531 1878 1612 1931 Hist.
1630 1877 1688 1932 lib.
1707 1891 1760 1944 vir,
1772 1891 1826 1947 cap.

998 1948 1040 2017 bl:
1058 1969 1070 1999 ι
1085 1945 1145 2003 Νιι
1159 1947 1288 2017 episcopi
1306 1948 1336 2002 in
1352 1945 1448 2003 diriea
1463 1947 1559 2004 solum
1578 1949 1671 2004 istam
1687 1955 1829 2005 consuetu

997 2020 1092 2076 dinem
1113 2018 1149 2072 de
1165 2018 1309 2074 hereticis
1328 2018 1541 2087 rebaptizandis
1562 2020 1624 2089 jam
1650 2021 1825 2089 invexerunt,

998 2104 1096 2148 verum
1119 2090 1204 2145 etiam
1223 2090 1306 2161 longo
1322 2096 1447 2159 tempore
1459 2097 1525 2147 ante
1544 2091 1761 2161 episcoporum
1776 2105 1828 2146 me·

999 2163 1100 2227 moria,
1116 2161 1166 2231 qui
1179 2160 1337 2232 antegressi
1354 2168 1421 2217 sunt
1438 2161 1466 2216 in
1482 2161 1621 2218 ecclesiis
1639 2164 1770 2219 maxima
1782 2162 1828 2218 bo-

999 2234 1109 2290 minum
1134 2230 1296 2303 irequentia
1320 2231 1481 2292 celebratis,
1505 2240 1533 2289 et
1564 2235 1695 2302 synodis
1717 2232 1826 2290 fratrum

999 2304 1151 2361 celebratis
1181 2310 1241 2360 lum
1256 2304 1357 2368 iconii,
1384 2310 1444 2359 turn
1468 2303 1486 2359 S
1507 2304 1624 2372 nnadae,
1653 2311 1720 2362 tum
1737 2304 1826 2361 multis

998 2375 1066 2432 aliis
1078 2375 1109 2430 in
1121 2375 1193 2430 locis
1206 2377 1379 2441 convocatis,
1395 2374 1466 2431 illud
1478 2320 1634 2431 decretum
1651 2375 1721 2432 fuit.
1738 2376 1825 2432 »Usus

999 2447 1157 2503 inoleverat
1181 2448 1210 2501 in
1227 2445 1323 2502 Africa
1342 2451 1408 2502 ante
1429 2445 1544 2502 beatum
1571 2447 1766 2518 Cyprianum,
1780 2447 1823 2518 qui

998 2524 1121 2574 testatur
1136 2518 1176 2573 ita
1195 2517 1346 2573 delinitum
1361 2516 1452 2573 luisse
1477 2518 1505 2573 in
1530 2519 1716 2587 provinciali
1736 2520 1825 2575 conci-

999 2590 1037 2646 lio
1052 2588 1106 2645 sub
1119 2589 1288 2661 Agrippino,
1299 2589 1447 2645 decessore
1459 2589 1565 2644 bonati
1582 2591 1664 2660 ejrrs,
1680 2591 1729 2647 cui
1739 2591 1766 2646 S.
1777 2590 1824 2660 cy·

998 2662 1117 2729 prianus
1135 2661 1286 2716 suecessit.
1309 2682 1322 2713 ι
1347 2660 1427 2730 Quod
1444 2660 1563 2729 quidem
1586 2666 1616 2717 et
1639 2662 1824 2732 Agrippinas,

997 2730 1077 2789 bona
1094 2732 1237 2787 memorlae
1253 2732 1307 2790 vir,
1332 2745 1397 2787 cum
1422 2733 1537 2787 caeteris
1556 2733 1747 2804 coepiscopis
1758 2733 1823 2797 suis

997 2804 1048 2873 qui
1074 2802 1126 2858 illo
1146 2808 1272 2871 tempore
1291 2803 1320 2858 in
1341 2801 1488 2872 provincia
1510 2801 1615 2859 Africa
1643 2815 1674 2860 et
1698 2804 1823 2861 Numidia

995 2875 1150 2931 Ecclesiam
1164 2874 1214 2929 Dei
1232 2871 1439 2944 gubernabant,
1455 2875 1572 2943 statuit,
1593 2884 1626 2932 et
1640 2874 1749 2932 librato
1760 2889 1824 2931 con·

994 2946 1057 3002 ciiii
1087 2946 1249 3086 gemmariis
1269 2945 1399 3001 examine
1418 2943 1597 3017 armavit»
1629 2945 1670 3019 (S.
1698 2948 1822 3019 cyprian.

994 3019 1071 3087 epist.
1132 3056 1138 3067 .

119 3090 204 3144 ritate
216 3086 251 3142 ab
263 3087 499 3168 hisceresponsis
512 3086 539 3167 E.
553 3086 687 3156 cypriani
699 3091 728 3166 el
739 3085 938 3167 episcoporum
954 3092 978 3163 (1
1029 3088 1212 3157 Quaecunque
1227 3086 1341 3143 landem
1363 3086 1451 3144 luerit
1470 3089 1584 3145 erroris
1599 3095 1632 3144 et
1656 3089 1724 3146 mali
1740 3090 1822 3159 origo,

117 3159 256 3216 sirieanae
274 3160 427 3228 provinciae
441 3159 476 3213 ad
493 3159 643 3227 Hispanos,
656 3158 791 3227 insigms,
809 3156 939 3226 inquam,
995 3159 1024 3214 id
1041 3157 1154 3229 liquido
1175 3163 1297 3221 constat,
1314 3158 1368 3215 sub
1392 3158 1565 3229 pontificatu
1580 3161 1726 3230 Stephani
1743 3173 1821 3230 pape,

20 3284 24 3289 .
117 3231 323 3287 demonstratio
344 3231 467 3286 exclusa
488 3228 681 3286 dubitationis
695 3234 739 3283 est
756 3227 940 3283 auctoritatis

118 3303 298 3368 exercitium,
309 3301 383 3370 quod
395 3300 583 3371 imploratper
592 3299 726 3370 cypriani
738 3299 831 3368 ipsius
844 3311 940 3367 preces

118 3373 260 3443 Stephano
286 3385 363 3441 papae
381 3373 516 3440 directas,
534 3378 566 3427 ut
588 3372 714 3427 eamdem
739 3371 939 3426 auctoritatem

117 3444 252 3501 adhibeat
277 3444 306 3498 in
331 3444 445 3514 negotio
470 3441 591 3512 aequalis
614 3440 756 3511 ponderis,
774 3446 802 3496 et
830 3446 940 3497 natura

119 3515 286 3587 persimilis,
313 3527 404 3584 nuper
431 3515 461 3570 in
481 3513 586 3570 Galliis
608 3512 738 3569 suborto.
765 3514 938 3578 Marcianus,

119 3586 294 3644 Arelatensis
318 3589 482 3655 episeopus,
518 3584 705 3653 profitebatur
733 3597 762 3638 se
788 3584 939 3639 Novatiani

119 3658 250 3729 partibus
267 3657 424 3714 adhaesisse
439 3665 499 3713 tum
515 3656 544 3711 in
567 3656 700 3711 haeretico
720 3656 861 3727 dogmate,
878 3661 939 3711 tum

118 3730 322 3786 luschismalis
338 3729 549 3785 communione.
568 3728 763 3783 Proximarum
782 3728 940 3795 provincia·

118 3815 181 3857 rum
208 3801 348 3868 episcopi,
393 3802 422 3855 ui
450 3813 481 3854 ea
502 3800 537 3853 de
559 3812 589 3853 re
609 3798 643 3852 ad
668 3798 821 3853 Romanam
845 3797 939 3853 sedem

119 3871 355 3944 perscripseram,
418 3869 595 3939 rthaginensi
614 3870 700 3924 etiam
719 3869 851 3924 Ecclesia
864 3869 939 3924 idem

117 3942 329 4013 significarunt,
340 3940 374 3996 ad
387 3941 553 4010 episcopum
564 3941 736 4010 cyprianum
745 3941 821 3995 datis
835 3941 939 3997 iterum

118 4013 235 4069 litteris.
254 4012 346 4066 Series
369 4012 410 4067 rei
434 4019 518 4082 gestae
538 4010 712 4073 manifestat,
735 4011 874 4080 scripturn
891 4012 940 4066 id-

118 4084 194 4138 circo
211 4082 300 4137 luisse
314 4082 348 4137 ad
365 4083 394 4136 B.
410 4083 593 4152 cyprianum,
608 4083 683 4152 quod
697 4081 782 4151 probe
797 4087 940 4138 constaret

117 4154 153 4209 de
168 4152 252 4208 illius
270 4152 486 4209 existimatione
507 4167 540 4208 ac
563 4154 758 4209 venerationis
774 4154 939 4210 testimonio

118 4225 191 4294 apud
209 4224 361 4278 Romanam
388 4225 491 4279 sedem.
518 4224 677 4293 cyprianus
702 4224 709 4277 i
735 4224 793 4279 itur
822 4226 849 4279 in
867 4225 940 4280 hanc

117 4296 288 4352 sententiam
301 4293 443 4364 Stephano
460 4307 537 4363 papae
548 4294 661 4349 litteras
673 4239 753 4348 dedit
767 4292 855 4363 (epist.
872 4294 916 4367 68)
931 4314 936 4350 :

119 4386 132 4420 ι
153 4368 254 4422 Facere
264 4372 291 4420 te
305 4372 417 4434 oportet
433 4366 616 4434 plenissimas
626 4364 748 4432 litteras,
765 4382 778 4413 ι
795 4373 849 4420 ιιι.

993 3230 1067 3285 duos
1079 3230 1231 3299 episcopos
1246 3230 1310 3284 vita
1324 3231 1476 3286 sanctitate
1491 3240 1551 3286 non
1568 3233 1675 3288 minus
1689 3232 1819 3296 illustret,

995 3313 1078 3370 quarn
1104 3301 1246 3371 dignitate
1271 3301 1382 3356 sedium
1407 3314 1478 3371 quas
1506 3303 1714 3370 possidebant.
1732 3315 1823 3371 nempe

993 3371 1022 3427 S.
1041 3372 1216 3440 cyprianum
1242 3370 1345 3427 diricae
1374 3374 1538 3441 primatem,
1568 3382 1600 3429 et
1627 3375 1821 3431 Firmilianum

995 3443 1204 3513 metropolitem
1218 3443 1412 3513 cappadocia,
1430 3449 1612 3512 protectores
1629 3460 1663 3502 se
1674 3446 1823 3503 declarasse

994 3514 1136 3583 ejusmodi
1154 3515 1262 3582 praxis.
1275 3519 1303 3569 et
1313 3515 1471 3571 sententie.
1483 3514 1618 3584 Uterque
1632 3531 1734 3574 eorum
1749 3529 1821 3588 syno-

994 3586 1047 3641 dos
1061 3585 1229 3641 convocavit
1247 3585 1276 3641 in
1294 3586 1449 3655 provinciis
1463 3584 1521 3642 sibi
1539 3586 1700 3658 subjectis,
1716 3594 1746 3645 et
1759 3600 1821 3659 pou·

994 3656 1066 3713 tilici
1100 3655 1244 3725 Stephano
1278 3657 1502 3713 communicavit
1527 3658 1651 3716 decreta
1680 3661 1759 3717 edila
1782 3671 1822 3728 per

994 3729 1107 3784 easdem
1118 3726 1252 3797 synodos.
1265 3726 1400 3783 africana
1413 3728 1542 3798 synodus
1556 3730 1601 3785 ita
1617 3729 1819 3802 perscripsitad

994 3799 1167 3868 Stephanum
1185 3812 1285 3868 papam
1297 3799 1381 3870 epist.
1396 3795 1431 3854 it
1442 3800 1522 3856 inter
1535 3800 1750 3871 Cypriauicas:
1764 3824 1776 3854 ι
1789 3802 1821 3855 ile

993 3884 1026 3927 ec
1040 3871 1162 3925 maxime
1175 3869 1230 3924 tibi
1244 3870 1439 3939 scribendum,
1455 3881 1482 3927 et
1498 3885 1566 3927 cum
1581 3880 1636 3928 tua
1647 3875 1820 3946 gravitatem

994 3941 1136 4011 sapientia
1151 3939 1353 3997 conierendum
1369 3939 1436 4010 luit,
1454 3943 1533 4013 quod
1550 3946 1651 4015 magis
1668 3946 1820 4016 pertinetet

994 4013 1028 4069 ad
1046 4011 1246 4068 sacerdotalem
1267 4013 1518 4079 auctoritatem,et
1529 4015 1565 4070 ad
1580 4017 1722 4073 Ecclesia
1738 4015 1821 4073 cathe-

995 4083 1058 4139 lica
1071 4083 1208 4138 unitatem
1223 4084 1371 4152 pariterue
1382 4084 1556 4156 dignitatem
1568 4086 1729 4144 dedivinae
1739 4088 1821 4156 dispo·

994 4154 1112 4212 sitionis
1121 4154 1481 4224 ordinationevenientem,
1494 4168 1544 4212 eos
1557 4159 1614 4227 qui
1625 4166 1698 4215 sunt
1708 4159 1822 4216 lorisex·

995 4224 1820 4295 traEeelesiamtincti,etapudhaereticosetsehismaticos

996 4295 1817 4372 proianaeaqualabemaculati,quandoadnos,atquead

996 4367 1149 4424 Ecclesiam
1161 4381 1224 4438 quae
1236 4381 1292 4424 ιιι
1303 4375 1354 4436 est,
1367 4372 1509 4439 verrerint,
1521 4369 1675 4439 baptizari
1683 4381 1816 4443 oportere:

3 4941 7 4945 '
115 4936 298 4992 traditiones.

153 4439 217 4493 llaec
231 4435 316 4492 verba
333 4450 388 4492 ιιι
409 4436 540 4507 indigent
558 4436 763 4492 commentario
778 4442 805 4492 et
818 4438 939 4494 demon·
994 4439 1107 4509 eoquod
1118 4440 1818 4514 parurnsitmanuseisinrponereadaccipiendum

117 4509 265 4566 strandam
295 4509 324 4563 in
349 4509 393 4563 eis
418 4513 555 4563 assertam
583 4508 781 4563 auctoritatem
808 4508 939 4565 Romana
955 4493 1134 4580 Dsplritum
1156 4518 1299 4579 sanctum,
1321 4511 1379 4566 nisi
1403 4511 1548 4580 accipiant
1570 4521 1603 4570 et
1628 4516 1763 4573 Ecclesia
1775 4514 1818 4569 ba-

116 4581 203 4648 sedis,
220 4587 280 4634 tum
302 4581 331 4635 iu
347 4579 520 4635 deliniendis
539 4579 606 4635 lidei
620 4578 814 4650 dogmatibus,
831 4587 891 4635 tum
909 4582 939 4637 in
995 4582 1142 4650 ptismum.
1161 4621 1167 4633 .
1188 4621 1194 4635 .
1217 4583 1300 4637 .llaec
1326 4583 1360 4638 ad
1388 4583 1604 4641 conscientiam
1627 4593 1723 4652 tuam,
1744 4584 1819 4643 irater

116 4649 272 4720 disciplina
284 4663 311 4705 ιι
320 4652 537 4707 cendrmatione
545 4651 765 4706 consuetudinis
780 4659 897 4720 recepta
910 4653 940 4708 in
993 4653 1173 4721 charissime,
1189 4657 1218 4707 et
1231 4667 1281 4723 pro
1296 4653 1402 4709 bonore
1414 4655 1576 4724 communi,
1591 4664 1621 4713 et
1637 4672 1693 4728 pro
1703 4655 1816 4728 simplici

118 4723 372 4778 administratione
393 4729 647 4789 sacramentorum,
664 4728 723 4776 turn
746 4723 773 4775 in
789 4724 940 4793 regiminis
993 4724 1148 4780 dilectione
1177 4724 1365 4794 metuamus,
1395 4726 1543 4781 credentes
1573 4729 1668 4785 eliam
1695 4730 1750 4786 tibi
1778 4739 1817 4798 pro

116 4793 306 4850 ecclesiastici
315 4794 380 4862 jure
394 4794 561 4862 exercendo,
571 4799 598 4848 et
609 4793 769 4848 necessario
781 4794 937 4850 mediorum
995 4795 1147 4866 religionis
1161 4801 1216 4850 tuae
1230 4800 1258 4850 et
1273 4794 1338 4850 iidei
1351 4797 1471 4852 veritate
1483 4797 1611 4866 placere,
1632 4815 1702 4871 quae
1716 4809 1745 4857 et
1758 4799 1817 4855 reli·

116 4865 336 4936 congruentium
350 4864 462 4921 delectu
478 4865 512 4920 ad
529 4864 894 4940 conservandumlordinem
907 4879 939 4922 ae
994 4867 1074 4938 glosa
1086 4867 1193 4935 pariter
1202 4873 1230 4921 et
1243 4879 1307 4921 vera
1317 4871 1395 4922 sunt.
1406 4866 1547 4924 Caeterum
1561 4871 1681 4929 scimus
1692 4871 1816 4944 quosdam

994 4938 1069 5008 quod
1093 4938 1178 4993 semel
1194 4936 1362 4993 imbiberint
1379 4938 1455 4994 nolle
1467 4939 1628 5012 deponere,
1657 4958 1713 5001 nec
1726 4955 1817 5015 propt·

152 5009 260 5078 Negare
280 5019 372 5061 tamen
395 5020 450 5061 non
467 5020 630 5076 pessumus,
647 5007 717 5075 quin
734 5005 868 5061 Africana
883 5007 939 5062 Ec·
993 5009 1082 5063 situm
1098 5022 1181 5064 suum
1198 5007 1283 5064 facile
1306 5015 1426 5077 mutare,
1444 5010 1493 5066 sed
1510 5010 1593 5070 salvo
1611 5015 1694 5071 iuter
1708 5015 1816 5085 collegas

115 5077 203 5134 clesia
215 5085 275 5134 tum
291 5077 426 5146 temporis
439 5075 617 5147 passaiuerit
630 5078 781 5146 quamdam
794 5078 936 5149 eclipsim,
993 5080 1073 5149 pacis
1087 5087 1113 5135 et
1128 5079 1289 5136 concordiae
1307 5080 1435 5150 vinculo,
1451 5083 1586 5151 quadam
1614 5089 1747 5157 propria,
1766 5076 1816 5156 qua

115 5151 184 5206 dum
199 5150 294 5205 lumen
313 5149 456 5218 peculiare
470 5148 617 5204 contendit
635 5161 784 5217 usurpare,
801 5157 936 5219 tanquam
992 5151 1067 5220 apud
1090 5164 1120 5205 se
1141 5150 1225 5206 semel
1254 5151 1313 5206 sint
1328 5158 1477 5221 usurpata,
1495 5154 1636 5212 relinere.
1657 5158 1722 5228 Qua
1746 5160 1773 5214 in
1794 5166 1815 5209 re

115 5221 172 5277 sibi
190 5220 335 5291 proprium
348 5219 420 5276 leret
432 5239 438 5274 :
449 5233 513 5275 cum
526 5219 555 5274 in
567 5219 938 5288 Ecclesiispartieularibus
993 5235 1044 5277 nec
1059 5234 1110 5276 nos
1123 5222 1180 5276 vim
1194 5221 1329 5292 cuiquam
1351 5221 1485 5287 iacimus,
1504 5233 1556 5280 aut
1571 5226 1666 5299 legem
1680 5231 1787 5290 damus,
1803 5243 1813 5273 ¹

116 5293 256 5360 ejusmodi
275 5292 325 5346 lux
346 5292 404 5346 alia
429 5304 484 5346 non
510 5291 680 5359 reperiatur,
704 5304 787 5359 quarn
806 5305 837 5346 ea
852 5307 937 5361 quam
992 5292 1327 5350 etc.EtFirmilianusin
1339 5292 1593 5366 epistolaibapud
1608 5300 1638 5354 S.
1652 5301 1813 5371 cyprianum

115 5363 161 5417 Sol
183 5364 307 5432 justitia
329 5362 472 5432 (christus
496 5361 644 5430 Dominus)
671 5362 778 5416 amavit
801 5369 829 5417 et
853 5364 939 5433 elegit
993 5365 1054 5420 ait:
1072 5383 1085 5415 ι
1101 5363 1223 5419 Plurimi
1236 5365 1323 5421 simul
1334 5367 1536 5423 convenientes
1549 5369 1580 5424 in
1598 5371 1815 5442 lcouiodiligeu·

115 5432 276 5490 diffundere
295 5447 381 5504 supra
406 5433 595 5489 universalem
614 5432 769 5488 Ecclesiam
795 5435 939 5490 irradians
994 5435 1107 5491 tissime
1130 5434 1373 5499 confirmavimus,
1411 5439 1630 5507 repudiandum
1661 5451 1813 5500 esseomue

117 5509 232 5584 caeteras
247 5519 261 5559 e
275 5506 399 5561 Romana
414 5507 490 5571 sede,
506 5511 641 5574 tanquam
653 5512 750 5560 centro
765 5504 845 5561 orbis
860 5505 940 5561 chri·
993 5507 1111 5563 omnino
1126 5505 1278 5577 baptisma,
1297 5508 1373 5579 qaod
1387 5508 1428 5563 sit
1441 5515 1524 5567 extra
1532 5511 1702 5571 Ecclesiam
1716 5512 1813 5570 consii-

118 5578 213 5628 stranr.
231 5574 274 5642 (in
289 5579 422 5631 occidente
436 5577 482 5632 Sol
491 5577 610 5645 justitia
623 5577 720 5629 oritur.
740 5578 793 5632 Vos
814 5579 877 5631 estis
889 5577 938 5632 tuac
994 5583 1124 5634 tulum.»

118 5643 225 5724 pandi.
259 5645 287 5698 S.
317 5648 481 5704 llieronum.
512 5648 588 5716 epist.
618 5643 674 5715 57.)
706 5647 938 5704 considerandus
1029 5650 1120 5717 super
1139 5646 1186 5704 bis
1199 5648 1312 5705 litteras
1325 5648 1405 5706 dedit
1420 5650 1589 5721 Stephanus
1600 5653 1637 5711 ad
1651 5654 1810 5712 orientales.

121 5716 211 5782 igitur
225 5719 369 5796 estau'sus
391 5719 524 5775 Ecclesia
549 5716 689 5773 Africana
711 5731 766 5773 non
781 5718 938 5776 dissimilis
992 5719 1161 5788 signiacans
1181 5734 1211 5776 sc
1226 5726 1434 5778 remoturuma
1460 5726 1673 5784 communione
1695 5726 1808 5784 lideliun
1870 5720 1872 5751 ³

118 5781 344 5857 perturbationis
374 5791 486 5845 occasio
512 5789 639 5858 iuturus,
672 5800 705 5844 ac
729 5788 820 5860 illius,
852 5804 936 5860 quam
991 5790 1369 5863 Helenum,Firmilianum,
1390 5794 1589 5854 etuuiversos
1606 5796 1810 5871 episcoposci·
