3892 6136
46 305 103 364 269

439 306 623 363 blanchini
647 306 797 362 ntsstthn.
823 308 869 361 DE
893 307 972 362 ΑΝΤ.
1000 307 1058 362 titi.
1083 308 1182 364 PONT.
1210 309 1379 368 saultoit.

1702 311 1756 370 270

50 445 149 510 peatas
161 435 237 505 illas,
252 450 318 506 quae
328 436 431 491 seriem
447 436 615 505 pontillcnm
626 437 817 490 Romanorum
832 436 919 494 re-ri
970 431 996 488 9.
1013 435 1115 490 Praeter
1130 437 1189 491 haec
1204 438 1368 494 testimonia
1382 439 1502 495 Adriani
1518 443 1573 496 lac
1589 443 1666 498 Libri
1683 445 1760 501 Pon-

50 531 225 600 praesentant
235 525 292 581 sub
304 525 437 582 historiis
448 525 631 595 hihlicisy'am
644 524 790 579 indicatis.
803 523 880 578 Red-

49 617 114 674 dam
123 613 361 686 epistolaeuerha,
372 615 520 685 praemisso
530 614 691 670 litterarum
701 618 879 684 argumento.

48 703 301 775 Comprobandum
317 710 483 772 susceperat
492 703 637 758 Adrianus
651 702 681 757 in
697 700 748 756 illa
759 699 880 770 epistola

50 793 162 850 cultum
176 805 328 848 sacrarum
345 791 503 862 imaginum
517 805 551 847 ex
567 791 723 847 traditione
740 790 880 859 majorum

50 887 210 952 acceptam,
227 887 255 936 et
270 896 288 936 a
303 880 503 937 decessoribus
520 880 583 936 suis
603 883 766 936 constanter
783 890 882 933 asser-

50 979 123 1040 tum,
141 969 288 1041 praecipue
302 970 331 1025 in
347 983 395 1025 sex
412 969 594 1041 generalibus
609 969 755 1039 conciliis,
772 968 880 1039 quibus

52 1058 108 1130 ipsi
127 1073 177 1129 per
195 1073 228 1114 se
242 1057 285 1113 vel
309 1072 358 1127 per
374 1058 480 1130 legatos
500 1073 569 1114 suos
583 1059 619 1114 de
643 1071 718 1114 more
738 1056 881 1127 praesede-

52 1156 127 1207 rant.
138 1151 296 1207 Enumerat
310 1149 408 1219 itaque
422 1148 541 1207 musiva.
557 1147 695 1219 picturas,
707 1153 735 1203 et
750 1148 778 1203 id
791 1161 880 1219 genus

51 1254 137 1312 opera
162 1254 226 1312 quar
249 1239 279 1294 iu
307 1238 441 1294 basilicis
465 1238 601 1294 Romanis
624 1239 680 1294 heo
704 1238 879 1307 dicaverant,

935 521 1063 592 tibcalis,
1084 531 1111 579 et
1130 539 1146 580 a
1168 526 1304 599 pingendi
1326 527 1400 599 stylo
1422 527 1554 600 deducta,
1578 536 1664 602 atque
1683 533 1759 588 aetati

935 610 1039 665 Leonis
1051 614 1144 682 llagni
1161 613 1319 670 tribuentia
1335 621 1392 671 tam
1407 619 1544 671 musivum
1560 632 1643 687 quam
1660 619 1760 689 pictu-

937 711 983 754 ras
1000 701 1121 755 totana
1138 703 1247 758 biblica
1266 710 1294 759 et
1310 707 1442 773 imagines
1463 719 1641 763 summorum
1661 691 1760 777 pontiss

936 788 1031 860 licum,
1053 789 1243 851 loculamenta
1266 793 1337 864 ipsa,
1354 795 1414 851 sive
1427 808 1500 852 areae
1515 795 1693 853 orbiculares
1707 797 1761 854 de-

936 884 1096 934 monstrant
1114 881 1217 936 seriem
1234 881 1313 938 illam
1328 884 1524 954 vetustiorem,
1541 891 1569 941 et
1585 886 1686 942 ordine
1701 899 1758 945 non
1800 944 1804 948 .

936 967 1098 1038 interrupto
1113 970 1321 1041 procedentem,
1344 987 1399 1029 non
1415 971 1506 1030 luisse
1521 979 1667 1031 extensam
1683 975 1759 1033 ultra

936 1057 1072 1113 saeculnm
1093 1059 1244 1117 Sicanis
1265 1067 1293 1117 et
1311 1062 1483 1133 Symmachi,
1505 1077 1569 1119 arae
1589 1063 1761 1121 Christiana

936 1146 1080 1216 quintum.
1096 1148 1192 1218 Spatia
1205 1150 1281 1205 enim
1293 1150 1478 1223 orbicularia,
1491 1167 1555 1222 quau
1565 1154 1681 1210 adversa
1692 1161 1761 1212 sunt

938 1236 1056 1307 imagini
1078 1237 1105 1292 S.
1123 1239 1283 1294 innocentii
1307 1240 1405 1311 primi,
1428 1241 1500 1297 etin
1522 1243 1630 1312 pariete
1650 1243 1760 1300 boreali

51 1327 216 1386 heresibus
232 1328 406 1398 profligatis,
422 1327 574 1383 aconcilio
593 1327 718 1391 Nicano,
735 1326 879 1396 silvester,
935 1324 1155 1382 destinabantur
1165 1328 1249 1384 seriei
1267 1329 1434 1398 pontihcum
1451 1337 1515 1401 post
1528 1332 1600 1389 illud
1612 1333 1759 1402 saeculum,

50 1423 169 1476 Marcus
184 1424 214 1474 et
226 1419 322 1475 lulius
336 1436 344 1486 3
358 1418 496 1474 Damasus
511 1431 527 1473 a
542 1417 782 1474 constantiniano
796 1435 804 1484 ς
819 1419 882 1485 post
937 1416 1228 1486 continuandaejuxta
1240 1418 1369 1475 ordinem
1383 1422 1586 1491 successionis,
1597 1430 1762 1482 constanter

51 1507 229 1579 Ephesinam
249 1507 390 1579 synodum
412 1508 519 1576 Xystus
539 1506 643 1562 tertius
659 1525 667 1574 ;
685 1510 748 1576 post
761 1503 882 1559 Chalcc-
936 1503 1114 1561 observatum
1130 1506 1158 1562 in
1182 1508 1290 1575 pariete
1308 1509 1430 1566 australi
1443 1522 1459 1565 a
1473 1511 1501 1566 S.
1516 1513 1597 1568 Petro
1611 1513 1646 1569 ad
1661 1514 1689 1568 S.
1710 1515 1761 1569 ln-

51 1597 210 1653 donensem
224 1597 277 1650 Leo
288 1597 416 1665 llagnus.
428 1594 538 1664 Ubique
550 1601 676 1650 recenset
688 1592 793 1663 triplex
808 1590 879 1647 illud
937 1595 1100 1650 nocentium
1113 1596 1124 1649 l
1136 1596 1166 1651 in
1180 1597 1257 1668 orhe,
1269 1611 1319 1653 seu
1329 1599 1437 1669 clypeo,
1450 1601 1499 1671 qni
1511 1603 1638 1658 occurrit
1649 1604 1761 1673 primus

52 1699 145 1758 genus
155 1689 390 1741 ornamentorum
403 1684 431 1738 in
445 1686 568 1746 musicis,
582 1684 611 1738 in
621 1684 753 1745 historiis,
767 1682 796 1737 in
807 1682 881 1734 ima-
936 1695 952 1736 a
967 1681 1061 1739 ironte
1075 1685 1202 1742 ecclesiae
1217 1687 1389 1743 occidentali
1406 1690 1627 1759 procedentibus
1640 1694 1675 1749 ad
1693 1708 1762 1764 prc-

52 1777 167 1844 pr'm'has
179 1773 349 1830 coloratum.
363 1775 404 1828 lta
415 1778 529 1828 ornatas
539 1772 656 1828 exhibet
666 1773 881 1827 lateranensem
894 1758 921 1819 Β
937 1771 1105 1842 sbyterinm,
1118 1775 1245 1844 prolerre
1254 1776 1412 1833 debuerant
1423 1778 1575 1851 imaginem
1586 1781 1759 1854 Symmachi,

53 1878 87 1920 ac
102 1864 268 1920 vaticanam
286 1861 435 1919 basilicam
451 1862 505 1918 suh
518 1862 667 1930 Silvestro,
683 1862 776 1915 Marco
791 1859 882 1914 etlu-
937 1861 1074 1918 saeculnm
1089 1864 1221 1933 quintum
1235 1864 1397 1922 claudentis
1408 1872 1436 1922 et
1457 1876 1568 1924 sextum
1587 1870 1779 1940 aperientis,

54 1952 105 2009 lio.
131 1954 169 2007 ltt
186 1968 205 2006 a
229 1957 303 2014 tanc,
329 1952 436 2022 inquit,
460 1967 545 2020 usqae
568 1952 697 2005 hactenus
718 1963 883 2003 summorum
938 1963 1002 2006 cum
1021 1952 1096 2008 inter
1108 1954 1305 2012 innocentium
1321 1962 1349 2011 et
1361 1956 1561 2027 Symmachum
1575 1958 1671 2015 decem
1686 1973 1760 2029 yron-

51 2045 228 2113 poatipcam,
254 2042 380 2096 videlicet
403 2042 538 2103 siluestri,
562 2041 650 2096 ilorci
670 2044 696 2093 et
717 2039 786 2093 Jalii
808 2039 884 2092 mirae
939 2041 1031 2098 tillces
1047 2052 1242 2113 numerentur,
1258 2058 1291 2100 ac
1306 2045 1425 2101 totidem
1440 2047 1524 2102 orbes
1538 2060 1588 2104 scu
1603 2048 1694 2119 clypei
1712 2049 1761 2104 in-

55 2131 260 2200 mapaitndinis
279 2136 380 2185 sancta
400 2146 492 2184 aarum
507 2130 622 2184 ccclesia
635 2127 844 2198 (lateranensis
856 2131 885 2182 et
939 2132 1044 2188 tersint
1058 2133 1087 2187 in
1110 2134 1217 2203 pariete
1235 2134 1397 2189 occidentali
1416 2134 1492 2191 inter
1508 2137 1657 2191 australem
1670 2142 1699 2193 et
1711 2138 1762 2192 bo-

56 2220 205 2292 Vaticana)
221 2221 298 2290 apud
313 2236 361 2274 aas
376 2224 440 2274 sant
457 2220 569 2289 depicta
590 2224 646 2273 tam
663 2219 694 2270 ia
705 2219 809 2271 musivo
821 2215 885 2286 (ab-
939 2221 1039 2274 realem
1063 2221 1240 2292 intercepto:
1259 2224 1333 2279 uude
1353 2224 1504 2279 crustatim
1526 2224 1590 2280 calx
1609 2230 1637 2281 et
1656 2240 1763 2297 gypsus

56 2310 132 2366 sidis
145 2315 176 2366 et
191 2323 278 2365 arcus
299 2308 425 2381 majoris)
446 2324 582 2377 quamque
597 2308 743 2361 incaeteris
763 2305 885 2359 aaronis
940 2316 968 2364 et
981 2309 1009 2364 in
1021 2309 1201 2365 iiscoloratae
1213 2311 1352 2380 imagines
1362 2317 1391 2367 et
1401 2311 1571 2383 epigraphes
1581 2313 1760 2370 deciderunt.

54 2397 225 2469 (utriusque
239 2397 412 2453 Testamenti
431 2396 566 2452 coloratis
583 2396 612 2450 in
629 2393 789 2466 parietibus
805 2393 886 2448 navis
941 2399 971 2453 ln
993 2399 1118 2454 secundo
1132 2404 1226 2454 antem
1242 2399 1311 2455 orbe
1324 2413 1375 2455 seu
1397 2400 1495 2470 clypeo
1510 2399 1609 2457 lateris
1628 2400 1762 2474 borealis,

57 2486 365 2555 narrandumne
384 2486 481 2542 tabula
501 2484 702 2555 ciampiniana
718 2497 736 2538 x
752 2481 887 2552 superius
942 2486 1132 2543 subsecutura
1155 2493 1216 2543 erat
1238 2488 1331 2559 imago
1354 2488 1521 2557 llormisdae,
1551 2497 1615 2559 post
1634 2490 1766 2562 Symma-

60 2576 201 2646 impressa
223 2591 284 2630 cam
304 2578 390 2630 sacris
409 2575 575 2643 imaginibus
594 2571 811 2645 (venerabilium
833 2572 888 2626 Pa·
942 2576 1027 2631 chum
1050 2576 1144 2632 electi.
1167 2578 1196 2631 lu
1220 2577 1305 2633 tertio
1325 2579 1447 2633 loannes
1467 2578 1587 2648 primus,
1609 2582 1640 2636 ln
1663 2586 1766 2652 guamo

58 2672 136 2722 tram
163 2666 226 2722 siye
247 2664 414 2736 pontificum
436 2663 627 2733 decessorum)
648 2662 763 2716 ornatis.
786 2662 889 2716 Prose-
942 2663 1022 2719 Felix
1037 2665 1123 2734 huius
1136 2666 1264 2721 nominis
1278 2672 1409 2737 quartus,
1424 2673 1452 2722 et
1464 2666 1505 2722 ita
1521 2667 1551 2722 in
1567 2669 1707 2738 proximis
1718 2683 1768 2726 sc-

59 2757 164 2829 guitnr
179 2769 232 2826 per
244 2754 374 2825 proxima
389 2754 513 2810 concilia
528 2752 724 2809 inductionem
738 2762 829 2805 snam.
846 2748 887 2804 lid
945 2752 1015 2808 riem
1035 2753 1201 2823 pontiilcum
1222 2754 1447 2811 continuatoris.
1466 2756 1502 2811 ht
1523 2756 1625 2813 seriem
1648 2757 1696 2813 hic
1714 2758 1769 2814 dc-

59 2851 194 2916 guartam
206 2857 274 2900 vcro
284 2843 424 2914 synodum
435 2843 640 2899 mcumenicam
654 2839 819 2906 deveniens,
833 2836 889 2893 suh
944 2841 1030 2897 siisse
1042 2841 1110 2897 dnm
1122 2842 1297 2913 pingeretur,
1311 2856 1356 2898 res
1365 2842 1479 2898 clamat.
1493 2845 1562 2899 Nam
1576 2845 1768 2914 praetermisso

60 2935 156 2990 stone
168 2934 273 3003 niagno
286 2931 461 2987 Chalcedone
476 2930 656 2998 celebratam,
672 2927 812 2983 distincte
828 2939 891 2981 rue-
946 2932 1039 3001 primo
1052 2944 1086 2986 ac
1105 2933 1229 2988 meando
1248 2931 1390 3000 orbiculo,
1406 2946 1458 2989 seu
1471 2933 1579 3004 clypeo,
1600 2941 1630 2990 et
1650 2935 1770 3008 epigra-

62 3027 155 3078 morat
169 3023 317 3082 mascam,
334 3021 462 3074 historias
474 3023 502 3074 et
515 3021 647 3087 imaginos
661 3018 743 3086 Juxta
755 3016 891 3072 decesso-
947 3018 1010 3088 phe,
1028 3019 1077 3076 uhi
1095 3020 1224 3077 deciduae
1236 3021 1326 3078 calcis
1342 3022 1423 3093 gypsi
1436 3028 1464 3079 et
1479 3022 1557 3078 labes
1568 3023 1700 3080 divinare
1713 3037 1770 3082 non

61 3124 123 3167 rum
136 3110 302 3180 exemplum
317 3109 353 3164 ab
369 3122 401 3169 eo
419 3107 552 3178 pontihce
568 3107 743 3164 constitutas
761 3106 791 3161 in
809 3086 927 3160 διιεῖ-(ἶ
946 3106 1179 3178 sinitqnemnam
1191 3123 1226 3165 ex
1238 3109 1422 3178 pontificibus
1434 3111 1527 3180 pictor
1541 3111 1706 3183 colorasset,
1719 3117 1773 3169 ter·

60 3197 114 3256 lica
129 3198 229 3255 sancti
244 3196 337 3263 Pauli,
354 3210 425 3268 quas
441 3196 526 3252 hodie
541 3196 711 3265 superstites
732 3195 889 3250 intuemur.
946 3196 1007 3251 tius
1022 3202 1049 3251 et
1065 3203 1186 3266 quartus
1200 3196 1350 3253 orbiculus
1371 3197 1491 3267 illisque
1509 3199 1647 3269 apposita
1663 3199 1772 3256 inscri-

40 3322 43 3327 ·
61 3289 232 3356 «immone,
254 3285 306 3346 ait.
322 3286 358 3342 de
372 3291 470 3342 sancto
491 3290 593 3355 quarto
612 3283 739 3340 concilio
757 3283 890 3354 egregius
948 3286 1062 3354 ptiones
1079 3299 1130 3342 nos
1145 3286 1249 3342 docent
1268 3286 1430 3343 ordinatam
1450 3286 1553 3342 seriem
1571 3287 1612 3342 ibi
1628 3300 1684 3343 non
1699 3301 1773 3344 con-

60 3380 146 3447 atguc
162 3374 321 3431 munilicus
336 3374 507 3444 praedicator
521 3374 548 3429 S.
563 3374 616 3430 Leo
631 3386 702 3443 papa
711 3378 739 3428 et
751 3371 812 3442 ipse
824 3370 891 3426 iecit
947 3374 1044 3430 tineri.
1059 3374 1208 3444 liepetitur
1217 3375 1294 3430 enim
1306 3376 1391 3431 tertio
1403 3375 1432 3428 in
1444 3374 1586 3440 orbiculo,
1598 3389 1649 3432 seu
1662 3375 1772 3445 clypeo,

61 3464 210 3531 eclesias,
236 3463 354 3535 quasin
375 3476 477 3519 austro
493 3470 522 3519 et
534 3462 656 3518 diversis
679 3474 826 3530 nrsnonns,
840 3472 891 3517 scu
946 3464 974 3518 S.
992 3461 1143 3524 Eusebius,
1167 3462 1284 3531 perinde
1296 3476 1329 3518 ac
1344 3461 1369 3518 si
1388 3461 1535 3517 habendus
1555 3470 1630 3517 esset
1644 3461 1772 3532 pontifex

63 3565 228 3609 incantans
242 3551 363 3624 pingens
377 3551 532 3607 decoravit.
547 3551 639 3617 Magis
654 3556 749 3605 autem
766 3548 795 3603 in
810 3560 891 3603 anst·
946 3564 963 3606 a
977 3550 1004 3605 S.
1020 3551 1102 3605 Petro
1123 3550 1243 3620 quintus
1260 3555 1287 3606 et
1310 3549 1580 3619 quinquagesimus,
1595 3563 1660 3606 cnm
1675 3549 1706 3605 in
1717 3551 1774 3606 ad-

63 3654 120 3698 txm
139 3655 236 3697 sxncn
257 3642 341 3696 Pxnm
362 3654 488 3697 erosnom
507 3652 605 3695 arcum
629 3639 735 3695 ibidem
756 3638 890 3706 majorem
947 3651 1028 3694 verso
1050 3638 1157 3707 pariete
1177 3636 1298 3692 australi
1321 3636 1351 3691 in
1373 3641 1485 3691 vetusta
1506 3643 1534 3692 et
1551 3637 1683 3693 ordinata
1700 3638 1775 3694 serie

63 3727 181 3797 iaciens,
198 3735 227 3786 et
244 3729 355 3786 musivo
369 3728 529 3800 depingens
548 3728 721 3784 Salinatorem
737 3726 890 3782 hominnm
947 3741 1000 3784 suu
1013 3727 1076 3782 loco
1086 3739 1247 3796 expressus,
1259 3724 1354 3780 sedem
1365 3723 1493 3780 obtineat
1504 3724 1561 3781 sihi
1572 3732 1775 3798 congruentem

63 3825 194 3874 nostrum
209 3819 307 3873 lesum
322 3817 478 3887 Christum,
502 3831 553 3873 seu
575 3816 681 3888 viginti
699 3820 822 3890 quatuor
843 3827 893 3870 se-
949 3816 1024 3870 inter
1045 3812 1209 3869 llarcellum
1224 3819 1252 3867 ct
1270 3811 1467 3882 hlelchiadem,
1484 3826 1547 3883 qnae
1563 3813 1619 3868 as.
1637 3814 1719 3869 Petro
1732 3817 1777 3869 est

64 3908 159 3964 riores
184 3906 304 3964 nomine
329 3920 383 3962 suo
405 3906 535 3962 versibus
555 3905 711 3975 decoravit,
737 3909 765 3960 et
785 3918 802 3959 a
824 3909 893 3959 tunc
949 3904 1098 3976 trigesima
1113 3902 1247 3958 secunda.
1262 3899 1387 3968 Quartus
1398 3899 1433 3955 ab
1448 3900 1502 3956 boc
1517 3901 1638 3972 repetito
1652 3901 1775 3958 Eusebio

64 4012 153 4069 mune
170 3998 310 4053 hactenus
330 3995 454 4052 tdeliter
466 4009 483 4051 a
497 3995 581 4051 nohis
601 4001 784 4051 venerantur.
803 3995 892 4049 »Duo
948 4001 1023 4064 (nam
1037 3997 1096 4047 tres
1116 3989 1239 4061 proximi
1254 3988 1458 4045 desiderantur
1470 4002 1534 4045 cum
1553 3989 1713 4060 deperditis
1727 3990 1776 4045 ln-

66 4085 108 4142 bic
121 4085 301 4143 observanda
317 4092 386 4140 snnt
399 4084 428 4139 in
440 4084 605 4140 testimonio
619 4082 750 4152 Adriani,
767 4081 890 4152 scilicet,
950 4077 1169 4150 scriptionibus)
1185 4082 1228 4134 est
1245 4077 1425 4144 Anastasius,
1442 4077 1493 4148 qui
1516 4077 1544 4133 in
1561 4079 1637 4134 serie
1655 4079 1776 4150 antiqua

65 4174 200 4231 ecclesias
215 4188 231 4230 a
246 4174 274 4229 S.
293 4175 382 4229 Leone
399 4179 514 4229 ornatas
533 4171 624 4229 luisse
638 4174 754 4234 musivo,
771 4171 893 4225 historiis
948 4176 976 4225 et
991 4169 1125 4225 ordinata
1140 4166 1259 4235 parietis
1273 4165 1412 4222 australis
1425 4171 1468 4223 est
1481 4165 1516 4220 ah
1532 4166 1655 4223 Eusebio
1671 4179 1774 4223 nonus.

68 4263 284 4331 etimapirritas,
300 4262 444 4331 praecipue
459 4260 620 4326 Paulinam,
635 4261 720 4329 cuius
735 4259 764 4315 in
781 4259 892 4315 musivo
947 4257 1132 4313 Anastasiou
1149 4254 1259 4325 excipit
1275 4254 1439 4324 Marcellus,
1458 4254 1526 4310 licet
1546 4254 1670 4312 Eusebio
1691 4261 1776 4311 ante-

69 4366 162 4406 nomea
176 4366 260 4406 suam
274 4365 416 4406 accersas
432 4350 567 4420 apposuit
591 4348 722 4404 Alterum
739 4353 782 4404 est
798 4347 893 4417 parti·
950 4348 1009 4403 rior
1021 4347 1104 4416 juxta
1126 4347 1227 4401 seriem
1250 4358 1357 4415 veram,
1374 4345 1404 4399 in
1422 4345 1542 4401 adverso
1559 4345 1666 4415 pariete
1680 4344 1775 4400 adbuc

72 4439 157 4494 culam
180 4455 229 4494 ssa
247 4439 463 4508 conjunctionis
481 4444 506 4493 et
527 4439 582 4493 vim
603 4436 706 4492 bahcre
724 4436 766 4508 (ut
786 4435 893 4492 terebat
907 4430 934 4492 D
947 4436 1142 4506 conspicuam.
1169 4432 1301 4489 ldarcello
1328 4433 1485 4503 apponitur
1508 4433 1663 4503 Adrianus,
1688 4431 1774 4490 annis

73 4541 136 4584 usus
147 4528 244 4584 aetatis
257 4527 352 4596 illius,
370 4529 401 4584 in
416 4527 501 4583 Libro
516 4526 677 4582 Pontificali
694 4539 768 4595 sape
783 4524 893 4594 repeti·
948 4523 1035 4580 lerme
1046 4521 1259 4595 quingentisah
1270 4521 1321 4576 illo
1331 4520 1584 4591 dissitus3deiude
1594 4521 1774 4593 Agatho,qui

75 4617 132 4687 ins),
147 4616 223 4687 quod
234 4617 353 4672 evidens
363 4621 406 4672 est
420 4617 449 4671 in
459 4615 653 4685 descriptione
667 4613 772 4669 musivi
785 4612 891 4682 operis,
947 4611 1104 4668 adrianum
1128 4609 1274 4681 precessit
1288 4614 1317 4665 et
1329 4608 1404 4665 alios
1425 4608 1547 4664 sedecim
1570 4608 1697 4678 ejusdem
1719 4608 1774 4665 de·

75 4705 184 4761 alcone
197 4707 299 4777 llagno
311 4705 438 4761 dedicati
452 4706 482 4760 in
496 4705 616 4760 basilica
632 4705 660 4759 S.
674 4702 764 4759 Pauli.
783 4701 893 4757 hsserit
948 4714 1084 4757 cessores.
1111 4698 1195 4753 Plane
1221 4697 1318 4767 itaque
1339 4702 1450 4754 constat
1474 4710 1508 4752 ex
1529 4695 1660 4753 orbiculo
1685 4696 1770 4752 tertio

77 4789 110 4845 ibi
121 4793 267 4863 depictum
283 4808 345 4851 esse
361 4793 538 4850 salvatorum
553 4793 652 4849 mnndi
666 4791 818 4847 Dominum
839 4802 892 4844 no·
949 4789 1048 4844 lateris
1070 4786 1194 4842 borealis
1218 4785 1321 4840 seriem
1344 4797 1398 4841 non
1422 4784 1630 4852 continuatam,
1650 4782 1697 4838 sed
1721 4796 1772 4852 pro

80 4886 159 4938 strum
168 4883 263 4939 lesum
274 4883 432 4951 Christum,
444 4898 491 4937 sca
501 4882 606 4954 viginti
618 4886 743 4952 quatuor
753 4879 890 4949 seniores,
948 4876 1070 4933 arbitrio
1085 4874 1217 4944 pictoris,
1229 4880 1311 4929 aetate
1324 4873 1432 4928 incerta
1445 4871 1579 4928 conducti
1594 4870 1629 4926 ad
1644 4868 1770 4940 implen-

82 4982 135 5027 tum
148 4978 177 5028 tt
191 4971 290 5030 tultus
308 4972 505 5042 nedempmris
525 4972 616 5027 nostri
631 4974 660 5027 et
675 4970 773 5040 figurae
787 4968 891 5040 viginti
947 4969 999 5022 das
1015 4961 1191 5036 imaginibus
1210 4974 1290 5016 areas
1308 4959 1486 5016 orbiculares
1505 4964 1533 5014 et
1550 4959 1644 5029 spatia
1659 4957 1770 5015 inscri-
1838 5013 1840 5017 .

83 5064 192 5126 mutuor
206 5061 355 5119 seniorum
372 5060 441 5117 hinc
457 5060 523 5116 inda
537 5059 688 5130 dispositae
702 5057 790 5114 simul
806 5057 894 5112 exhi·
949 5055 1079 5125 ptionum
1099 5052 1172 5123 (quac
1187 5047 1317 5105 vacantia
1334 5046 1434 5103 relicta
1450 5045 1563 5103 lucrant
1577 5047 1682 5105 saeculo
1697 5050 1770 5105 Leo-

83 5141 196 5206 bantur.
948 5144 1034 5199 niano
1060 5142 1095 5198 ad
1121 5151 1300 5196 successores
1320 5137 1370 5208 qni
1394 5135 1570 5205 inposterum
1594 5138 1770 5211 eligerentur

10 5250 12 5263 ¹
110 5236 218 5295 Constat
236 5237 329 5309 igitur
343 5237 428 5293 etiam
444 5251 479 5294 ex
492 5237 614 5293 Adriani
627 5238 638 5292 l
653 5235 819 5292 testimonio
835 5240 891 5291 tam
948 5246 1001 5289 suo
1011 5232 1112 5287 ordine
1126 5229 1167 5285 ihi
1181 5226 1543 5285 colorandosetornandos
1553 5225 1768 5298 chronologicis
1794 5239 1805 5266 ι

85 5328 201 5381 amman
222 5339 308 5398 quam
325 5326 453 5396 picturas
473 5327 650 5380 historiarum
669 5325 778 5381 Veteris
792 5324 893 5379 Testa·
948 5322 1025 5378 notis
1039 5333 1189 5386 annorum,
1207 5317 1348 5373 mensium
1361 5330 1393 5371 ac
1405 5314 1517 5372 dierum
1533 5316 1579 5372 sui
1592 5315 1767 5391 sacerdotii),

87 5415 157 5470 nenti
170 5422 198 5471 et
212 5417 348 5483 imagines
365 5414 532 5485 pontiiicum
547 5417 740 5470 Romanorum
756 5412 847 5469 luisse
863 5413 892 5468 in
948 5410 1044 5466 endem
1065 5407 1154 5479 spatia
1171 5414 1275 5463 temere
1296 5406 1413 5475 impleta
1433 5403 1533 5475 luisse,
1552 5404 1654 5474 liguris
1668 5405 1768 5474 ponti-

87 5495 188 5560 basilica
202 5504 297 5560 sancti
315 5504 396 5560 Pauli
414 5518 430 5559 a
445 5510 543 5560 sancto
559 5505 650 5560 Leone
664 5505 766 5574 Magno
781 5502 894 5557 consti·
949 5501 1044 5568 licum,
1060 5498 1131 5554 lorte
1146 5496 1261 5551 fortuna
1276 5493 1434 5551 collectisa
1453 5494 1559 5561 pictore
1579 5493 1768 5564 undecunque

87 5590 156 5648 ilias.
948 5589 975 5646 ei
991 5587 1136 5654 libuisset,
1155 5584 1236 5641 modo
1253 5584 1384 5654 repetitis
1400 5594 1435 5637 ex
1448 5582 1536 5637 reteri
1554 5580 1637 5639 modo
1653 5580 1769 5640 inlartis
