3892 6136
121 250 189 311 tati
250 313 254 324 ,

730 255 909 311 anastasii
930 253 1200 317 Dmuotuectnrt

1754 256 1821 314 tals

121 375 217 434 lideies
230 377 258 434 in
271 384 376 435 sortem
390 377 504 435 Domini
516 392 572 434 non
586 384 700 435 vocatos
712 392 727 434 a
742 386 874 436 contactu
889 394 938 434 sa·
949 383 977 441 A
993 384 1087 437 retulit
1101 386 1255 438 testimonio
1274 383 1444 452 obsequentis
1458 383 1647 451 promotionis
1674 381 1725 438 SS.
1740 384 1821 452 Paty-

119 452 191 506 crati
206 451 367 518 ministerii,
385 464 456 520 quas
475 451 605 506 edixerat
617 452 722 506 sixtus.
736 452 847 507 sixtina
861 453 938 506 enim

120 521 251 591 lemque
273 522 315 577 rel
336 521 429 589 unice,
453 523 496 577 rel
511 524 652 592 praecipue
669 528 849 592 prospexerat
864 538 940 578 roric

119 593 317 662 acdiliqentiae
327 594 492 663 praestanda
503 595 531 648 in
546 595 938 660 contrectationesacrorum,

120 676 155 719 ne
174 663 320 733 quidpiam
341 664 450 720 scilicet
472 664 560 721 oblati
589 672 617 720 et
638 668 796 720 consecrati
813 667 940 721 muueris

119 735 306 805 conversique
319 735 346 789 in
361 750 465 804 corpus
477 743 505 791 et
517 737 684 807 sanquinem
700 736 811 792 Domini
827 736 941 806 impruw

119 807 219 860 deuter
240 806 391 872 excideret,
418 815 504 877 atque
527 809 555 862 irr
579 815 684 864 terram
700 807 939 877 dilabereturlcui

119 876 249 946 periculo
269 877 420 933 cavebatur
439 885 582 934 reservato
596 886 728 934 contactu
745 893 876 934 vasorum
890 893 939 933 aa·

119 948 938 1017 cratiministeriisolisministris,dirinainstitutionead

120 1019 311 1074 sacerdotium
333 1022 453 1085 vocatis,
468 1028 496 1075 et
511 1023 544 1076 ad
563 1021 634 1076 illud
653 1021 864 1089 procurandum
892 1034 941 1075 se-

119 1090 623 1163 dulopontificumstudioexercitis),
638 1099 668 1148 ut
682 1093 938 1148 reddereturetiam

120 1161 201 1217 utilis
212 1161 245 1215 ari
271 1162 444 1219 cohibendas
465 1164 585 1219 hareses
598 1171 666 1218 tunc
684 1164 828 1226 subortas,
844 1170 871 1218 et
886 1162 939 1216 ab·

120 1246 203 1287 usum
222 1235 387 1296 biarcionis.
403 1250 435 1289 ac
452 1232 621 1290 seminarum
637 1236 765 1302 eiusdem
780 1235 939 1305 gregalium

118 1303 265 1358 audaciam
285 1306 479 1361 coercendam.
496 1322 551 1375 qua
569 1316 600 1361 ut
620 1307 669 1360 ille
682 1307 716 1361 ad
732 1307 938 1375 episcopatum,

119 1375 158 1430 ita
185 1375 247 1430 istae
271 1376 304 1430 ad
330 1377 522 1432 sacerdotium
540 1378 698 1446 pertingere
721 1375 939 1446 praesumebant,

119 1445 278 1502 roboranda
292 1445 405 1517 luitper
417 1449 551 1509 soterem,
563 1449 715 1503 interdicto
724 1449 826 1518 quovis
835 1447 938 1506 otiicio.

118 1530 152 1573 ac
163 1517 324 1573 ministerio
340 1519 509 1574 sacerdotali
522 1521 607 1574 etiarn
626 1520 723 1575 leuiori
740 1520 857 1574 lerninis
872 1518 941 1588 qui-

118 1587 298 1657 buscunque,
324 1589 389 1645 licet
408 1592 600 1646 sanctimonia
617 1589 816 1659 professionis,
837 1597 866 1645 et
878 1589 940 1643 rir-

118 1659 406 1731 ginitatistituloDeo
417 1675 466 1731 per
480 1662 627 1730 pontilicea
642 1663 816 1717 ritedicatis.
826 1663 938 1717 ldenim

994 458 1071 524 carpi
1096 463 1121 510 el
1147 458 1243 511 irenaei
1260 472 1326 520 erqo
1345 458 1372 508 S.
1403 455 1493 508 sedem
1514 457 1679 518 llomrtrrurn,
1701 455 1770 507 dum
1790 458 1821 507 rrd

993 528 1113 580 carradeci
1127 544 1183 582 sese
1206 529 1369 593 conterrent,
1396 530 1519 594 responsi
1532 528 1629 593 pratia
1649 526 1820 579 obtinendis

994 598 1067 651 Petri
1085 599 1283 652 successoribus
1300 614 1381 666 super
1401 598 1600 666 questionibus
1625 597 1660 650 de
1675 598 1821 665 disciplina

995 669 1123 736 subortis,
1141 670 1299 724 ltaecsulrdit
1308 685 1373 739 paq.
1391 668 1458 724 138:

1033 779 1045 807 a
1060 760 1165 828 Nempe
1176 758 1253 813 bisce
1267 757 1415 828 prioribus
1438 757 1526 813 etiam
1541 757 1663 813 saeculis
1684 757 1822 827 respicie-

995 827 1101 885 bantur
1116 829 1267 900 porrtilices
1277 831 1396 884 Romani
1414 835 1552 898 tauquam
1566 841 1744 884 communes
1758 831 1819 883 urri-

996 913 1142 956 rersorum
1159 901 1286 957 idelium
1304 907 1399 971 patres
1410 914 1466 955 non
1481 902 1565 956 modo
1579 901 1612 955 in
1627 901 1687 955 vita
1704 902 1821 969 spiritus

997 971 1153 1028 immortali
1173 973 1278 1028 luenda
1290 985 1339 1042 per
1353 972 1461 1026 Cbristi
1472 973 1612 1039 qratiam,
1623 985 1728 1027 verum
1743 972 1818 1027 etiam

996 1042 1024 1096 in
1040 1043 1427 1126 temporalisvitasubsidiis
1438 1043 1728 1106 necessariiscopori
1744 1043 1818 1097 mini·

995 1116 1133 1180 strandrs,
1151 1129 1213 1185 qua
1234 1115 1349 1171 inllnito
1363 1114 1568 1185 propemodum
1583 1127 1712 1169 numero
1725 1114 1819 1168 eunies

994 1199 1092 1239 sorum
1116 1186 1360 1241 subtrahebantur
1382 1198 1398 1240 a
1418 1184 1662 1254 persecutoribus
1683 1186 1818 1247 Ecclesia,

995 1269 1060 1311 cum
1075 1257 1107 1310 ad
1127 1265 1282 1312 extremam
1305 1270 1399 1312 rerum
1423 1259 1554 1312 omnium
1581 1257 1717 1325 inopiam
1736 1257 1819 1311 tideles

995 1327 1103 1382 Christi
1121 1328 1291 1399 redigerent.
1319 1329 1458 1383 Eusebius
1479 1328 1677 1383 caari-tensis
1698 1329 1819 1382 oculatus

997 1400 1079 1453 testis
1105 1399 1264 1454 luculenter
1290 1400 1445 1455 ostendito
1472 1415 1503 1455 se
1519 1405 1664 1469 spectata,
1690 1400 1818 1454 exaudita

996 1484 1065 1536 stlat,
1082 1484 1114 1525 ac
1130 1471 1311 1538 superiorum
1323 1477 1437 1526 alatum
1449 1471 1593 1540 exempla,
1608 1471 1697 1539 plane
1712 1485 1818 1538 respou-

996 1542 1094 1596 dentia
1117 1543 1283 1597 testimonio
1299 1542 1428 1612 Dionysii
1446 1543 1675 1598 Corinthiorum
1690 1545 1816 1612 episcopi.

995 1613 1047 1667 liro
1060 1613 1093 1667 ad
1112 1613 1252 1668 Romanos
1269 1613 1364 1669 ildelns
1389 1614 1521 1668 scribens
1536 1613 1724 1684 gratulatur,
1738 1615 1819 1684 rigere

995 1684 1070 1751 apud
1086 1684 1164 1752 ipsos
1177 1685 1425 1747 consuetudinem,
1437 1683 1472 1737 ab
1486 1685 1607 1755 origano
1622 1685 1718 1754 bujus
1734 1685 1818 1739 Eccle-

116 1733 255 1784 monuclroe
269 1732 458 1802 appellatione
475 1733 579 1802 (serius
593 1735 707 1802 quidem
722 1733 849 1799 inducta,
866 1739 938 1786 etex
954 1750 980 1811 Β
995 1755 1045 1808 55ae
1058 1761 1193 1823 perpetuo
1208 1757 1393 1818 custoditam,
1406 1761 1437 1810 ut
1450 1757 1549 1810 omnia
1576 1755 1720 1811 subsidia
1735 1757 1818 1811 omni,

117 1801 937 1876 phrasibuscatalogisecundiabibliotirecariistrurrslata

118 1874 148 1927 in
174 1872 251 1929 bunc
278 1888 439 1941 numerum¹
455 1890 519 1931 cum
533 1890 582 1946 per
603 1890 633 1932 ea
649 1877 684 1932 de
707 1874 813 1945 quibus
825 1875 939 1945 agimus

117 1957 243 2014 tempora
256 1948 364 2000 caeciliae
376 1950 430 2012 Dei,
451 1956 478 2002 et
492 1950 612 2015 virqiracs
627 1951 677 2002 Deo
692 1963 785 2009 sucre,
804 1953 854 2001 aut
870 1947 939 2000 Diu-

117 2022 228 2070 conr'ssac
250 2018 473 2089 appellarentur)
496 2018 711 2091 intelligendum
734 2031 796 2073 esse
814 2021 937 2081 constat,

117 2093 178 2142 turn
193 2101 226 2142 ex
242 2090 386 2144 adnotatis
399 2092 536 2159 superius
557 2093 586 2145 in
601 2091 745 2145 tilemente
758 2104 789 2144 ar·
812 2089 871 2157 Pio,
889 2086 937 2141 ubi

119 2157 310 2215 indicarimus
324 2163 562 2217 consuetudinem
577 2163 613 2217 ab
628 2161 768 2230 apostolis
785 2158 938 2228 prolectam

117 2228 263 2300 uirginum
278 2234 333 2286 Deo
355 2233 552 2293 dicandorum,
573 2242 632 2288 tum
648 2247 682 2288 ex
693 2232 879 2287 observandis
891 2229 940 2283 in-

118 2298 160 2355 ira
176 2301 209 2355 ad
226 2303 316 2356 Vitam
334 2305 435 2358 Leonis
449 2305 542 2375 liaqni
557 2318 675 2359 numero
686 2301 730 2370 oi,
747 2301 940 2358 ubimonuelrae

118 2373 234 2427 nomine
245 2375 400 2442 exponitur
411 2389 443 2429 ea
457 2391 519 2446 quac
535 2377 714 2444 virginitatis
730 2375 940 2431 dedicationem

116 2451 341 2512 consequeretur
354 2445 939 2516 benedictionevelamioiscapitisuorur-

119 2515 252 2582 ponendi.
266 2530 314 2580 per
326 2517 413 2572 ritum
427 2520 511 2587 paulo
521 2526 586 2572 ante
596 2519 822 2574 demonstratum
838 2518 865 2570 irr
880 2516 939 2579 l‘io,

116 2597 150 2639 ex
167 2585 252 2640 veteri
265 2588 377 2655 pictura
394 2602 422 2643 rn
436 2590 545 2658 cryptis
557 2591 602 2644 Ss'.
618 2591 774 2659 Martyrum
788 2594 898 2657 reperta
910 2586 938 2640 in

117 2657 279 2711 caemeterio
303 2659 452 2714 Priscilla.
478 2681 490 2710 u
514 2661 564 2713 llic
587 2661 743 2715 constituit
757 2666 788 2714 ut
803 2656 938 2713 monaelra

117 2738 173 2779 non
193 2729 252 2780 acci
274 2735 333 2783 eret
347 2730 499 2784 velaminis
512 2730 864 2799 capittsbenedlctinnem,
881 2727 938 2782 nisi

118 2795 234 2865 probata
249 2743 337 2854 guerit
354 2800 382 2854 in
395 2801 558 2872 virginitate
573 2803 720 2873 sexaginta
735 2813 885 2856 annorum.
904 2817 917 2847 a

454 2908 614 2964 ClliCONll.

75 3050 78 3055 -
153 3014 238 3069 Linea
250 3013 938 3085 6.—thieliurnsepullusestincoemeterioCuliati,

116 3087 837 3158 uiu.tppiu.Sarretusbicpontiiexsepultusestria
850 3087 940 3156 Appia

117 3156 146 3210 in
172 3160 344 3223 eoemeterio,
373 3160 446 3230 quod
472 3161 532 3230 ipse
550 3161 709 3223 contruxit,
726 3167 753 3213 et
774 3159 883 3214 Soteris
906 3158 941 3212 de

118 3230 233 3283 nomine
260 3244 313 3285 suo
328 3231 504 3299 appeliatum
528 3241 581 3300 est,
599 3245 680 3301 quem
699 3237 762 3299 post
783 3243 874 3285 annos
888 3225 941 3284 oid

115 3299 608 3371 Sergiuspontilexblaximusbulus
621 3300 939 3356 rrominissccundusin

118 3372 272 3427 Ecclesiam
287 3381 451 3428 sanctorum
466 3373 603 3443 sylvestri
621 3382 650 3427 et
671 3373 787 3428 ilartini
803 3376 832 3426 irr
856 3384 941 3427 mon-

118 3440 195 3495 tibus
210 3443 297 3498 titulo
312 3445 417 3514 equitii
432 3445 599 3500 transtulit:
616 3454 648 3499 ut
662 3458 695 3499 ex
709 3444 827 3515 antiqua
842 3443 882 3498 ibi
900 3444 940 3496 in·

116 3512 271 3582 scriptione
285 3515 390 3585 liquet.

491 3607 593 3663 exult.

154 3691 238 3748 Linea
253 3689 278 3747 l.
303 3725 339 3733 -
351 3695 437 3750 Soter.
452 3697 490 3751 De
511 3696 618 3764 sotere,
635 3701 664 3751 et
679 3694 802 3750 Ecclesia
817 3696 941 3750 Domana

117 3761 232 3817 illustre
247 3772 338 3820 exstat
355 3768 552 3822 testimonium
569 3767 701 3837 Dionysii
722 3767 940 3823 Corinthiorum

116 3835 254 3902 episcopi.
267 3837 334 3889 Cum
345 3839 420 3891 euim
431 3839 556 3892 Ecclesia
566 3840 690 3893 llomana
702 3843 776 3893 esset
786 3837 941 3905 opulentis·

117 3906 201 3970 sima,
218 3903 340 3960 aliarum
354 3909 539 3964 ecclesiarum
557 3910 682 3979 inopiam
700 3909 874 3964 liberalitate
889 3924 940 3964 sua

117 3973 293 4040 sublevabat,
316 3984 343 4032 et
359 3977 541 4035 iratribusad
564 3981 708 4036 metallum
722 3981 876 4038 damnatis.
890 3986 941 4035 aut

118 4045 149 4099 in
162 4046 298 4102 exsilium
312 4051 419 4116 missis,
435 4051 571 4106 alimenta
585 4059 613 4106 et
629 4065 744 4106 munera
771 4051 941 4106 submittere

117 4125 313 4180 consueuerat,
340 4134 423 4189 quern
449 4137 557 4188 errorem,
584 4124 680 4187 inquit
696 4124 851 4191 Dionysias
864 4122 937 4190 apud

119 4187 285 4254 Eusebium,
301 4189 354 4243 lib.
381 4207 417 4245 ru.
434 4191 551 4259 capili,
567 4216 578 4243 a
592 4195 689 4246 Decius
705 4195 940 4261 episceqrusucslcr

117 4256 195 4312 Soter
209 4273 263 4311 nera
279 4267 395 4316 serrtutvil
413 4263 508 4328 solum,
524 4280 618 4317 ver-uin
632 4267 714 4316 elium
727 4264 845 4318 rtrluucrt
861 4271 937 4330 ;iurn

116 4344 232 4383 rnuneru
245 4337 348 4385 structis
372 4335 507 4387 destirrrttu
523 4339 625 4404 copiosa
647 4335 868 4400 subrrtrrrislruns,
882 4340 939 4388 lrtm

119 4403 219 4454 careres
231 4418 343 4471 pereqre
362 4406 537 4460 rrdccrrierttes
555 4412 687 4474 lurrqturm
700 4406 797 4458 liberos
810 4422 872 4459 suos
881 4424 939 4476 pu-

117 4476 157 4525 ter
168 4477 373 4531 amantissimus
389 4478 473 4531 beatis
483 4477 650 4532 sermonibus
664 4477 860 4532 consolando.»
877 4480 939 4531 liae

117 4546 144 4597 s.
159 4545 314 4616 Dionysius
328 4549 356 4602 in
376 4549 498 4618 epistola
517 4551 550 4604 ad
568 4552 707 4603 llomnuos
722 4549 802 4603 data.
820 4552 848 4604 lrr
865 4549 941 4604 bunc

119 4629 201 4671 usum
215 4616 451 4676 llebanrcollectae
463 4623 492 4675 in
505 4620 629 4677 Ecclesia
642 4621 819 4689 itomana,de
834 4621 942 4692 quibus

117 4693 231 4742 exstant
242 4690 355 4760 aliquot
368 4693 394 4747 S.
418 4693 519 4748 Leonis
533 4706 611 4762 papae
626 4704 780 4746 sermones.
797 4690 864 4760 Qua
878 4694 943 4748 inu-

117 4759 226 4815 dabilis
243 4763 420 4818 cousuetudo
431 4765 487 4832 jam
506 4765 601 4819 iodea
628 4763 729 4833 primis
748 4767 941 4832 apostotorum

118 4829 295 4900 temporibus
305 4833 447 4904 instituta,
458 4835 485 4890 irr
494 4841 634 4905 postrema
647 4837 733 4890 etiam
746 4838 944 4904 persecutione

117 4903 289 4959 Diocletiani
310 4911 422 4961 servata
442 4915 494 4968 est,
516 4912 545 4961 ut
561 4907 611 4962 lib.
631 4921 666 4967 rr.
681 4921 743 4976 cap.
759 4904 804 4971 23,
822 4915 944 4962 testatur

118 4975 269 5048 Eusebius.
279 4976 340 5046 Quo
351 4982 478 5047 tempore
493 4978 618 5034 Ecclesia
628 4979 754 5033 Romana
767 4979 944 5033 Christianis

117 5047 152 5101 ad
170 5048 283 5103 metalla
310 5049 475 5117 Palaestinae,
500 5057 527 5105 et
551 5064 600 5120 per
623 5050 773 5120 AEgyptum
800 5052 944 5104 damnatis

117 5117 252 5173 collectos
264 5121 400 5188 pecunias
421 5121 509 5174 misit.
527 5122 564 5175 lie
581 5121 633 5176 boc
649 5134 726 5175 more
742 5121 873 5175 Romarm
890 5123 945 5175 Ec-

117 5189 213 5244 creste
242 5196 343 5258 practer
370 5192 537 5260 Dionysium
558 5192 787 5260 Corinthiorum,
814 5191 945 5262 loquitur

117 5260 203 5315 etiam
216 5262 371 5331 Dionysius
389 5262 600 5318 Alexandrinus
618 5263 817 5330 inepistolaad
830 5264 945 5333 stepba·

119 5344 184 5386 nuru
200 5345 309 5402 papam,
322 5348 407 5403 quam
419 5333 505 5389 refert
518 5333 714 5389 liusebiuslib.
729 5331 813 5402 'leap
827 5334 945 5403 ispi-io·

118 5418 176 5454 rum
195 5404 305 5471 quidem
314 5407 463 5474 prouincia)
476 5421 575 5472 omnes,
591 5407 688 5477 inquit
702 5408 870 5476 Dionysius,
884 5423 945 5461 cum

118 5473 235 5537 rtrrrbic,
252 5474 517 5543 quibusidcrrtidem
530 5482 682 5531 rrecrssuriu
694 5479 886 5547 suppeditatis.
905 5481 945 5534 lta

120 5542 250 5599 Valesius
265 5548 292 5599 in
315 5548 392 5603 notis
403 5549 436 5602 ad
452 5561 514 5618 cap.
527 5545 563 5603 ‘23
573 5549 640 5603 libri
654 5564 679 5605 rv
691 5549 819 5604 liusebii.
833 5550 946 5606 Colitur

117 5613 145 5668 S.
162 5614 243 5668 Soter
255 5617 303 5670 die
315 5615 351 5671 “22
365 5619 481 5688 Aprilis

447 5709 613 5766 soxttltmt.

151 5793 305 5864 Postquam
315 5794 446 5851 Sommier
465 5799 513 5856 lib.
533 5811 552 5856 tt
574 5799 637 5854 diet
661 5798 861 5867 dopmattcos.
873 5801 945 5856 sedis

995 1824 1049 1880 bus
1068 1826 1199 1881 ecclesiis
1216 1828 1411 1881 transmittere
1425 1833 1576 1892 currarent,
1594 1835 1624 1882 et
1653 1828 1816 1898 singillatim

996 1897 1162 1951 ministrare
1171 1896 1310 1952 iratribus
1325 1897 1534 1968 indigentibus,
1551 1901 1722 1968 praesertim
1733 1899 1765 1952 ad
1778 1913 1818 1951 me

994 1968 1062 2023 talla
1078 1969 1233 2035 damnatis,
1252 1969 1384 2037 prasidio
1401 1969 1476 2023 vitae.
1497 1970 1522 2023 ld
1541 1971 1681 2039 segniter
1694 1971 1818 2026 obserua-

995 2047 1055 2093 tum
1068 2040 1104 2093 ab
1114 2041 1233 2095 exordio
1248 2054 1306 2095 suae
1324 2039 1504 2095 laudationis
1522 2039 1643 2112 (aprima
1666 2042 1817 2112 paremio-

994 2126 1077 2164 munc
1095 2111 1224 2179 Ecctesurl
1249 2125 1393 2180 nunquam
1421 2125 1477 2165 non
1502 2114 1631 2181 prestitit
1647 2114 1816 2183 diligentem

995 2180 1096 2236 beatus
1121 2196 1186 2236 vero
1214 2183 1503 2247 Soter‚decessorum
1531 2199 1661 2240 srrorrrm
1693 2186 1815 2239 imitator.

997 2253 1036 2307 ita
1054 2255 1238 2323 prosequitur
1253 2255 1409 2322 custodire,
1424 2261 1456 2307 ut
1468 2257 1557 2309 etiam
1572 2257 1732 2312 cumulare
1744 2268 1816 2323 supc-

997 2325 1106 2378 riorum
1124 2325 1290 2393 puntriicum
1308 2325 1454 2379 lreneliciis
1470 2328 1647 2381 mantissam
1666 2328 1761 2385 addat.
1779 2347 1789 2373 r

1034 2398 1134 2449 lleirrde
1148 2397 1259 2449 Eusebii
1273 2397 1354 2449 uerbo
1369 2413 1403 2450 ec
1414 2396 1532 2450 editione
1546 2398 1706 2454 (iserniensi
1727 2400 1815 2470 propri

995 2469 1034 2519 ilo
1046 2467 1142 2520 ertine
1155 2469 1264 2521 redditu
1282 2489 1289 2522 :

1033 2576 1044 2606 a
1076 2558 1265 2612 itomarrorum
1295 2558 1546 2617 consuetudinem.
1569 2574 1637 2629 quae
1654 2562 1770 2615 assidue
1788 2557 1814 2612 ad

996 2627 1068 2683 banc
1083 2627 1306 2697 persecutionem
1320 2636 1415 2684 nostra
1429 2636 1512 2684 atate
1522 2639 1712 2700 grassantem
1722 2638 1815 2686 serrata

995 2705 1049 2762 est,
1065 2713 1235 2769 magnopere
1250 2699 1411 2767 approbans
1426 2702 1608 2771 (Dionysius)
1635 2704 1694 2758 ista
1709 2703 1814 2758 scribit:

995 2771 1076 2839 Apud
1092 2784 1139 2823 rus
1153 2771 1177 2825 is
1195 2785 1254 2827 mos
1272 2772 1328 2840 jam
1347 2773 1522 2833 inveteravit,
1550 2781 1583 2828 ut
1602 2787 1709 2830 omnes
1730 2774 1816 2829 iratres

997 2842 1087 2896 variis
1101 2841 1251 2897 alliceretis
1276 2845 1443 2898 benellciis:
1462 2853 1491 2898 et
1507 2845 1656 2900 Ecclesiis
1670 2846 1815 2915 permultis.

997 2927 1060 2982 quau
1074 2913 1102 2967 in
1119 2915 1235 2968 civitate
1249 2928 1362 2985 quaque
1379 2921 1458 2981 sunt,
1475 2916 1543 2969 ritae
1557 2918 1720 2972 mitteretis
1732 2917 1816 2972 subsi-

996 2984 1054 3038 dia.
1072 2986 1118 3039 Sic
1135 2985 1217 3054 plane
1242 2999 1297 3041 nnrr
1320 2986 1413 3041 solum
1435 2988 1585 3054 egentium
1601 2989 1765 3043 sublevatis
1778 2990 1816 3041 in·

997 3056 1102 3125 opiam,
1128 3069 1224 3112 vertum
1255 3057 1341 3112 etiam
1366 3056 1517 3124 iratribus,
1551 3061 1604 3128 qrri
1634 3061 1751 3116 suntad
1768 3072 1816 3112 mc·

956 3128 980 3190 C
997 3127 1065 3182 talla
1081 3127 1219 3182 damnati.
1247 3143 1328 3198 opem
1354 3127 1453 3184 lentis:
1476 3130 1580 3198 sicque
1610 3145 1665 3199 per
1677 3146 1711 3188 eo
1724 3130 1817 3186 benci-

996 3199 1097 3253 centiae
1112 3198 1253 3264 subsidia,
1268 3201 1399 3270 quaejam
1423 3215 1439 3255 a
1455 3201 1561 3269 prirnrs
1575 3202 1718 3258 Ecclesiae
1732 3211 1816 3257 restra

994 3269 1081 3338 jactis
1098 3270 1292 3326 fundamentis
1304 3272 1410 3342 passim
1421 3273 1534 3326 mittere
1542 3277 1753 3338 cousueuistis,
1763 3286 1816 3328 cunr

997 3340 1064 3396 sitis
1076 3342 1206 3408 domani,
1223 3342 1414 3398 Rornanorum
1437 3346 1690 3400 consuetudinem
1705 3361 1721 3401 a
1739 3347 1818 3399 l‘atri-

997 3410 1051 3467 bus
1070 3413 1204 3467 traditam
1215 3413 1314 3468 sedulo
1328 3415 1495 3469 obseruatis.
1513 3416 1610 3483 Quam
1627 3419 1747 3487 quidem
1758 3425 1820 3471 certe

997 3483 1099 3539 beatus
1113 3486 1194 3539 Soter
1208 3492 1300 3540 vester
1318 3487 1483 3554 episcopus,
1496 3494 1527 3540 et
1548 3486 1698 3544 hactenus
1709 3487 1818 3545 custodi-

997 3555 1218 3626 virdiligenter,
1241 3564 1270 3611 et
1286 3557 1389 3611 mirum
1407 3557 1436 3610 irr
1467 3557 1585 3612 modurn
1611 3574 1669 3616 suo
1697 3571 1818 3628 propenso

997 3627 1096 3682 studio
1110 3626 1247 3682 adauxit:
1266 3629 1352 3752 idffiue
1367 3641 1422 3682 non
1437 3627 1522 3683 modo
1540 3642 1612 3698 opes
1632 3632 1663 3685 in
1678 3639 1819 3686 sanctosre

998 3698 1135 3752 ircierrdos
1152 3699 1297 3770 delegatas
1327 3711 1430 3768 enrqnc
1444 3699 1710 3759 subministrando
1721 3723 1729 3767 ;
1740 3712 1818 3757 verua

996 3772 1081 3823 etiam
1101 3769 1204 3825 iratres
1216 3771 1250 3826 ad
1269 3771 1362 3839 ipsum
1377 3773 1579 3839 adventantes,
1597 3781 1741 3845 tanquam
1759 3780 1820 3842 pater

999 3841 1365 3910 indulgensetclemcnsirr
1378 3841 1494 3906 liberos,
1504 3840 1637 3899 beatoac
1651 3848 1820 3914 pioserrnunc

998 3913 1030 3965 ..d
1048 3912 1181 3967 virtutem
1199 3914 1384 3968 cohortando.
1404 3931 1416 3960 a
1433 3912 1563 3983 (Euseb,
1589 3917 1700 3971 ilistor.
1730 3917 1776 3972 lib.
1793 3929 1819 3977 rr.

996 3981 1126 4052 capii.)

1033 4073 1082 4126 llis
1095 4088 1128 4126 ec
1138 4073 1254 4127 historic
1265 4073 1378 4128 Eusebii
1385 4073 1531 4142 productis
1542 4085 1709 4144 sequentem
1729 4077 1821 4144 sttby'iril

995 4142 1207 4198 obseruationem
1232 4145 1363 4198 lureclclus
1387 4145 1490 4213 praesul
1511 4145 1654 4201 Sommier
1677 4153 1821 4202 interruptus

995 4215 1032 4266 uri
1057 4215 1175 4268 Soterem
1202 4219 1296 4269 interito
1318 4216 1481 4282 elipertcicrm
1504 4232 1567 4285 qtae
1594 4228 1741 4273 narentur
1755 4221 1820 4271 etiarn

993 4290 1095 4350 referri
1113 4289 1186 4339 inter
1203 4288 1402 4340 obseruationes
1417 4287 1456 4340 ud
1479 4288 1690 4344 illustrandum
1712 4290 1821 4356 Dionysii

993 4361 1136 4426 epistolum
1155 4366 1332 4426 opportunus

1032 4467 1045 4496 a
1065 4449 1093 4500 ln
1111 4447 1359 4517 imagineantiqui
1371 4448 1458 4517 hujus
1467 4450 1628 4521 sanctique
1641 4447 1823 4521 pontilicisel·

954 4505 980 4565 D
997 4517 1090 4587 ligicrn
1109 4525 1256 4572 rnlrrernur·
1269 4521 1423 4573 Elearcuts
1445 4520 1493 4575 xt.
1511 4525 1664 4579 exsatiem
1690 4529 1756 4579 sede
1781 4534 1818 4575 nos

999 4589 1083 4644 lrodie
1098 4590 1295 4658 gubernantis.
1313 4591 1498 4660 llrry'usplena
1513 4591 1718 4651 humanitatis
1731 4597 1816 4649 virtus.

997 4661 1145 4717 comitatis
1168 4663 1310 4730 exceptio,
1337 4663 1449 4717 indoles
1473 4661 1689 4734 beneticentiae,
1712 4670 1818 4736 spectata

997 4731 1173 4800 eloquentia,
1187 4741 1216 4787 et
1227 4747 1277 4788 ars
1290 4732 1473 4789 admirabilis
1492 4734 1612 4790 animos
1637 4736 1817 4793 devinciendi.

998 4810 1025 4857 et
1051 4805 1196 4858 mentibus
1219 4805 1391 4873 imperandi.
1413 4810 1499 4875 atque
1517 4805 1704 4874 inspirandce
1722 4806 1819 4878 pietatis

998 4875 1082 4930 adse
1104 4877 1318 4940 accedentibus,
1350 4884 1414 4931 nota
1430 4877 1488 4944 jain
1504 4876 1613 4935 decora
1637 4882 1819 4942 universis‚et

1000 4955 1146 5015 perspecta
1162 4958 1239 5002 sunt.
1257 4947 1457 5014 Experimento
1468 4947 1587 5016 proprio
1607 4952 1668 5007 naec
1684 4950 1816 5007 addidici:

1001 5018 1057 5074 imo
1073 5033 1129 5087 qua
1146 5019 1194 5073 die
1212 5019 1269 5073 bruc
1282 5019 1310 5072 irr
1324 5018 1434 5072 litteras
1448 5024 1563 5082 mando,
1586 5024 1702 5092 accepi.
1719 5021 1818 5077 Sancti·

999 5096 1084 5144 tatem
1100 5104 1179 5145 suam
1195 5104 1229 5145 ex
1246 5089 1349 5144 aerario
1380 5088 1529 5157 pontilicio
1556 5094 1764 5149 transmisisse
1778 5095 1819 5146 l‘a-

1001 5161 1089 5215 risios
1110 5162 1251 5230 ingentem
1265 5162 1392 5230 pecunie
1406 5161 1462 5215 vim
1478 5161 1514 5215 ad
1544 5162 1721 5220 relevandas
1735 5163 1818 5233 inclyti

1002 5231 1084 5286 illius
1101 5232 1244 5300 principis
1256 5234 1450 5290 necessitates.
1463 5233 1514 5300 qui
1526 5233 1621 5290 decus
1630 5238 1780 5294 catholice
1790 5248 1820 5288 rc·

1001 5303 1121 5368 licionis
1134 5305 1260 5371 yrraetulit
1275 5305 1363 5372 regiis
1377 5302 1474 5358 titulis
1487 5318 1611 5361 suarum
1631 5309 1804 5364 caeritum.»

1036 5375 1122 5440 Ortum
1147 5375 1261 5427 literram
1284 5375 1338 5428 lucc
1361 5377 1389 5427 ln
1409 5374 1514 5428 litteriis
1540 5380 1745 5433 nrrrnrlrtturrtrrt
1772 5392 1819 5433 cum

1000 5446 1029 5501 C.
1061 5447 1092 5500 V.
1134 5447 1265 5500 Sorrrmrer
1286 5451 1416 5514 perlaturus
1438 5447 1614 5516 Dionysium,
1642 5454 1668 5503 si
1693 5455 1763 5505 inter
1782 5463 1819 5501 nm

1000 5521 1099 5571 uiueret
1113 5519 1123 5571 l
1139 5520 1171 5571 lrt
1193 5523 1307 5585 utruque
1332 5519 1404 5571 enirn
1427 5519 1555 5586 prirtripe
1580 5525 1772 5576 continuatum
1792 5522 1819 5571 ul

1000 5591 1104 5655 eripiare
1120 5605 1170 5642 suc
1186 5590 1310 5642 Ecclesiae
1326 5592 1450 5642 llorrrnruc
1462 5590 1543 5643 titteris
1553 5597 1728 5663 praecipuum
1743 5609 1818 5656 aqim-

1000 5666 1084 5713 scerel
1101 5680 1108 5713 :
1129 5663 1157 5714 in
1173 5661 1275 5726 cestrie,
1292 5666 1316 5713 el
1331 5660 1395 5728 dxliii
1408 5676 1490 5713 errusu
1508 5663 1630 5731 spoliato
1644 5669 1767 5735 perterrti>
1781 5680 1819 5714 rr·-

998 5733 1070 5798 pnis‚
1089 5735 1269 5784 coustantium
1294 5733 1499 5798 crrrtsessorurn,¹
1524 5737 1554 5786 in
1571 5740 1715 5805 pontifice,
1736 5737 1819 5803 busyri-

999 5805 1036 5858 tio
1058 5804 1131 5872 repis
1156 5804 1304 5870 ploriosum
1319 5805 1440 5873 inopium
1463 5804 1594 5862 Romanae
1623 5809 1751 5864 Ecclesia
1762 5821 1819 5861 mn·
