3892 6136
127 269 198 327 tt35
740 273 921 330 anastasii
947 270 1221 329 biblioruitcnuit
1774 279 1834 339 im

126 400 160 456 ad
176 399 289 456 suturas
300 401 421 458 hareses
429 402 622 472 debellandas,
635 403 770 458 arianam
782 404 950 472 praesertim,
962 402 990 462 A
1006 407 1083 458 tores
1092 401 1254 470 probantes
1264 402 1429 459 testimonio
1437 403 1465 459 S.
1475 403 1631 461 Athanasii
1640 405 1686 476 (de
1700 407 1832 476 Spnodm.

126 472 481 529 ethostiumdivinitatis
501 473 619 528 Christi.
645 473 876 540 &Athanasius
899 477 949 544 qui
1005 473 1057 528 llic
1084 473 1274 528 heresiarcha
1307 473 1437 541 docebat,
1471 476 1567 531 lesum
1598 477 1755 534 Christum
1794 496 1834 537 so-

127 541 181 597 boc
193 549 324 609 testatur,
341 543 424 600 nohis
440 546 619 614 praeservavit
642 545 759 600 illorum
775 546 950 614 scriptorum
1006 542 1062 599 lam
1075 543 1200 599 bominis
1213 549 1344 599 naturam
1360 544 1475 611 habere,
1488 547 1799 617 ejusquesanauinem
1810 555 1833 607 in

126 611 329 685 fragmentum,
347 616 376 670 in
391 629 447 684 quo
461 615 689 671 sabellianorum
705 621 733 670 et
747 617 951 672 marcionista·
1004 614 1488 684 Eucharistiaeesseoorruptihilem.
1498 618 1834 688 (Euseb.‚Eist.,lrb.ru.

128 687 339 755 rumoppositae
354 686 473 741 invicem
487 686 713 754 blaspbemiaeex
725 701 806 755 aequo
821 687 950 756 proscri-
1004 699 1066 753 cap.
1080 683 1125 747 92.
1137 692 1164 740 et
1182 685 1210 740 S.
1224 686 1353 755 Dionys,
1363 687 1452 756 Epist.
1465 688 1529 742 ado.
1544 690 1680 744 Paulam.
1695 693 1835 765 samosat.)

128 754 252 811 buntur:
264 776 276 808 ι
289 757 389 813 blerito
401 757 537 826 deinceps
546 756 668 812 dixerim
681 759 710 812 in
721 758 872 821 divisores,
884 771 948 814 sec-
1003 755 1177 811 Credehatur
1186 757 1277 825 igitur
1286 761 1478 825 prasensanti
1504 761 1550 816 uis
1563 760 1763 818 hisEcclesia
1771 772 1835 820 tem-

127 832 269 897 toresque,
296 834 324 882 et
346 834 536 896 peremptores
561 829 791 884 reverendissimi
819 829 949 884 Ecclesiae
1005 827 1124 896 poribus
1133 827 1267 909 Christus
1279 829 1419 883 Dominus
1433 829 1462 884 in
1477 774 1682 899 garbariam,
1700 849 1783 904 quem
1795 851 1834 892 re·

125 897 175 952 Dei
189 899 334 967 praeconii,
351 899 401 968 qui
419 899 613 954 monarchiam
630 900 658 954 in
675 907 772 955 ternas
794 901 947 970 potentias,
1003 899 1761 971 centessectarrinegantllrroressuosabjuravitin
1772 921 1834 962 con·

126 973 279 1039 ternasque
296 969 484 1032 substantias,
500 976 528 1024 et
551 976 647 1025 ternas
666 971 788 1026 deitates
809 976 944 1040 carpunt.
1003 968 1074 1024 cilio
1088 970 1191 1037 primo,
1207 981 1240 1023 ea
1255 969 1289 1024 de
1304 982 1392 1025 causa
1403 969 1503 1027 habito
1517 985 1573 1027 sua
1591 974 1622 1027 in
1640 975 1773 1032 Ecclesia
1782 981 1833 1033 hn-

124 1039 219 1094 Audio
233 1040 308 1095 enim
320 1041 457 1111 quosdam
471 1040 545 1111 apud
562 1054 611 1096 vos
623 1042 714 1097 divini
728 1041 823 1097 verbis
839 1042 949 1112 magis·
1004 1038 1147 1094 tiocbena.
1162 1039 1264 1095 Verum
1278 1053 1344 1095 oum
1360 1041 1498 1098 simulato
1512 1043 1541 1099 id
1559 1042 1671 1100 iecisse
1692 1061 1833 1119 cognosce

126 1115 195 1167 tros.
212 1109 299 1179 huius
310 1112 459 1167 sententiae
473 1110 659 1181 professores,
674 1113 724 1182 qui
740 1126 775 1167 ex
794 1113 946 1180 diametro,
1003 1117 1092 1179 retur,
1102 1117 1199 1165 coacta
1211 1110 1316 1166 ibidem
1330 1113 1455 1168 secunda
1465 1115 1835 1190 synoduseumdemdepo-

124 1181 946 1254 utitndicam.pugnaotcumplacitisSabelii.illeenim
1003 1181 1073 1235 suit.
1099 1179 1230 1236 «Omnes
1252 1195 1318 1237 vero
1344 1183 1473 1253 episcopi
1495 1191 1524 1239 et
1557 1193 1706 1255 pastores,
1741 1194 1835 1260 quiin

124 1266 188 1306 oum
201 1252 377 1321 blasphemia
392 1254 476 1321 dicit,
492 1253 597 1308 Filium
612 1256 803 1310 essePatrem.
818 1255 949 1309 Patrem·
1003 1250 1128 1307 concilio
1157 1260 1311 1307 memorato
1336 1260 1418 1308 erant
1440 1255 1546 1321 vocati,
1575 1271 1667 1313 unam
1697 1265 1833 1318 communi

125 1336 180 1393 que
195 1323 300 1378 lilium
314 1343 320 1378 :
334 1325 382 1379 isti
393 1330 487 1379 autem
497 1324 707 1392 quodammodo
722 1329 780 1379 tres
789 1325 857 1380 deos
874 1339 948 1379 con·
1002 1335 1143 1378 conansu
1156 1322 1305 1392 epistolam
1319 1323 1353 1378 ad
1369 1325 1541 1394 Dionysium
1553 1329 1731 1397 episcopum
1740 1333 1836 1388 liona-

123 1395 260 1460 stituunt‚
271 1396 338 1450 dum
351 1396 381 1448 in
391 1401 448 1449 tres
456 1394 633 1450 substantias
645 1396 822 1465 alienigenas
836 1396 948 1451 etinter
1003 1406 1082 1458 num,
1098 1394 1170 1448 etad
1188 1394 1341 1448 ltaximum
1355 1395 1538 1452 alexandrie
1553 1399 1722 1457 Ecclesiam
1739 1417 1834 1473 procu·

122 1471 262 1521 semutuo
270 1472 431 1537 segregatas
439 1471 565 1521 sanctam
574 1466 711 1522 unitatem
720 1467 946 1535 dispartiuntur.
1003 1469 1112 1519 rantem
1124 1465 1295 1519 nominatim
1308 1466 1558 1536 conscripserunt,
1567 1471 1660 1539 cujus
1671 1475 1835 1544 exemplaris

122 1536 205 1591 Uniri
219 1537 295 1591 enim
310 1549 457 1592 necessum
472 1543 515 1591 est
529 1537 657 1592 omnium
673 1539 730 1592 Deo
744 1537 795 1592 Dei
812 1536 946 1595 Verbum.
1002 1536 1834 1610 adomnesprovinciasmiserunt.a(euseb,libanum..

82 1627 84 1633 ·
122 1613 151 1663 et
173 1608 201 1661 in
225 1619 258 1662 eo
283 1607 389 1664 herere
411 1608 577 1677 versarique
600 1609 741 1677 Spiritum
762 1613 947 1670 sanctumet
1003 1602 1138 1677 capili

122 1682 249 1734 sanctam
263 1679 432 1733 Trinitatem
450 1679 479 1733 in
494 1691 583 1734 unum
605 1682 735 1735 omnium
747 1692 842 1733 rerum
857 1680 946 1734 Deum
1039 1676 1616 1749 Paulusrecusansdomumepiscopalem
1628 1684 1834 1744 cederedomno

121 1749 356 1818 omnipotentem,
386 1749 475 1806 veluti
500 1751 529 1804 in
556 1752 690 1805 verticem
718 1750 945 1819 principemque,
963 1747 1128 1834 Bsuumin
1141 1746 1373 1815 locumsuliecto,
1384 1751 1418 1805 ad
1430 1750 1642 1819 imperatorem
1654 1758 1833 1815 Aurelianum

121 1822 315 1876 consummari
326 1820 528 1876 etcoalescere.
540 1822 696 1877 Marcionis
706 1821 781 1875 enim
797 1821 945 1890 vaniloqui
1002 1831 1100 1887 preces
1114 1818 1232 1900 direxit,
1246 1824 1278 1872 ut
1292 1825 1452 1901 cogeretur.
1472 1823 1617 1891 Princeps
1634 1825 1697 1891 hie,
1720 1832 1774 1884 etsi
1790 1844 1834 1900 pa-

121 1891 946 1962 doctrinasectionemdivisionemquemonarchiaeintres
1001 1901 1103 1959 ganas,
1115 1890 1235 1959 dignum
1253 1890 1376 1958 protulit
1389 1890 1472 1960 plane
1489 1893 1659 1962 iudicium,
1683 1901 1833 1956 undecum-

122 1962 451 2033 principatustnstituit.
464 1963 515 2018 Sed
528 1976 560 2017 ea
571 1962 715 2017 diabolica
730 1962 877 2017 institutio
891 1969 944 2031 est,
1001 1958 1139 2028 probatur
1149 1961 1458 2030 auotoritassuprema,
1469 1977 1558 2032 quam
1569 1968 1654 2034 apud
1664 1968 1833 2027 Christianos

122 2047 178 2091 non
188 2039 282 2087 autem
293 2047 423 2089 verorum
433 2033 770 2101 Christidiscipulorum‚
781 2033 947 2102 etacquies·
999 2043 1111 2098 semper
1121 2031 1251 2086 obtinuit
1261 2032 1384 2086 Romana
1398 2033 1538 2096 Ecclesia,
1553 2037 1687 2109 eiusque
1700 2043 1830 2108 pontifex:

121 2105 247 2161 centium
260 2105 417 2161 salvatoris
432 2105 592 2174 preceptis.
605 2104 649 2159 lili
661 2105 750 2167 enim,
768 2108 799 2157 ut
812 2103 945 2159 Trinita-
1001 2120 1014 2152 a
1027 2102 1164 2171 Praecedit
1174 2103 1262 2168 essim,
1275 2108 1307 2157 1¹1
1317 2103 1420 2157 d0ffl1¹S
1432 2104 1570 2160 Ecclesia?
1583 2109 1634 2163 illi
1652 2112 1830 2176 tribueretur.

121 2182 175 2232 tem
192 2174 342 2244 predicari
356 2176 474 2231 asacris
484 2175 591 2231 litteris
606 2175 688 2244 plane
701 2175 816 2230 sciunt:
831 2175 870 2228 ita
886 2182 944 2229 tres
999 2173 1107 2241 quihus
1119 2173 1279 2227 Christiani
1293 2173 1383 2228 italia
1393 2181 1421 2229 et
1434 2175 1519 2231 urbis
1533 2177 1637 2235 llomta
1652 2185 1780 2253 episcopi
1792 2200 1832 2255 per

121 2249 189 2305 deos
203 2261 220 2302 a
234 2248 321 2302 veteri
332 2254 463 2302 autnovo
474 2252 642 2302 testamento
653 2247 764 2316 uspiam
779 2245 878 2300 induci
894 2259 945 2300 ne·
1000 2242 1115 2298 litteras
1137 2243 1319 2299 tribuendam
1342 2245 1596 2313 perscriberent.»
1621 2253 1712 2320 (idem
1730 2257 1830 2324 Euseb,

121 2328 264 2390 quaquam
285 2323 453 2389 agnoscunt.
477 2319 592 2389 »thud
615 2319 643 2373 S.
667 2318 818 2386 athanas,
840 2316 945 2385 Spaodi
998 2314 1121 2377 midila
1140 2327 1223 2384 porro
1237 2312 1303 2378 tuit,
1321 2322 1352 2369 ut
1367 2317 1512 2372 Eusebius
1525 2319 1681 2390 observat,
1697 2329 1832 2384 sanctissi-

120 2393 223 2448 Ntcaen,
237 2389 349 2514 decret.)
1000 2398 1077 2440 ntum
1092 2386 1252 2441 decretum:
1270 2388 1441 2441 sanctissime
1455 2389 1596 2451 decreuit,-
1616 2394 1647 2449 id
1665 2402 1711 2451 est
1726 2401 1830 2454 omnino

156 2461 232 2520 idern
250 2461 328 2530 ponti
343 2474 378 2515 ex
393 2461 500 2530 pariter
513 2459 661 2516 damnavit
676 2459 795 2515 Paulum
810 2458 945 2514 Samosa-
998 2469 1157 2512 consonum
1168 2455 1281 2526 legibus
1293 2463 1396 2512 nostrae
1406 2471 1513 2515 sanotae
1525 2462 1700 2535 religionis,
1713 2476 1742 2523 et
1755 2471 1786 2525 ad
1798 2471 1829 2524 in

121 2531 604 2603 tenumepiscopumAntiochenam
615 2529 947 2601 :quodoompluresauo
999 2528 1116 2597 genium
1132 2526 1321 2583 exactissima
1333 2528 1469 2598 justitiae.

731 2877 858 2950 xxvii
893 2874 1082 2950 SANCTUS
1119 2878 1267 2948 FELIX.

618 3072 708 3116 anuo
732 3071 861 3117 anatem
891 3056 961 3127 272,
990 3070 1169 3117 summumst
1187 3071 1259 3116 num
1285 3057 1318 3115 2.

279 3336 348 3400 27.
374 3335 487 3414 Folio,
517 3339 652 3402 aalma
677 3341 862 3416 Romanas,
886 3355 926 3400 eo
944 3339 1049 3419 palae
1072 3335 1285 3415 Constantio,
1318 3338 1408 3402 sedit
1433 3358 1543 3406 annos
1577 3345 1681 3427 duos,
1706 3363 1822 3411 menses

237 3431 362 3511 decem,
408 3434 479 3497 dies
524 3436 648 3515 viginti
688 3437 837 3517 quinque
868 3447 893 3495 ι.
932 3435 1106 3512 Martyria
1141 3438 1336 3498 coronatae.
1371 3437 1458 3501 aeia
1499 3444 1623 3507 autem
1681 3447 1824 3529 tempori-

237 3528 298 3592 das
331 3531 474 3596 Claudii
501 3532 699 3613 Arareliaoi,
728 3552 750 3597 a
773 3533 955 3597 consolata
986 3532 1130 3596 Claudii
1161 3535 1193 3594 el
1220 3534 1368 3597 Paterni
1395 3552 1504 3618 asqae
1539 3543 1593 3606 ad
1622 3546 1825 3609 ooaralatan

234 3629 419 3693 Aureliani
444 3635 477 3694 el
509 3632 704 3714 Capitolini
724 3632 751 3694 b.
779 3634 849 3696 Hie
882 3631 1062 3695 considail
1086 3646 1196 3711 sopra
1216 3631 1376 3712 sepalora
1391 3639 1596 3716 amotarum
1620 3644 1825 3708 missadede

189 3723 208 3785 5
235 3724 340 3789 brari.
378 3730 448 3792 Hie
482 3727 565 3811 feeit
606 3731 840 3794 ordinationes
869 3731 957 3792 does
984 3745 1051 3810 per
1079 3743 1223 3790 sacomam
1261 3730 1491 3796 Decembrem:
1524 3739 1749 3821 presbyteros
1776 3759 1824 3804 no

237 3839 312 3885 vem
347 3825 503 3888 diaconos
541 3828 624 3890 duos
647 3840 686 3907 ⁶,
716 3828 887 3908 episcopos
919 3843 976 3909 per
1012 3825 1145 3887 diversa
1177 3827 1250 3888 loca
1280 3844 1418 3890 numero
1455 3832 1628 3917 quinque.
1671 3841 1736 3904 Hic
1763 3839 1823 3902 fecit

236 3919 411 3986 bacilicam
431 3924 466 3984 in
478 3924 536 3986 via
547 3926 693 4005 Aurelia,
722 3925 779 3988 ubi
794 3930 827 3988 et
842 3925 993 4006 sepultus
1006 3928 1067 4002 est,
1081 3922 1251 3986 meilliorio
1263 3927 1407 3990 sectando
1421 3927 1463 3991 ab
1477 3931 1565 3995 urbe
1579 3938 1702 4017 Roma,
1718 3957 1754 4000 111
1764 3940 1822 4002 Eo-

235 4015 352 4080 leodos
376 4019 490 4101 Jalii;
503 4024 647 4087 cessavit
669 4024 884 4105 episcopales
912 4023 984 4086 dies
1000 4022 1160 4103 qaioqoe.

698 4166 944 4228 CATALOGUS
966 4166 1048 4228 suit
1074 4162 1242 4225 LIBERIO

155 4270 250 4333 Felix
265 4273 364 4335 annis
379 4293 412 4353 v,
438 4278 609 4341 mensibus
625 4297 672 4358 xi,
703 4280 820 4344 diebus
835 4299 919 4343 xxa.
946 4283 1026 4346 Fuit
1050 4275 1255 4357 temporibus
1275 4277 1407 4344 Claudii
1422 4287 1456 4348 ei
1468 4289 1658 4356 Aureliani
1675 4313 1698 4357 a
1719 4311 1816 4358 oonsu-

115 4367 188 4430 latu
218 4369 349 4433 Claudii
358 4375 390 4434 et
402 4375 537 4437 Paterni
551 4392 656 4456 usque
672 4378 708 4440 iu
722 4379 934 4441 consulatum
947 4376 1121 4442 Aureliani
1133 4377 1163 4437 II
1178 4376 1211 4434 ei
1225 4374 1418 4455 Capitolini.

676 4519 815 4564 NOTULAE
846 4523 1053 4568 blanditiosus
1081 4527 1257 4575 FABROTTI.

151 4620 206 4688 ¹1³,
222 4634 289 4676 ann.
316 4636 352 4678 m.
368 4621 395 4692 5,
418 4624 488 4679 min.
511 4625 559 4681 die
583 4626 681 4682 uno.b
707 4628 737 4697 B,
758 4641 775 4683 a
802 4628 984 4687 Coss.hurel
1010 4638 1038 4687 et
1061 4634 1153 4707 Bassi,
1178 4639 1213 4693 ad
1242 4637 1341 4695 harei.
1368 4650 1398 4706 ιι,
1430 4649 1460 4691 ιι
1486 4636 1548 4692 lul.
1582 4640 1712 4711 capitol.
1738 4652 1750 4685 ⁰
1775 4637 1813 4731 ct·

115 4726 254 4797 quinque.

735 4808 877 4870 VARIAE
908 4809 1150 4878 LEC'FIONES.

254 4929 337 4999 Apud
354 4932 512 4986 Fabrottam
522 4949 554 4988 ea
571 4934 662 4989 codiee
675 4936 795 4990 Frebrri.
952 4938 976 5000 G
1081 4943 1168 5013 Apud
1180 4947 1210 5000 L.
1227 4946 1260 5000 V.
1275 4945 1445 4999 llolslenium
1460 4948 1486 4999 rt
1497 4944 1743 5006 schelestratius.

148 5000 229 5082 dam.
243 4997 353 5090 malm,-
369 5001 399 5085 3..
421 5005 450 5086 F»
466 5011 494 5060 θῑ
515 5005 663 5092 {filistim
680 5020 696 5061 ³
711 5007 863 5092 ὓθηὸῑέῑῧῑμ
876 5007 939 5092 ΑΡ·
1028 5030 1090 5084 Lim.
1109 5029 1134 5100 t,
1161 5034 1233 5088 Elor.
1250 5034 1315 5096 duo,
1331 5046 1422 5089 annos
1436 5039 1577 5103 quatuor,
1594 5032 1812 5100 mensesse1.rd

114 5071 216 5126 rebant
237 5078 264 5126 et
278 5074 445 5142 capitolini,
464 5076 497 5140 Α,
518 5075 631 5131 tlaudu
654 5083 680 5132 et
701 5078 862 5134 Aureliam.
887 5081 935 5143 isra,
994 5104 1063 5165 pres,
1078 5109 1109 5155 at
1126 5106 1238 5159 secund,
1260 5106 1319 5160 cod,
1345 5106 1395 5159 pn,
1419 5100 1445 5172 q,
1467 5106 1532 5159 pat,
1555 5114 1581 5162 α
1597 5111 1751 5167 ympni
1766 5109 1809 5168 pm,

114 5140 139 5204 'b
161 5143 219 5201 ΑΒ·
249 5157 336 5213 supra
368 5152 524 5216 ”millium
551 5151 716 5202 ¹¹¹⁰¹¹¹⁰l¹f¹⁸·
747 5151 795 5202 Νη·
826 5150 851 5214 ⁶³
879 5153 937 5213 ΑΒ·
994 5181 1148 5243 msrtyrum
1165 5177 1395 5233 memoriaslin.
1419 5182 1645 5238 mommesood.
1664 5183 1812 5252 nusquit-

113 5210 249 5334 {l’iaconos
269 5211 293 5269 5.
320 5217 369 5281 lin,
385 5213 413 5282 t,
436 5217 573 5272 milliario
586 5216 613 5284 5,
641 5220 699 5273 ΑΒ.
716 5220 765 5274 iia.
789 5217 848 5276 let
862 5220 888 5288 8,
907 5224 937 5286 E,
993 5256 1058 5312 que,
1075 5245 1123 5298 qn,
1141 5247 1213 5313 paq,
1228 5248 1364 5304 qqaconffi
1377 5245 1404 5302 5,
1422 5247 1472 5301 lin,
1488 5245 1520 5302 7,
1537 5250 1635 5308 Vane,
1651 5256 1751 5309 ilina.
1768 5248 1811 5306 nil-

124 5283 381 5343 tulendaslanuar.
994 5312 1081 5370 liario
1096 5317 1211 5386 quinto.

237 5358 281 5411 Ea
291 5360 379 5412 codiee
388 5360 479 5423 Rapio,
492 5361 634 5414 Masuriana
649 5367 675 5414 ct
691 5362 813 5415 Tbuano.

151 5423 210 5477 liin.
235 5425 259 5492 l,
288 5430 336 5485 sed
362 5442 428 5484 ann.
455 5428 480 5499 l,
511 5445 546 5485 m.
572 5429 599 5498 3,
624 5434 652 5488 d.
680 5430 726 5488 Ei.
754 5433 819 5488 Fuit
844 5439 937 5489 autem
1155 5424 1519 5494 Adddpssdi'amssaewfflif’
1542 5429 1677 5487 cavensi·

114 5497 199 5561 temp.
228 5500 387 5556 Aureliani.
410 5502 461 5555 lio.
489 5499 515 5572 i,
544 5517 632 5572 supra
657 5505 809 5559 memorias
829 5513 939 5576 marty·
1029 5511 1091 5563 lin.
1109 5508 1135 5571 4,
1156 5513 1215 5568 sed.
1232 5513 1310 5568 anni.
1331 5525 1362 5578 u,
1380 5527 1417 5567 m.
1439 5526 1468 5572 x.
1485 5516 1566 5572 dieb.
1588 5534 1679 5576 xxv:
1698 5517 1812 5588 mannia

114 5567 184 5616 ιιιιιι.
992 5588 1156 5636 coronatur.
1175 5583 1242 5638 Fuit
1255 5589 1349 5639 autem
1359 5585 1544 5652 temporibus
1556 5589 1678 5648 Claudii
1698 5601 1726 5648 et
1738 5593 1813 5646 Aure

323 5643 366 5695 Eo
385 5643 473 5698 codice
489 5644 602 5698 Theano
617 5646 715 5699 altero.
994 5651 1078 5707 iiani.
1093 5653 1142 5706 tia.
1160 5649 1211 5707 let
1224 5653 1251 5716 5,
1270 5655 1372 5709 missas
1386 5654 1546 5714 celebrare.
1563 5661 1618 5716 lim
1634 5661 1663 5730 l,
1681 5664 1728 5720 uhi
1740 5668 1765 5717 et
1778 5673 1814 5714 se·

130 5703 212 5783 ‘lio
233 5702 258 5773 i,
280 5710 411 5779 annosi,
429 5728 464 5769 ro.
480 5716 505 5781 3,
530 5717 559 5772 d.
579 5714 624 5771 Ei.
641 5717 691 5769 lin.
712 5715 737 5783 3,
760 5718 802 5772 ct.
818 5723 846 5775 et
866 5719 936 5774 hur.
994 5721 1093 5791 pultus
1103 5728 1147 5778 est
1162 5737 1192 5778 ιιι
1210 5725 1271 5780 Kal.
1285 5727 1350 5780 lun.
1369 5727 1502 5785 millario
1517 5731 1556 5787 ab
1569 5733 1646 5791 urbe
1661 5736 1745 5791 noma
1757 5737 1814 5788 rtet

114 5770 164 5826 ian.
176 5770 203 5835 l,
226 5788 313 5843 supra
329 5784 480 5840 memorias
496 5800 533 5840 m.
547 5789 599 5844 tin.
614 5786 642 5859 d,
656 5787 732 5844 diac.
749 5787 777 5844 h.
992 5793 1116 5849 cessavit
1129 5796 1425 5866 episcopatusdiebus
1437 5812 1465 5853 v.
