3892 6136
124 309 196 371 4485
534 314 695 373 HISTORIA
725 317 771 375 uli
793 313 881 373 vlits
903 309 988 369 itoil.
1012 311 1116 369 Portu.
1143 342 1180 354 -
1199 313 1228 370 S.
1253 312 1411 372 niolitus.
1756 316 1828 378 4486

123 437 210 491 etiam
227 436 369 502 civilium,
382 442 411 493 ot
423 444 585 495 sanctorum
600 440 726 506 Petrum,
738 439 788 511 qui
802 444 830 494 et
845 439 948 508 quarto
959 436 988 495 A
1038 435 1123 490 Linea
1143 433 1173 491 i.
1201 467 1235 477 —
1250 439 1302 505 iiie
1321 440 1463 493 cessaturi
1478 444 1509 495 ut
1532 443 1631 508 septem
1646 441 1827 497 hebdomades

122 520 152 562 ct
167 508 270 576 quinto
292 507 396 565 saeculo
423 509 593 576 floruerunt,
615 514 692 580 turpi
713 510 947 576 anachronismo,
1002 513 1065 560 onte
1083 508 1189 561 Pascha
1210 510 1352 577 jejunium
1375 511 1568 565 celebraretur.
1595 511 1825 584 Quadragesimae

122 578 279 647 eodemque
293 578 351 635 iere
374 582 458 651 stylo.
476 596 508 637 ac
531 582 647 637 dicendi
667 582 831 638 charactere
847 591 948 662 magna
999 577 1142 645 jejunium
1156 580 1213 648 jhm
1228 579 1414 649 abapostolis
1429 582 1568 638 traditum
1582 595 1642 637 can.
1659 580 1783 652 bipost.
1799 590 1827 640 ct

121 662 157 703 ex
175 655 253 718 parte
268 658 415 707 contextas
436 671 442 706 :
461 666 533 723 quas
561 654 684 721 primum
709 667 743 709 cr
766 651 903 722 Hispania
917 662 946 704 ιιι
1002 648 1076 710 apud
1090 650 1176 705 ulem.
1194 650 1246 706 iib.
1272 667 1298 704 v.
1314 658 1343 708 et
1365 667 1415 707 ιιι.
1440 652 1537 708 const.
1554 655 1646 724 ignat.
1662 655 1747 723 epist.
1763 653 1825 712 iad
1926 660 1929 665 ’

122 719 248 775 Galliam
275 721 381 777 detulit
408 722 519 779 labente
546 729 644 780 octavo
684 724 790 780 saeculo
816 718 948 777 iiiculius
1003 718 1140 789 Philipp,
1155 722 1601 794 sedamultisiortassispropter
1614 729 1827 794 persecutiones

122 791 277 860 episcopus
302 795 490 864 hioguntinus
507 800 556 861 ,ιι
581 796 649 850 inde
666 796 694 850 in
720 795 795 850 alias
816 793 947 865 regiones
1003 791 1174 862 neglectum,
1191 806 1263 849 nova
1282 794 1376 850 edicto
1391 796 1574 851 restauravit.

122 861 332 928 disseminatae,
360 878 392 919 ac
422 867 615 922 communitor
649 874 768 936 receptae
791 872 868 921 sunt.
894 862 946 946 Sed
1363 901 1457 957 PAGH

125 933 239 988 tandem
268 935 428 1002 impostura
456 937 566 992 detecta
589 943 642 1004 est,
656 945 685 993 et
700 938 840 993 baronius
852 937 887 991 de
903 934 948 989 hrs
1460 941 1467 954 '

123 1003 258 1073 epistolis
272 1007 429 1073 disserens,
439 1006 581 1075 annobbb,
591 1022 688 1064 carum
699 1008 852 1065 laisitatem
864 1019 949 1076 agno·
1040 1004 1126 1059 Linea
1139 1001 1165 1058 i.
1184 1029 1218 1043 ε
1232 1007 1282 1060 liic
1292 1009 1440 1061 constituit.
1457 1006 1607 1063 institutio
1624 1007 1731 1078 ieiunii
1745 1010 1828 1080 Qua-

124 1076 192 1136 scit,
209 1080 236 1130 ct
251 1083 349 1144 aperte
362 1076 478 1140 testetur,
505 1093 539 1135 nc
559 1080 636 1149 quia
652 1080 760 1150 inquit,
774 1075 947 1135 calumniari
1003 1075 1205 1146 dragesimalis
1242 1076 1447 1146 Telesphoroa
1478 1078 1651 1147 quibusdam
1685 1080 1828 1140 tribuitur

123 1147 273 1216 possiuab
287 1148 414 1203 Ecclesia
426 1149 551 1204 Romana
560 1150 673 1221 aliquid
690 1150 855 1220 hujusmodi
871 1161 948 1203 coru·
1003 1147 1078 1214 apud
1094 1146 1246 1203 Eusebium
1265 1148 1292 1202 in
1305 1149 1455 1215 Chronico,
1472 1150 1505 1203 ad
1516 1162 1622 1204 annum
1637 1151 1746 1208 Christi
1764 1151 1825 1226 444,

123 1223 252 1272 mentum
277 1231 350 1274 esse.
376 1221 478 1274 Earum
506 1221 514 1275 i
538 1221 597 1276 itur
621 1222 796 1277 testimoniis
813 1227 948 1288 tanquam
1005 1216 1053 1272 uhi
1067 1217 1105 1272 ita
1127 1216 1234 1289 legitur
1249 1236 1255 1272 :
1273 1239 1285 1270 ι
1300 1218 1553 1291 Quadragesimale
1576 1221 1751 1289 jejuniuma
1771 1226 1827 1282 Ta·

123 1285 219 1356 falsis,
239 1294 268 1343 ot
294 1289 461 1352 inutilibus,
491 1292 614 1362 rejectis,
642 1293 766 1348 certiora
787 1305 820 1347 cx
835 1289 949 1345 rerisct
1005 1288 1137 1356 lesphoro
1153 1302 1201 1357 per
1221 1289 1398 1359 hoctempus
1412 1290 1589 1349 institutum.
1604 1305 1637 1347 ac
1654 1301 1825 1364 praeceptum

125 1358 268 1428 legitimis
284 1360 451 1430 pontilicum
464 1367 493 1417 et
516 1364 630 1418 Patrem
647 1364 766 1433 scriptis
781 1360 948 1432 proferentia
1004 1359 1119 1429 atridam
1135 1359 1278 1416 scribunt.
1295 1379 1307 1411 ι
1325 1360 1426 1417 Verum
1441 1363 1499 1418 haec
1515 1361 1599 1418 verba
1620 1363 1649 1417 in
1666 1364 1732 1420 iias.
1750 1368 1827 1423 codi-

126 1435 208 1485 sunt.
224 1448 237 1478 ι
1003 1430 1087 1485 crlrus
1100 1429 1271 1495 desiderari.
1298 1432 1419 1503 ideoque
1431 1433 1573 1489 Chronico
1586 1433 1703 1490 Eusebii
1719 1437 1828 1495 inserta

161 1501 238 1554 lianc
265 1500 391 1572 reguiam
418 1504 536 1558 baronii
572 1509 600 1559 et
640 1505 723 1560 Bonae
752 1502 946 1561 cardinalium
1001 1501 1829 1577 essejamanimadverterunthrnaldusPontacus,ctlo·

123 1571 273 1628 tenendam
287 1574 424 1643 proposui
439 1574 467 1628 in
482 1571 529 1629 his
541 1574 709 1645 seligendis,
722 1590 785 1646 qua
799 1574 947 1630 illustrare
1001 1572 1276 1644 sephusScaligerin
1290 1574 1407 1630 notlsad
1422 1574 1494 1630 illud
1508 1575 1669 1632 chronicon
1693 1579 1827 1636 [tabanus

134 1649 241 1698 rosmnt
254 1643 367 1699 decreta
391 1644 558 1714 pontificum
584 1655 649 1701 ante
660 1646 810 1702 siricium.
825 1645 859 1700 Ut
870 1645 946 1699 enim
1002 1643 1117 1713 quidem
1127 1645 1242 1698 Maurus
1255 1643 1305 1698 lib.
1316 1646 1376 1700 ude
1388 1647 1504 1701 institut
1523 1646 1655 1703 clericor.
1665 1662 1726 1718 cap.
1742 1646 1786 1716 34,
1801 1657 1828 1707 et

165 1728 200 1769 nu
217 1714 331 1771 laudato
346 1714 408 1770 loco
431 1717 590 1786 exemplum
615 1718 730 1773 baronii
744 1723 871 1782 secutus,
899 1729 948 1770 se-
1001 1715 1145 1784 iiupertus
1159 1714 1319 1771 Tulliensis
1333 1716 1421 1772 abbas
1434 1716 1486 1771 lib.
1501 1731 1528 1772 rr
1536 1717 1691 1774 dedivinis
1706 1720 1826 1791 Oiiiciis,

124 1786 277 1856 positoque
292 1784 364 1841 laiso
379 1787 499 1853 isidoro,
514 1794 541 1843 et
556 1788 689 1859 epistolis
699 1789 840 1858 conilctis,
853 1786 947 1841 absti-
960 1804 986 1866 B
1001 1800 1063 1855 cap.
1076 1783 1102 1853 9,
1126 1785 1201 1841 idem
1216 1786 1348 1842 scribunt
1363 1801 1396 1842 ac
1420 1787 1582 1858 Eusebius,
1600 1790 1647 1845 sed
1669 1791 1825 1849 dicendum

122 1855 249 1911 nendum
273 1857 460 1927 csseJ‘udicat
486 1857 521 1912 ab
545 1860 581 1914 tis
597 1873 659 1929 ilua
684 1860 809 1930 originis
832 1861 947 1913 ineerta
1002 1855 1148 1912 habanum
1164 1863 1192 1911 ct
1214 1856 1370 1926 liopertum
1393 1858 1526 1927 deceptos
1542 1859 1641 1927 luisse,
1662 1863 1722 1916 sire
1737 1863 1826 1918 testi-

124 1933 204 1983 sunt.
217 1928 554 1998 necprorimisatatihus
568 1937 651 1995 notae,
666 1931 800 2001 solasque
812 1928 947 1985 adhibeo·
1002 1928 1099 1981 monio
1112 1927 1181 1982 libri
1192 1928 1379 1994 instituatis,
1390 1930 1690 2001 siveinterpolatojam
1709 1933 1825 1990 Eusebii

123 1998 179 2054 das
204 1998 238 2053 ad
270 1999 399 2055 historiae
433 2000 653 2063 firmamentum,
683 2016 745 2070 quae
768 2006 947 2071 petuntura
1001 1999 1154 2066 Chronico,
1175 2006 1203 2052 et
1219 2001 1391 2056 recentiores
1413 2014 1474 2056 esse
1489 2010 1621 2057 auctores
1642 2002 1748 2071 quihus
1768 2019 1826 2074 prae

123 2068 401 2195 genuistisiontibus
415 2071 791 2142 probatorumscriptorum,
809 2072 948 2127 historica
1003 2071 1112 2125 sanctis
1128 2068 1300 2140 Hieronymo
1312 2077 1340 2126 et
1356 2073 1446 2128 Leone
1461 2072 1531 2128 tides
1550 2073 1590 2128 sit
1604 2073 1777 2144 allubentia,
1797 2080 1829 2133 ut

146 2140 183 2196 dc
198 2142 505 2210 praesurntiumuutex
517 2145 654 2212 operibus
670 2146 783 2200 latrum
799 2144 827 2198 in
842 2142 949 2213 quibus
1004 2140 1088 2196 habet
1101 2140 1211 2196 Natalis
1224 2141 1383 2198 alexander
1395 2143 1500 2199 seculo
1512 2158 1542 2210 ιι,
1559 2146 1676 2200 dissert.
1691 2142 1717 2209 4,
1729 2154 1783 2202 art.
1798 2145 1825 2218 3,

128 2212 948 2284 recitantur3itamihipraestandumscntioinerpronenda
1004 2211 1053 2268 ubi
1082 2211 1183 2281 probat
1206 2213 1402 2282 antipaschale
1429 2215 1567 2284 'ejunium
1584 2228 1616 2270 es
1630 2216 1826 2285 apostolorum

121 2284 288 2338 eorumdem
304 2286 486 2341 decretorum
514 2286 629 2357 notitia,
651 2287 773 2356 origine,
788 2285 947 2354 occasione,
1004 2283 1161 2339 traditione
1175 2290 1321 2353 acceptum
1335 2230 1517 2353 probabilius
1532 2287 1637 2341 asseri.

122 2355 279 2425 sententia,
297 2357 390 2425 praxi,
408 2363 494 2426 prout
505 2357 534 2412 in
550 2357 678 2428 stragulis
690 2358 783 2414 risum
799 2355 889 2413 tuerit
902 2368 949 2424 op
1039 2355 1125 2409 Linea
1135 2350 1161 2409 3.
1178 2384 1215 2395 -
1229 2357 1263 2409 dt
1276 2356 1365 2409 eratali
1375 2359 1492 2412 bomini.
1505 2357 1635 2427 lienique
1647 2357 1825 2431 Anastasius,

125 2432 299 2494 portunum.
1004 2425 1063 2481 sive
1083 2425 1151 2480 libri
1170 2425 1347 2482 Pontihcalis
1370 2434 1481 2487 auctor.
1506 2428 1610 2483 scribit
1624 2427 1826 2500 Telesphorum

1002 2497 1192 2552 constituisse
1209 2510 1244 2552 nc
1259 2500 1326 2565 quis
1339 2504 1522 2566 presumeret
1535 2504 1602 2554 ante
1616 2514 1734 2556 cursum
1751 2502 1828 2558 bora

1003 2569 1095 2623 tertiae
1120 2568 1224 2623 missas
1238 2567 1399 2624 celebrare:
1430 2570 1505 2639 quod
1528 2570 1673 2628 decretum
1700 2571 1828 2630 reiciunt

168 2639 255 2695 Linea
272 2638 297 2710 4,
313 2637 340 2695 i.
355 2640 538 2695 -hmtoeint
552 2643 819 2699 Macriniiiiendum
832 2639 949 2698 maniie
1003 2639 1167 2722 amalarius
1183 2639 1233 2693 lib.
1253 2653 1295 2707 ιιι,
1310 2653 1373 2723 cap.
1390 2637 1434 2703 45.
1451 2645 1479 2696 ei
1502 2640 1603 2724 Strabo
1625 2656 1685 2712 cap·
1710 2641 1755 2699 25·
1773 2645 1825 2701 Sed

129 2714 207 2766 stum
223 2712 408 2767 amanuensis
425 2712 453 2766 in
466 2713 707 2784 primocatalogo.
722 2714 882 2785 Legendum
893 2720 947 2778 est,
1004 2710 1056 2765 hos
1070 2710 1182 2779 decepit
1195 2711 1460 2780 pseudo-lsrdorus,
1477 2713 1527 2782 qui
1537 2725 1692 2783 primorum
1707 2714 1828 2785 pontili-

125 2787 159 2838 ut
187 2783 215 2837 in
243 2785 381 2846 secundo,
405 2784 542 2838 Antonini
569 2792 594 2839 et
617 2787 713 2851 berrat,
737 2785 844 2840 hocest
864 2786 904 2839 Pii
921 2792 949 2840 et
1003 2795 1067 2837 cum
1078 2780 1216 2851 epistolas
1231 2781 1469 2839 decretalesausu
1483 2785 1635 2840 temerario
1648 2783 1740 2855 insit,
1754 2788 1829 2843 toti-

124 2854 162 2907 it.
179 2854 451 2924 Aurelii:quorum
473 2861 600 2925 tempora
625 2857 756 2912 indicant
769 2856 903 2913 consules
919 2856 949 2911 in
1003 2866 1059 2973 pue
1077 2852 1208 2908 Ecclesiae
1227 2858 1362 2922 tanquam
1394 2853 1538 2934 legitimas
1563 2868 1669 2910 merces
1690 2856 1826 2913 obtrusit.
1892 2872 1894 2876 “

126 2924 221 2995 primo
241 2924 370 2996 catalogo
384 2927 530 2982 recensiti.
1010 2923 1077 2991 luid
1092 2923 1166 2978 enim
1192 2923 1541 2992 inquitcardinalrsiiona
1558 2925 1609 2980 lih.
1627 2939 1646 2995 ι,
1664 2939 1718 2981 rer.
1735 2928 1829 2984 Litur·

162 2995 248 3050 Linea
277 2993 296 3052 2
330 3026 364 3035 -
393 2997 496 3052 desere
528 3001 554 3052 et
585 2998 698 3053 Albino.
732 2998 849 3070 corrige
890 2997 951 3052 Gae-
1004 2965 1828 3076 giecapii,dimergisalienumaconditioneiiiius

124 3081 188 3122 sore
202 3080 223 3122 ιι
238 3071 264 3121 et
283 3067 397 3123 Balbino
412 3082 446 3123 cx
465 3069 709 3138 inscriptionibus
728 3069 847 3125 editisa
870 3069 950 3125 Gru·
1004 3065 1113 3132 saculi,
1128 3079 1184 3134 eruo
1196 3065 1366 3134 Christiani,
1379 3062 1538 3121 serentium
1551 3065 1754 3135 imperatorum
1767 3071 1827 3141 gla-

125 3142 284 3208 teroxxrn,
298 3135 446 3206 4554445,
457 3136 501 3210 lb,
514 3153 622 3196 necnon
637 3155 653 3196 a
666 3139 798 3195 Fabretto
808 3156 871 3213 pag.
885 3138 947 3195 543.
1003 3137 1068 3192 dios
1092 3136 1278 3201 declinantes,
1302 3149 1414 3190 summo
1429 3137 1527 3191 sturlio
1551 3135 1712 3206 latitabant,
1740 3152 1825 3210 qnam

126 3210 261 3280 inscript.
281 3222 309 3265 n.
331 3207 391 3278 lut,
419 3209 545 3280 aliisque
562 3210 673 3283 tiglinis
696 3211 844 3269 similibus
857 3214 950 3267 homae
965 3187 989 3248 C
1006 3206 1281 3288 huiuslegiseditio,
1291 3205 1439 3288 quantillo
1453 3208 1534 3262 morlo
1544 3209 1827 3289 poteratohserrarii

126 3281 275 3353 spectatis,
290 3290 319 3337 et
332 3280 468 3338 orrruihus
479 3280 572 3338 iustis.
1004 3281 1135 3358 Noctu'et
1151 3292 1178 3332 tn
1196 3277 1404 3360 occultissimis
1417 3276 1489 3360 locis
1502 3291 1668 3364 conuenisse
1680 3278 1777 3336 hdeles
1790 3281 1825 3339 ad

443 3386 605 3444 neon·
1004 3362 1137 3486 stara
1151 3346 1827 3491 titillantiumiactantiore:

161 3493 248 3549 Linea
264 3490 289 3548 4.
316 3523 350 3534 -
366 3494 544 3565 Telesphorus
562 3499 673 3550 notione
689 3496 807 3552 dracus.
830 3495 951 3552 Sanctus
1006 3492 1170 3562 lesphorum
1185 3490 1310 3546 scribere
1331 3491 1427 3560 coepit.
1454 3491 1611 3560 imperante
1638 3491 1740 3548 Severo
1754 3512 1761 3564 3
1777 3508 1829 3551 nec

120 3564 314 3633 Telesphorus
327 3563 453 3636 Graecus,
470 3567 560 3636 patria
574 3567 754 3632 Thuriensis,
770 3567 798 3621 iu
809 3565 949 3636 calabris,
1004 3564 1090 3619 aliter
1105 3576 1171 3618 sane
1188 3568 1327 3631 poteram,
1340 3571 1372 3618 ιιι
1382 3569 1411 3617 et
1423 3562 1560 3632 dignitati
1575 3563 1712 3618 sacrificii
1724 3570 1753 3620 et
1768 3580 1829 3634 pro-

123 3650 190 3707 quae
205 3635 274 3691 oiim
287 3638 504 3708 iiagnaGraec-ia
517 3638 595 3693 dicta
611 3637 678 3709 init,
695 3637 780 3693 hodie
794 3639 950 3692 terramus
1005 3636 1075 3704 pria
1089 3635 1155 3689 vitae
1169 3633 1316 3688 securitati
1333 3633 1537 3702 prospicerent.
1561 3632 1722 3691 Probabilis
1738 3638 1829 3707 igitur

122 3709 155 3763 in
170 3707 287 3776 Sybaris
312 3709 436 3778 reliquis
450 3709 599 3765 aedrhcata.
1004 3706 1146 3761 sententia
1161 3711 1214 3771 est,
1232 3706 1380 3774 magisque
1394 3717 1532 3774 congrua,
1549 3718 1632 3775 quam
1650 3706 1736 3761 rciert
1746 3711 1827 3765 itero

164 3778 248 3834 Linea
258 3780 595 3835 ead—Laomecborita.
609 3779 950 3849 QuoniamTelesphorus
1004 3778 1072 3833 nius
1095 3789 1171 3831 anno
1191 3772 1253 3846 354,
1280 3776 1351 3830 hanc
1372 3776 1464 3855 tertia
1488 3774 1563 3831 horae
1591 3777 1783 3845 pratixionem
1811 3792 1853 3835 a·

124 3847 183 3905 iuit
206 3851 385 3906 anachoreta
413 3851 503 3914 uitus,
532 3858 650 3921 apparet
678 3853 708 3906 in
732 3853 823 3920 prima
849 3851 949 3906 Eccie-
1004 3855 1103 3904 sancto
1125 3849 1243 3902 Damaso
1264 3847 1404 3902 sancitam
1428 3847 1527 3916 luisse,
1544 3860 1577 3902 ex
1598 3851 1775 3919 praescripto,
1799 3857 1829 3907 ut

122 3920 169 3976 sia
197 3919 314 3993 aliquos
344 3921 431 3992 huius
445 3923 538 3978 sancti
566 3923 693 3978 instituti
719 3920 949 3979 luissesectato-
1002 3922 1097 3985 aiunt,
1118 3918 1238 3974 canonis
1253 3918 1372 3986 Nicani,
1399 3918 1449 3987 oui
1473 3924 1636 3974 tamennon
1657 3922 1828 3991 exstat.Qui

123 4005 178 4047 res.
1004 3991 1087 4063 plura
1101 3990 1137 4047 de
1153 3990 1199 4045 his
1214 3989 1295 4059 cupit
1312 3989 1386 4060 legat
1400 3990 1506 4044 Bonam
1519 3989 1597 4045 card.
1616 3989 1774 4049 laudatum.

275 2545 351 2588 NOTAE
380 2546 409 2589 lu
433 2545 589 2590 ceiibbhiiil
624 2547 804 2591 Ltohnthtttiii.

718 4340 770 4411 X.
810 4337 999 4411 SANCTUS
1031 4340 1256 4413 titulatis:

603 4570 693 4616 suno
721 4569 851 4617 canuam
867 4556 937 4631 454,
952 4569 1111 4615 aurorum
1138 4569 1182 4614 au
1201 4569 1271 4613 rma.
1297 4552 1345 4611 45.

268 4885 323 4951 to
358 4886 539 4970 Hirpinus,
573 4885 713 4951 matiam
750 4886 896 4964 dracus,
943 4898 984 4946 eu
1021 4877 1222 4964 philosopha
1260 4877 1300 4942 de
1335 4874 1490 4955 actaeis,
1526 4872 1624 4953 cuius
1665 4868 1829 4952 genealo-

224 4984 285 5064 gia
332 5003 399 5049 nou
437 4985 620 5064 invonitur,
665 4984 755 5049 sedit
791 4999 899 5047 amoos
931 4981 1090 5063 qualeter,
1129 4991 1260 5041 menses
1295 4979 1375 5055 brea,
1404 4973 1476 5037 dies
1513 4975 1619 5036 ocior
1647 4969 1733 5034 ruit
1758 4982 1827 5033 utt-

223 5093 289 5154 tem
331 5092 538 5174 temporibus
576 5091 653 5157 Veli
687 5093 719 5155 et
754 5088 880 5167 Murci,
913 5103 933 5151 a
962 5084 1143 5151 constrictu
1171 5083 1297 5166 Mopsi
1322 5084 1354 5145 et
1398 5079 1576 5145 Camerini
1614 5093 1721 5160 usque
1761 5077 1825 5140 Or·

201 5197 313 5276 lidum
323 5202 356 5262 et
366 5199 516 5262 Priscum
543 5197 569 5261 b.
581 5198 787 5264 Hiaclerum
799 5195 993 5278 composuit,
1006 5196 1039 5256 et
1053 5204 1065 5234 0
1077 5190 1255 5256 distribuit
1269 5189 1411 5272 prodas.
1428 5187 1489 5250 Hic
1499 5183 1828 5268 [redordimetioues

173 5295 193 5356 5
213 5298 283 5359 tres
306 5314 373 5378 per
400 5313 544 5360 emesam
570 5295 778 5361 Decembrem
801 5321 811 5358 .·
828 5292 1043 5377 presbyteros
1069 5289 1272 5373 qaindecim,
1295 5288 1452 5352 diaconos
1469 5284 1629 5366 quiaque,
1657 5282 1827 5364 episcopos

221 5408 285 5474 per
296 5394 432 5458 diuersa
446 5393 518 5458 loca
530 5392 679 5478 septemb
696 5441 702 5455 .
717 5394 784 5469 Qui
794 5388 1062 5473 etiamsepultus
1079 5393 1128 5453 est
1137 5387 1245 5467 jueta
1255 5400 1378 5467 corpus
1389 5381 1587 5447 beotiPetri
1598 5380 1638 5444 io
1650 5379 1823 5458 Vaticano,

218 5501 320 5565 tertio
338 5501 419 5566 idus
437 5502 618 5579 leonorii,
639 5503 672 5565 et
685 5501 831 5564 cessavit
845 5499 1059 5580 episcopatus
1072 5497 1144 5560 dies
1156 5499 1237 5559 tres.
1332 5578 1336 5584 ⁵

711 5642 851 5688 sornam
870 5640 1076 5686 maurusius
1091 5637 1255 5683 asasonm

153 5751 222 5808 th.
235 5764 282 5809 au.
298 5749 326 5825 4,
340 5751 438 5810 minus
451 5752 481 5808 d.
493 5748 521 5808 i.
538 5750 636 5812 shut.
648 5751 723 5808 Piia
747 5765 800 5808 coe.
814 5749 908 5811 Glabr.
924 5753 949 5806 et
978 5749 1100 5809 Variana
1122 5746 1160 5804 ad
1183 5747 1327 5806 sibonum
1346 5746 1373 5801 et
1386 5739 1574 5812 husdricum.
1601 5737 1630 5808 0,
1655 5737 1691 5796 ad
1714 5735 1827 5808 Orphi-

114 5847 192 5902 tum.
208 5851 222 5884 ⁰
237 5840 307 5900 Vide
318 5842 386 5900 lior.
397 5856 444 5900 am.
459 5839 521 5901 458.
535 5838 549 5886 d
565 5840 618 5910 cit,
632 5855 693 5916 tax,
