3892 6136
61 275 95 337 84
179 318 187 331 .
688 329 694 344 ,
830 277 1018 336 Pitdiildiio.
1737 287 1774 348 gp

59 401 92 458 ii.
103 406 135 459 et
147 403 180 460 t..
196 403 281 461 i‘rior
296 403 393 475 inque
404 401 559 476 inscriptio
570 415 587 459 a
598 401 724 461 laudatis
735 401 893 475 scriptori·
906 409 935 472 Α
947 418 1033 476 qnam
1055 405 1200 476 principos
1219 404 1397 478 Langobardi
1420 407 1619 478 possederunt,
1636 408 1772 482 capuana

58 492 114 550 bus
128 493 252 568 vulgata
267 495 339 552 talis
352 498 416 552 est:

224 587 245 656 ’ς
260 587 298 643 ΙΝ
313 587 337 642 N
350 585 411 641 ΔΝΙ
425 585 484 641 [HV
498 585 559 641 xpi
572 583 617 639 oti
632 581 735 640 bortis

225 658 278 714 sci
298 657 471 714 iliiirtNiis

225 728 401 784 BAPTESTE
417 728 474 783 Eoi

226 800 367 856 Fichvs
382 799 443 855 EST
457 797 548 855 Hinc

224 871 383 928 cilonivs
403 871 465 927 SVB
482 867 646 926 TEMPORE

225 942 361 999 tonino
376 941 510 999 NOSTRO

224 1012 420 1070 AIOPRANDO
438 1013 530 1069 REGE

224 1086 269 1141 ET
286 1084 503 1141 terninano

226 1156 382 1212 donnico
402 1153 572 1211 EPESCOPO

222 1228 267 1283 lit
282 1227 454 1284 COSTODES
468 1227 544 1283 EIVS

223 1298 272 1355 W
286 1298 470 1355 litterario
484 1299 527 1354 ET

223 1370 363 1425 lancois
379 1369 498 1424 PiiBlilS

223 1442 269 1496 ΕΤ
284 1439 400 1496 REFOA
415 1438 605 1497 distensio

227 1511 414 1568 bondenum
429 1512 592 1567 INDIGNVS

226 1582 419 1639 uidcortrivs
433 1583 559 1639 sculpsi

223 1673 256 1727 in
272 1674 379 1726 nomine
393 1674 448 1725 lini
465 1675 525 1728 iesu
537 1672 589 1728 lini
602 1671 636 1727 dc
650 1670 730 1727 waic

225 1744 321 1799 Sancti
342 1743 471 1799 lobannis

222 1816 355 1884 baptistae
368 1815 440 1869 edi-

221 1890 334 1957 ficatum
348 1891 387 1941 est
401 1885 449 1940 boc

222 1957 357 2012 ciborium
370 1958 420 2012 sub
434 1956 574 2029 (tempore)

221 2031 337 2084 minino
352 2033 444 2082 nostro

224 2099 395 2169 iuitproudo
409 2101 478 2167 nepe

218 2173 255 2227 nt
272 2171 429 2227 Venerabili
441 2172 557 2226 Paterno

220 2244 351 2298 bonntco
365 2243 496 2323 Episcopo

222 2319 249 2368 et
262 2313 421 2368 custodibus
437 2328 496 2382 egus

224 2385 433 2443 Venerabitibus
448 2385 521 2441 liris
538 2384 677 2441 Vitnliono
691 2389 717 2438 et

223 2459 330 2512 Teneor
344 2457 512 2524 Presbyteris

219 2533 246 2583 et
259 2528 340 2595 iicsol
353 2526 506 2583 Gastoiclio.

219 2598 366 2655 Gondetme
382 2598 513 2666 indipnus

219 2671 357 2727 Diaconos
369 2672 475 2740 scripsi.

86 2760 117 2815 in
127 2757 191 2815 alia
204 2756 385 2815 columnares
396 2757 679 2829 quatuormernorati
690 2756 887 2815 aitarisrnen-

60 2861 110 2904 sam
128 2847 351 2905 sustinentibus
374 2848 510 2920 leguntur
529 2849 644 2905 uomina
659 2848 723 2905 Ursi
740 2845 884 2920 magistri,

61 2938 175 3009 ejusqrm
196 2936 422 3009 discipulorum,
447 2951 496 3008 per
516 2950 589 3010 quos
610 2941 758 2994 structura
777 2934 883 2993 ciborii

62 3027 258 3100 peragebatur.
282 3027 465 3098 Properantis
481 3027 553 3098 preli
576 3028 731 3085 necessitas
751 3024 884 3098 prohibet

61 3128 87 3174 ot
96 3117 286 3190 singularum
298 3116 461 3175 litterarum
471 3117 620 3174 barbaram
632 3116 751 3174 formam
761 3115 837 3173 lusis
847 3114 881 3173 ad

61 3206 225 3264 carumdem
240 3208 387 3278 exemplar
400 3207 618 3264 characteribus
634 3207 792 3264 imitemur.

235 3297 343 3354 VRSVS
356 3297 538 3354 utensiliis

234 3369 305 3425 cibi
322 3369 513 3425 ntscsseoois

234 3440 308 3496 slis
323 3440 508 3497 lVVENTlNO

234 3511 279 3566 ET
294 3510 437 3567 ivvinno
454 3512 515 3568 tini

235 3581 379 3638 FicnvET
397 3581 489 3639 iinNc

233 3652 401 3710 tilloitivbi

236 3723 432 3781 vindoilovs

234 3794 392 3851 imonis

236 3865 367 3923 mstis

221 3957 309 4011 Vesus
325 3957 455 4024 mopister

217 4042 279 4082 eren
297 4026 439 4098 discipulis

217 4099 277 4154 suis
294 4100 437 4154 iuventius

217 4174 244 4224 et
257 4170 369 4224 insinno
382 4170 447 4225 edi·

216 4242 310 4310 pennu
325 4240 374 4296 boc

215 4311 347 4366 ciborium

216 4383 391 4440 veremudus

218 4455 336 4523 uegodcl
352 4455 407 4525 (ael
426 4454 573 4525 inocente)

215 4527 326 4591 Poscor,
343 4531 397 4582 ete.

87 4617 204 4674 losum
212 4620 283 4672 etex
293 4614 465 4673 insubribus
474 4615 880 4689 langobardoruudipionna-

58 4704 131 4763 tibus
145 4705 280 4762 eumdem
296 4706 402 4776 stylum
417 4707 584 4764 ostendere:
599 4719 722 4778 qnorum
737 4706 881 4778 specimen

57 4794 91 4851 sit
101 4794 225 4851 donatio
238 4794 401 4865 Tireoperti,
419 4808 469 4865 per
483 4808 569 4867 quam
583 4795 609 4852 is
624 4795 752 4852 basilicae
766 4795 793 4852 S.
809 4794 882 4850 im-

56 4881 144 4941 brosii
157 4883 258 4940 omnia
269 4882 342 4940 bona
353 4897 404 4941 sua
416 4883 573 4941 nobiliaci
583 4884 745 4942 immobilia
757 4884 881 4957 largitur

54 4984 125 5030 anuo
141 4972 296 5045 trigesimo
317 4973 487 5043 luitprandi
504 4975 591 5046 regis,
608 4974 770 5044 ildeprandi
785 4981 880 5029 autem

54 5061 87 5119 ab
98 5063 164 5134 ipso
174 5046 322 5132 assumpti
336 5063 366 5118 in
379 5063 558 5120 consortium
569 5064 648 5137 regni
659 5076 734 5120 anno
747 5063 880 5135 septimo,

53 5151 104 5210 tub
121 5152 173 5210 die
188 5157 291 5209 octavo
311 5152 379 5208 idus
393 5153 493 5223 Maias,
511 5153 671 5210 indictione
690 5167 742 5210 rur
763 5152 879 5225 (Christi

52 5236 120 5314 lte),
142 5245 264 5314 rogante
283 5240 414 5297 Proiasio
436 5242 558 5298 notario.
581 5243 651 5312 Eius
670 5243 879 5314 autographum

948 493 1061 551 scilicet
1076 494 1105 551 in
1121 494 1243 564 ditione,
1260 493 1344 565 piane
1362 494 1488 553 similem
1504 496 1650 554 scribendi
1666 497 1773 559 barba-

949 585 1019 642 riem
1035 584 1141 642 notarii
1159 585 1341 657 reliquerunt
1356 587 1496 657 usquead
1512 586 1650 645 suculam
1662 587 1773 652 Christi

949 674 1143 747 undecimum,
1158 675 1201 732 uti
1217 675 1345 732 ostendit
1364 679 1536 746 preceptum
1552 676 1714 748 Panduipiai
1726 678 1772 748 ll,

948 764 1212 836 principiscopua,
1222 764 1771 837 apndiiamiiiumi’eregrinuminliiat

949 852 1113 923 principum
1128 853 1263 925 langob..
1281 868 1344 926 pag.
1360 851 1425 924 229,
1440 867 1516 912 auno
1532 852 1610 912 4034.
1627 857 1725 928 Neque
1737 854 1774 915 ab

948 941 1072 998 istorum
1082 941 1221 1012 exemplis
1232 942 1414 1000 desciverunt
1423 949 1533 1001 caetere
1542 943 1632 1002 italiae
1643 945 1775 1018 regiones

947 1045 1011 1102 quae
1026 1029 1222 1103 langobardis
1237 1036 1403 1103 paruerant,
1419 1033 1495 1104 quod
1511 1034 1542 1090 in
1556 1033 1702 1103 spoletani
1713 1034 1774 1093 da-

945 1124 1028 1176 catus
1042 1120 1170 1177 Historia
1185 1135 1235 1192 per
1250 1122 1383 1179 comitem
1397 1121 1574 1192 campellum
1585 1136 1621 1179 ex
1635 1122 1773 1195 genuinis

946 1210 1140 1266 monumentis
1151 1215 1281 1267 contexta
1292 1211 1490 1268 demonstrant
1498 1215 1562 1267 acta
1574 1210 1690 1283 publica
1701 1224 1772 1283 pro-

944 1297 1031 1356 ducta
1052 1297 1128 1356 libro
1150 1313 1198 1370 xv,
1219 1300 1274 1357 sub
1296 1300 1369 1358 duee
1392 1299 1597 1368 iiiidebrando,
1619 1315 1683 1374 pag.
1706 1296 1770 1372 iet,

944 1387 1022 1444 circa
1036 1401 1144 1445 annum
1157 1385 1221 1458 iae,
1238 1388 1292 1446 snb
1306 1390 1432 1447 Widono
1442 1391 1526 1461 duce,
1542 1403 1605 1464 pag.
1619 1387 1682 1460 tto,
1695 1402 1771 1457 tuno

943 1472 1006 1541 sie,
1028 1477 1154 1550 aliisque
1173 1478 1323 1535 similibus
1336 1479 1413 1549 apud
1428 1479 1559 1537 eumdem
1576 1478 1769 1551 requirendis.

980 1567 1067 1622 Nemo
1082 1566 1179 1638 itaque
1192 1568 1258 1637 jure
1269 1567 1446 1625 dubitaverit
1459 1568 1531 1640 quin
1543 1573 1626 1626 aetate
1636 1566 1771 1641 Gregorii

944 1656 1195 1714 conscribentibus
1210 1657 1290 1715 litas
1305 1658 1474 1728 pontiicum
1490 1662 1594 1729 praeto
1608 1656 1703 1717 torcat
1715 1659 1772 1717 ‹io-

903 1756 930 1820 Β
943 1751 1075 1803 camonia
1092 1760 1188 1803 rorum
1200 1747 1417 1804 enuntiatarum
1429 1759 1485 1803 non
1498 1748 1581 1804 modo
1595 1747 1628 1813 in
1642 1747 1770 1813 archivis

942 1839 971 1891 et
980 1834 1145 1906 tabulariis,
1162 1834 1210 1891 sed
1224 1836 1311 1891 etiam
1324 1836 1354 1891 in
1366 1835 1558 1892 marmoribus
1569 1835 1767 1907 ecclesiarum,

942 1936 1007 1980 cunr
1019 1924 1150 1994 legantur
1160 1923 1248 1980 etiam
1259 1930 1358 1981 nostro
1368 1922 1474 1981 werric
1484 1923 1656 1994 superstites
1666 1922 1770 1980 inscri-

943 2011 1056 2082 ptiones
1077 2026 1140 2083 qua
1161 2011 1429 2082 comprobantium
1448 2015 1538 2083 gesta,
1559 2016 1622 2069 tum
1641 2011 1767 2081 decreta,

942 2103 1003 2156 turn
1018 2100 1104 2157 etiam
1120 2100 1226 2172 stylum
1236 2100 1330 2159 aetatis
1340 2099 1491 2172 proprium
1503 2112 1560 2171 qna
1570 2100 1687 2165 decreta
1693 2111 1767 2157 oon-

882 2214 889 2225 ·
941 2188 1152 2248 scribebantur.

976 2277 1103 2334 Pertinet
1117 2279 1152 2335 ad
1175 2279 1253 2336 bunc
1268 2279 1373 2348 iocum,
1397 2276 1560 2335 scilicetad
1583 2278 1766 2334 monumenta

940 2363 1131 2436 oblationum,
1145 2365 1331 2435 electionum,
1343 2364 1561 2422 ordinationum
1571 2363 1767 2422 etcironoio-

940 2453 995 2526 giae
1011 2451 1177 2524 pontificis,
1193 2468 1208 2510 e
1223 2453 1361 2511 nonanis
1382 2452 1532 2523 lapidibus
1545 2450 1681 2524 diligenti
1696 2464 1767 2509 cura

940 2554 974 2597 ac
989 2540 1043 2597 ilde
1059 2542 1204 2598 translatae
1219 2542 1249 2599 in
1264 2541 1414 2613 catalogos
1434 2541 1572 2614 vitasque
1586 2552 1765 2598 summorum

939 2628 1075 2686 Ecclesia
1089 2630 1266 2702 antistitum,
1282 2630 1387 2687 tabeiia
1401 2630 1454 2686 iiia
1469 2643 1637 2701 marmorea,
1653 2641 1765 2687 memo-

941 2720 1129 2776 ransdonum
1144 2720 1276 2777 assuero
1295 2719 1460 2791 presbytero
1478 2718 1612 2778 ilomanae
1629 2717 1765 2776 Rutulae

940 2807 1021 2865 tituli
1037 2808 1063 2865 S.
1081 2809 1156 2865 Petri
1173 2808 1207 2864 ad
1227 2808 1349 2867 vincula
1371 2807 1500 2866 oblatum
1523 2808 1577 2867 snb
1601 2807 1764 2881 patrocinio

938 2897 1066 2968 eiusdem
1094 2899 1238 2970 principis
1268 2899 1475 2971 apostolorum,
1505 2901 1569 2970 post
1594 2897 1762 2967 eiectionem

936 2987 1128 3058 loannisejus
1139 2988 1267 3045 nominis
1277 3002 1355 3060 papae
1366 2987 1670 3061 secundicqnamiim.
1681 2985 1760 3043 card.

898 3084 923 3153 ο
937 3077 1220 3148 baroniustanquam
1229 3074 1763 3137 iliustredocuueutuuecclesiastice

938 3163 1761 3241 historiaeinserendamcuraritinnaiiuutomoliss‚ad
1831 3206 1834 3213 .

809 3296 814 3306 .
936 3267 1044 3312 annum
1055 3254 1165 3312 Christi
1177 3252 1240 3313 itii.
1258 3257 1371 3314 visitur
1382 3269 1508 3312 marmor
1521 3257 1551 3312 in
1564 3255 1662 3312 eodem
1674 3252 1762 3310 titulo

936 3342 1083 3415 liudonis,
1099 3344 1160 3401 sire
1171 3345 1200 3402 S.
1213 3345 1288 3401 Petri
1303 3346 1338 3403 ad
1351 3345 1483 3415 Vincula,
1496 3347 1579 3401 aetate
1594 3345 1692 3398 nostra
1705 3354 1762 3396 cn—

936 3433 1076 3490 stoditum
1091 3439 1119 3491 et
1139 3433 1254 3491 adinum
1275 3434 1379 3506 parieti
1399 3433 1481 3490 navis
1502 3430 1631 3488 lateralis
1649 3431 1761 3499 aparte

936 3519 1005 3578 iana
1017 3521 1206 3579 adorantibus
1215 3527 1281 3579 aute
1290 3521 1381 3578 altare
1391 3517 1571 3576 sanctissimi
1583 3514 1759 3574 Sacraumi

936 3609 979 3666 ita
992 3609 1128 3667 incisura.

973 3720 1137 3764 mnnonm
1152 3716 1307 3762 arcannm
1323 3715 1445 3761 morton

970 3791 1004 3835 ro
1018 3790 1157 3834 uacuare
1171 3791 1207 3833 nx
1221 3788 1269 3833 soe
1283 3787 1346 3833 nom
1361 3786 1426 3832 nou.
1443 3785 1582 3832 amem

971 3862 1019 3906 nrs
1031 3861 1166 3906 onninaao
1180 3862 1217 3904 ux
1230 3863 1275 3904 arr
1290 3860 1330 3904 scr
1346 3859 1496 3904 mansuris
1509 3859 1545 3902 tn
1557 3858 1608 3903 oto

971 3934 1041 3977 nris
1059 3932 1256 3977 ronrrrrcaanrr
1275 3932 1399 3976 raonoro
1415 3931 1500 3975 auaro
1518 3930 1605 3975 amno

971 4005 1005 4049 tr
1017 4004 1139 4049 rannone
1156 4005 1206 4049 svo
1217 4005 1235 4048 n
1248 3992 1373 4048 arnonus
1386 4003 1453 4047 sins
1467 4001 1590 4047 suranus
1605 4000 1639 4045 nn
1655 3999 1758 4045 muna

970 4077 1004 4120 ur
1018 4078 1055 4121 rr.
1071 4075 1228 4121 remoror
1243 4075 1276 4119 er
1291 4075 1404 4119 cnemis
1417 4075 1453 4116 nn
1469 4065 1561 4118 ccetc.

935 4169 997 4226 Uno
1005 4169 1141 4241 exiapide
1149 4168 1502 4227 addiscimuseiectlonem
1510 4166 1758 4226 coordinationem

937 4259 1094 4330 pontilicis,
1110 4258 1281 4317 oblationem
1296 4258 1392 4316 sereni
1407 4257 1576 4330 presbyteri,
1589 4261 1619 4314 et
1629 4255 1758 4313 cbrono-

936 4347 1041 4421 iogiarn
1053 4349 1230 4420 pontificiam
1242 4351 1373 4407 videmus
1381 4349 1460 4407 notis
1471 4346 1675 4406 consularibus
1684 4345 1759 4406 iiiu-

893 4430 922 4494 D
936 4444 1054 4497 stratam
1069 4440 1241 4497 auctoritate
1257 4451 1429 4498 marmorum
1444 4438 1601 4510 equalium
1615 4450 1708 4508 usque
1721 4435 1756 4493 ad

936 4536 1094 4603 postremos
1108 4528 1242 4587 consules
1252 4528 1426 4586 Occidentis.
1439 4530 1523 4585 iurat
1534 4527 1612 4583 onim
1622 4525 1758 4583 animad-

935 4614 1759 4690 sertem,postexactumbienniumamorteiruiusloannis

936 4722 1015 4782 papae
1028 4710 1052 4764 ii
1065 4721 1141 4764 anno
1154 4706 1262 4764 Christi
1278 4703 1340 4777 534,
1357 4707 1468 4779 signari
1481 4706 1580 4763 lautos
1592 4705 1758 4762 iustiniauo

935 4798 1064 4869 Augusto
1077 4796 1112 4852 il
1122 4800 1152 4852 et
1163 4796 1249 4852 Decio
1259 4795 1409 4853 'ibeodoro
1422 4795 1553 4862 Paulino,
1568 4806 1652 4864 quern
1664 4792 1758 4848 cirro-

935 4885 1032 4957 noiogi
1052 4883 1203 4941 observant
1222 4883 1314 4941 inisse
1332 4896 1495 4942 romanon
1516 4893 1658 4938 oonsnamr
1674 4881 1758 4937 oeu-

935 4985 1100 5032 nnurrnrurr.
1111 4972 1275 5028 lincurius
1289 4973 1387 5043 itaque
1399 4971 1478 5028 Libri
1490 4968 1668 5026 Pontibcaiis
1677 4981 1758 5041 equo

935 5079 967 5121 ao
977 5063 1088 5120 laudati
1098 5060 1226 5134 catalogi
1237 5061 1291 5117 sub
1301 5061 1465 5116 iustiniano
1474 5056 1599 5135 subnixa
1608 5057 1756 5117 estsoiido

935 5149 1364 5222 testimonioiapidumpubliee
1374 5148 1759 5219 positorumscdbaecdiit-

935 5243 1049 5316 gentius
1070 5240 1266 5312 expendentur
1287 5252 1340 5297 suo
1364 5238 1427 5296 ioco
1449 5237 1480 5296 in
1505 5241 1582 5298 notis
1602 5239 1637 5296 ad
1662 5236 1755 5296 litam

54 5328 194 5387 laudem
214 5328 340 5386 basilica
355 5334 531 5389 asservatum
552 5330 662 5387 indicat
679 5331 758 5388 toan.
779 5333 881 5388 Petrus
933 5332 1053 5390 loannis
1065 5331 1194 5388 secundi.

53 5419 210 5477 Pariceiius
220 5419 253 5475 tn
268 5418 462 5476 bionumentis
473 5418 669 5477 ambrosianae
682 5419 810 5478 basilicae
818 5422 881 5477 bie-

52 5506 240 5577 libianensis,
258 5520 323 5579 pag.
342 5504 384 5563 lo.

83 5595 342 5656 ibinaliaitaiiae
351 5597 878 5672 parte,iongeabinsnbribusdisstta,

970 5419 1013 5478 43.
1031 5421 1139 5478 decedo
1153 5421 1211 5490 jann
1225 5420 1259 5477 ad
1274 5422 1449 5491 postremum
1463 5422 1550 5491 eaput
1566 5417 1757 5474 documento-

936 5524 1010 5581 rum,
1041 5510 1188 5580 pertinens
1213 5509 1247 5566 ad
1276 5507 1459 5566 donationem
1490 5504 1645 5562 fundorum
1668 5507 1698 5562 et
1719 5505 1754 5561 ad

935 5604 1101 5657 ornamenta
1117 5599 1249 5655 eeclesiis
1264 5598 1380 5667 coliata,
1396 5603 1425 5654 et
1445 5597 1474 5651 in
1491 5592 1576 5650 Libro
1593 5592 1755 5652 Pontiicaii
