3892 6136
473 238 476 242 ’
514 262 562 319 no
580 228 798 320 4444444444
817 256 1075 327 rnorhuouuna
1092 268 1183 325 uun.
1203 265 1418 327 nou-vanc.
1502 316 1506 323 .
1782 262 1818 322 st

115 386 980 463 melia.ChristusquisqueiacileinteiligetuoniuisseA
995 403 1056 463 cap.
1069 387 1088 448 i
1099 396 1128 450 et
1140 391 1168 466 8,
1181 396 1215 451 ut
1226 393 1411 466 Symmachus
1425 408 1497 467 papa
1509 396 1632 452 testatur
1646 393 1677 450 44
1692 389 1819 449 concilio

114 484 216 541 sursts
225 478 404 554 negligenter
412 479 444 537 iu
454 479 581 538 archivis
592 479 778 538 basilicarum
791 491 824 536 ac
833 478 940 537 titulo-
994 482 1129 556 Romano,
1143 486 1217 555 quod
1231 482 1318 542 Osius
1328 485 1463 558 Sylvestri
1477 485 1587 558 legatus
1596 483 1722 542 concilio
1732 482 1821 539 iuter·

115 584 180 631 rurs
195 569 282 628 Urbis
294 569 465 627 documenta
480 569 596 642 publica
614 569 778 641 principum
794 582 827 626 ac
841 570 941 641 prira-
994 570 1098 630 luisset
1111 586 1187 632 anno
1201 571 1263 644 iel,
1279 588 1359 632 uum.
1375 571 1419 646 ll,
1443 573 1611 633 observante
1629 573 1753 630 liarouio
1768 584 1820 629 nec

116 657 941 733 tomu,qulbusprediasireurbaussiserustlcadouu-
994 675 1051 720 nou
1061 663 1187 720 Binioad
1197 663 1271 720 idem
1282 664 1439 721 concilium
1450 663 1495 721 iit.
1506 665 1533 735 4,
1545 663 1668 735 aliaeque
1677 661 1821 720 subtulio

115 748 232 822 bantur,
248 761 313 807 cum
328 748 360 806 in
373 752 445 806 estu
460 760 574 821 quoque
592 748 802 821 persecutionis
821 747 941 805 mobilia
994 764 1067 823 papa
1087 765 1161 810 anno
1184 753 1248 823 ejus
1272 753 1385 826 quine,
1411 753 1520 811 Christi
1545 749 1609 822 344,
1635 752 1665 808 44
1691 750 1820 808 concilio

117 834 941 910 secludebossarchidiacouiscontraderentur,quemad·
993 840 1171 899 Antiocheno
1193 842 1287 913 primo
1310 855 1374 899 can.
1396 839 1442 914 44,
1468 841 1519 899 444
1543 855 1578 898 ex
1599 840 1746 912 episcopis
1768 840 1819 911 qui
1849 854 1855 865 ·

119 925 275 985 nodutus.
291 925 398 983 Lucius
419 938 491 998 papa
510 939 543 983 44
556 926 766 983 commendavit
786 924 939 997 Stephano,
995 935 1182 988 convenerant
1209 931 1278 988 licet
1300 931 1463 1002 complures
1484 931 1520 986 ab
1542 928 1660 987 Arianis
1687 929 1821 1000 partibus

116 1015 279 1088 Stephanus
292 1015 393 1088 xysto,
409 1017 518 1089 Xystus
530 1016 694 1088 Laurentio,
709 1030 771 1088 que
781 1020 863 1072 eraut
874 1026 942 1071 ero-
995 1018 1116 1075 subdole
1144 1024 1254 1077 starent
1279 1020 1310 1077 in
1334 1033 1422 1077 causa
1446 1019 1608 1092 Athanasii,
1634 1023 1759 1075 attarnen
1785 1015 1820 1074 de

117 1105 210 1179 ganda
220 1104 251 1161 lu
260 1103 453 1177 eleemosynas
462 1119 618 1178 pauperum
627 1106 693 1163 etin
703 1120 773 1163 usus
783 1112 939 1162 sacrorum.
995 1106 1081 1164 rebus
1098 1108 1232 1165 Ecclesia
1247 1109 1286 1165 ita
1307 1109 1490 1166 statuendum
1511 1112 1669 1164 sanxerunt
1688 1121 1755 1164 cum
1770 1119 1821 1163 44-

117 1194 194 1253 44444
206 1193 294 1252 44444
307 1193 468 1252 immobilia
481 1196 516 1252 ad
532 1195 688 1253 Ecclesiam
701 1195 759 1266 iam
773 1199 833 1251 tum
848 1191 943 1264 perti-
995 1195 1124 1265 tholicis,
1138 1197 1261 1254 imitatis
1272 1197 1382 1255 lulium
1395 1197 1557 1268 poutihcem
1569 1197 1599 1253 in
1612 1196 1675 1253 suis
1686 1194 1818 1268 legibus:

117 1283 364 1357 uniuersorum
378 1296 474 1343 annuo
487 1283 583 1343 reditu
596 1298 735 1357 pauperes
746 1288 797 1342 aut
811 1281 940 1340 ministri
996 1303 1010 1337 4
1026 1285 1110 1342 Recte
1131 1285 1225 1357 babel,
1246 1292 1278 1343 ut
1298 1299 1341 1357 ea,
1364 1299 1427 1357 quae
1447 1291 1516 1343 sunt
1535 1285 1672 1354 ecclesie,
1693 1283 1821 1340 ecclesiae

116 1373 272 1447 alerentur,
286 1380 362 1432 recte
372 1372 940 1449 colligunteruditiexlegeconstautini
995 1380 1145 1432 serventur
1166 1388 1231 1432 cum
1255 1375 1334 1433 omni
1359 1375 1433 1432 bona
1456 1373 1633 1431 couscientia
1656 1377 1685 1430 et
1713 1372 1768 1429 ilde
1791 1374 1820 1430 in

116 1464 193 1538 spud
203 1463 357 1523 Eusebium
369 1464 400 1521 iu
409 1465 473 1536 eius
482 1464 546 1523 Vlia
557 1464 608 1521 lib.
622 1478 654 1536 n,
665 1477 727 1536 cap.
738 1461 783 1535 39,
796 1462 941 1536 quaiubet
994 1464 1124 1522 omnium
1149 1464 1298 1535 presidem
1322 1467 1351 1521 et
1369 1464 1496 1534 judicem
1520 1465 1609 1519 berum
1625 1481 1632 1518 ι
1651 1476 1714 1534 quae
1733 1462 1820 1519 etiam

115 1552 248 1613 ecclesiis
259 1553 376 1612 restitui
391 1553 465 1611 bona
477 1568 540 1627 quse
553 1554 640 1612 444444
652 1553 811 1611 abstulerat
826 1552 856 1608 iu
872 1565 941 1624 per·
994 1553 1193 1609 administrari
1206 1553 1340 1610 convenit
1352 1567 1417 1610 cum
1430 1552 1543 1622 judicio
1558 1557 1587 1608 et
1601 1555 1741 1622 potestate
1755 1551 1822 1622 epi-

116 1643 273 1700 secutioue.
299 1643 398 1700 omnic
423 1658 485 1713 erpo
508 1644 560 1715 (ait
581 1641 798 1715 Constantinus)
819 1657 880 1712 que
903 1641 941 1696 cd
995 1643 1087 1715 scopi,
1111 1642 1158 1699 cui
1181 1646 1225 1699 est
1246 1642 1340 1700 omnis
1362 1641 1486 1713 populus
1508 1641 1647 1711 creditus,
1669 1646 1698 1696 44
1722 1653 1820 1697 eorum

115 1733 251 1789 8444444444
267 1736 339 1789 reete
351 1734 412 1788 oisc
424 1735 532 1802 44444444
546 1737 696 1804 petinere,
712 1734 768 1788 siue
787 1732 892 1794 domus
907 1745 940 1785 cc
955 1733 1097 1800 Baniurae
1119 1745 1182 1804 quae
1205 1732 1234 1788 in
1255 1731 1405 1788 ecclesiam
1427 1731 1611 1788 conveniunt.
1635 1730 1699 1787 Sint
1724 1735 1819 1787 autem

113 1823 246 1894 possessio
257 1823 304 1886 stt,
317 1823 374 1878 stae
386 1823 460 1891 apri,
475 1822 626 1886 eiushorti,
639 1836 687 1876 seu
700 1834 869 1892 quecunque
882 1821 941 1875 4444
995 1819 1145 1878 manifesta
1157 1820 1261 1892 444444
1270 1819 1419 1877 ecclesiam
1432 1819 1575 1890 pertinent
1583 1832 1648 1876 cum
1656 1817 1822 1890 cognitione

113 1910 206 1967 noello
214 1911 291 1981 pure,
307 1910 428 1981 puodcd
441 1910 596 1967 dominium
601 1912 732 1981 44444444,
745 1911 900 1973 immunito,
913 1923 941 1964 se
996 1909 1225 1983 presbyterorum
1248 1914 1277 1966 et
1299 1908 1487 1967 diaconorum
1503 1908 1556 1981 qui
1569 1912 1639 1966 suut
1652 1908 1730 1966 circa
1744 1921 1820 1979 euru,

114 1999 185 2056 oleis
193 2000 727 2071 omnibusatoues‘nteprs'smanestibus,
740 1998 942 2069 4444444444-
996 2004 1030 2057 ut
1053 2000 1148 2057 sciant
1169 2004 1197 2055 et
1218 2011 1275 2055 non
1299 1998 1441 2070 ignorent,
1463 2016 1476 2048 c
1497 2003 1552 2055 etc.
1574 1996 1626 2054 Sed
1649 1997 1823 2069 apostolicas

113 2102 185 2145 uses.
199 2087 348 2146 videndus
360 2099 393 2145 es
407 2086 443 2144 de
455 2101 486 2146 re
498 2088 692 2147 'ihomaslnus
705 2089 741 2145 de
755 2085 849 2145 444444.
866 2091 938 2158 part.
994 2089 1065 2146 lulli
1081 2089 1156 2161 leges
1179 2087 1270 2145 multo
1289 2087 1475 2158 prestantius
1490 2086 1650 2143 illustrarit
1663 2087 1822 2144 concilium

115 2188 160 2248 lll,
183 2174 235 2232 lib.
260 2188 282 2248 r,
304 2189 365 2248 cap.
388 2173 416 2248 3,
441 2175 489 2232 ubi
510 2190 546 2234 44
567 2177 648 2235 44444
671 2178 701 2232 Β.
725 2176 841 2235 bbercii
864 2174 940 2246 apud
996 2177 1310 2234 Chalcedoneuseanno
1325 2172 1388 2245 454,
1404 2175 1685 2248 subLeonellaguo,
1702 2180 1758 2232 act.
1775 2189 1821 2247 xv,

115 2262 269 2321 baronium
284 2264 319 2320 ad
335 2276 443 2321 aunum
459 2262 520 2337 463,
538 2265 640 2335 probat
658 2266 745 2322 etiam
766 2264 802 2321 ab
816 2262 942 2321 ethnicis
996 2280 1058 2323 cau.
1085 2264 1148 2322 eo:
1173 2285 1188 2319 s
1215 2265 1327 2322 Placuit
1352 2278 1464 2322 omnem
1492 2264 1642 2322 ecclesiam
1672 2265 1822 2323 habentem

116 2352 340 2426 imperatoribus
351 2350 573 2410 donatasiulsse
586 2353 844 2425 sliquotecclesias
854 2351 944 2409 Chri·
996 2355 1163 2426 episcopum
1176 2353 1279 2411 habere
1292 2367 1471 2411 (economum
1483 2354 1519 2410 de
1534 2353 1610 2411 clero
1626 2354 1755 2425 proprio,
1772 2350 1822 2426 qui

114 2441 943 2515 stianssaunuisreditibus3cumll.Aureliuslcpaturter
997 2444 1144 2516 dispenset
1166 2457 1212 2501 res
1235 2443 1446 2500 ecclesiasticas
1471 2443 1628 2500 secundum
1652 2442 1823 2500 senteutiam

116 2532 248 2591 millibus
260 2531 398 2591 frumenti
412 2533 518 2590 modiis
530 2532 651 2591 donasse
669 2532 825 2590 Ecclesiam
839 2532 944 2588 illeru-
997 2533 1124 2604 episcopi
1140 2532 1251 2604 proprii
1266 2532 1327 2603 ,ita
1340 2539 1371 2588 44
1386 2531 1513 2589 ecclesiae
1527 2532 1706 2604 dispensatio
1722 2536 1824 2603 praeter

116 2621 285 2696 politanam,
309 2622 393 2693 cuius
412 2621 565 2694 episcopus
588 2621 678 2679 illlam
702 2622 796 2693 elusa
816 2621 943 2678 damone
998 2622 1195 2680 testimouium
1207 2622 1323 2693 nonsit,
1337 2621 1825 2694 etexhocdisperganturecclesis

116 2710 288 2785 exegimus
308 2717 480 2780 4444444444
497 2724 589 2783 neque
611 2711 684 2769 illud
704 2711 823 2783 donum,
848 2710 943 2767 44444
999 2710 1150 2770 facultates
1173 2717 1201 2769 et
1224 2710 1386 2768 sacerdotio
1412 2710 1626 2768 maledictionis
1650 2711 1826 2769 contumelia

115 2799 231 2859 iuliano
243 2800 380 2873 sposuss
396 2799 488 2859 luisse
503 2804 698 2858 retractatum.
714 2801 833 2857 Necesse
852 2798 945 2872 igitur
999 2807 1179 2873 procuretur.
1197 2818 1210 2852 s

116 2889 335 2948 eratindiculos
348 2889 521 2962 praediorum
531 2889 676 2947 conscribi
690 2903 739 2961 per
749 2887 877 2947 44444444
887 2888 944 2944 444-
1033 2892 1111 2948 44444
1138 2895 1233 2947 autem
1261 2888 1449 2959 disciplinam
1478 2889 1565 2946 etiam
1593 2894 1660 2946 aute
1689 2902 1824 2947 4444444

117 2977 258 3036 clesiaeac
271 2976 445 3051 defensores,
463 2977 621 3049 praesertim
634 2976 944 3049 cumidemhugustus
998 2980 1117 3038 concilii
1140 2980 1381 3037 Chalcedonensis
1403 2979 1578 3050 pertinuisse
1601 2978 1636 3035 ad
1661 2979 1825 3037 uuiversum

117 3067 324 3127 (4444444444
337 3066 481 3124 sanxisset
494 3071 527 3124 ut
539 3071 695 3138 martyrum
708 3071 736 3124 et
748 3064 943 3123 consessorum
959 3064 985 3128 G
998 3069 1154 3127 Ecclesiam
1166 3069 1309 3142 postlulii
1318 3068 1555 3126 constitutionem
1565 3068 1693 3124 declarat
1703 3066 1826 3140 epistola

118 3157 192 3217 bons
213 3171 263 3229 per
282 3157 382 3215 lecum
403 3160 500 3228 erepta
519 3155 681 3214 heredibus
700 3155 942 3225 restituerentur,
997 3158 1825 3232 cyriliihlcsandriui,conquerentisquodnoneatantum

119 3247 164 3306 rel
174 3247 199 3305 si
211 3247 337 3305 haeredes
345 3246 509 3318 delicerent,
521 3245 577 3303 loci
588 3245 715 3303 ecclesie
724 3245 942 3303 addicerentur:
999 3248 1182 3320 exigerentur
1201 3246 1238 3304 ab
1252 3247 1397 3319 episcopis
1412 3261 1475 3319 que
1500 3246 1681 3317 providentia
1705 3245 1827 3303 laudate

120 3336 162 3395 iia
184 3334 309 3394 Eusebio
331 3339 454 3393 44444444
475 3348 538 3407 cap.
558 3333 594 3392 36
611 3338 640 3392 et
657 3330 692 3392 si
713 3335 840 3404 ejusdem
863 3332 944 3391 libri.
1000 3335 1073 3409 legis
1088 3336 1198 3392 irmaia
1212 3342 1293 3392 erant
1307 3337 1342 3392 ad
1358 3336 1584 3406 praeservandam
1608 3335 1827 3391 indemnitatem

119 3422 213 3497 Quare
229 3424 259 3481 iu
273 3424 339 3482 Vita
352 3423 489 3498 sylvestri
505 3423 553 3482 hic
568 3424 653 3481 Liber
666 3422 843 3480 Pontiiiralis
865 3435 943 3480 oum.
1001 3439 1096 3483 rerum
1103 3425 1337 3496 lieodicatarum,
1349 3423 1666 3497 sedetiamsupralegis
1677 3425 1826 3495 terminos,

121 3510 156 3572 io
167 3510 255 3571 reiert
262 3512 482 3570 Constantinum
494 3512 623 3570 ecclesie
633 3511 661 3568 S.
676 3510 823 3569 laurentii
835 3511 864 3568 in
877 3523 946 3584 agro
999 3513 1638 3586 eiconiraepiscoporumdignitatemacjura,
1648 3512 1827 3583 ipsiquoquc

121 3605 231 3663 verano
244 3615 261 3660 4
276 3615 307 3659 se
319 3606 491 3659 constructae
509 3601 631 3659 donaria
646 3600 762 3672 publica
775 3599 945 3671 contulisse,
1000 3603 1128 3675 episcopi
1139 3603 1173 3659 ud
1188 3603 1344 3660 reddendas
1355 3601 1481 3659 rationes
1492 3606 1661 3658 vocarentur
1672 3601 1702 3657 in
1712 3601 1828 3672 dispeu-

120 3696 149 3750 et
158 3692 233 3748 inter
241 3691 315 3747 bona
326 3689 486 3746 immobilia
496 3690 588 3746 eidem
598 3690 747 3747 addixisse
751 3691 948 3760 possessionem
1001 3693 1112 3751 satione
1126 3692 1386 3749 ecclesiasticorum
1399 3696 1597 3763 proventuum.
1610 3690 1694 3747 Edita
1709 3697 1753 3746 cst
1764 3690 1830 3762 epi-

121 3780 268 3851 esp'usdum
288 3779 439 3848 cpre'oeetts
463 3777 599 3846 relipiosae
620 3780 739 3846 semine,
763 3793 846 3849 quom
865 3780 947 3848 444444
1001 3781 1075 3839 44444
1095 3780 1196 3852 Cyrilii
1224 3778 1285 3852 (quui
1309 3780 1384 3837 obiit
1409 3794 1483 3836 anuo
1506 3779 1615 3835 Christi
1641 3776 1702 3850 444,
1730 3792 1831 3851 nempe

122 3872 301 3940 occupauerat
317 3872 434 3938 tenpore
442 3867 650 3939 persecutionis.
1002 3871 1151 3941 septennio
1174 3874 1240 3925 ante
1261 3868 1416 3926 consilium
1435 3867 1674 3940 chalcedonense)
1696 3874 1774 3925 tomo
1796 3869 1828 3939 V,

158 3959 213 4017 lllx
223 3962 285 4015 erat
293 3956 426 4014 4444444444
436 3968 492 4028 pax
501 3953 623 4024 reddita,
635 3957 663 4012 et
672 3953 797 4013 laudatae
805 3968 838 4013 44
845 3957 949 4015 dolatae
1003 3965 1075 4031 part.
1092 3971 1124 4030 n,
1142 3971 1204 4030 pag.
1221 3955 1284 4028 ali,
1301 3957 1351 4014 ubi
1368 3957 1427 4014 haec
1443 3955 1599 4029 leguntur:
1616 3977 1629 4010 s
1645 3957 1718 4014 44444
1734 3957 1828 4031 44444,

124 4043 949 4116 basilicarisebaulurperConstantinumsubSylvestroet
1004 4060 1162 4121 magnaque
1175 4046 1298 4103 tristitia
1308 4045 1395 4103 allicit
1407 4046 1607 4104 sanctissimos
1619 4047 1771 4118 episcopos
1783 4047 1832 4118 444

126 4137 231 4208 llarco,
245 4148 311 4194 oum
327 4133 477 4207 prosimus
495 4133 584 4190 liarci
600 4145 749 4190 successor
766 4134 862 4193 iulius
877 4149 949 4207 papa
1004 4143 1069 4196 sunt
1081 4138 1181 4207 ubique
1193 4141 1341 4200 temeram,
1355 4137 1430 4208 quod
1445 4141 1623 4208 sumptuum,
1636 4137 1685 4208 qul
1698 4136 1832 4194 illiseru-

124 4226 279 4286 coustitult
291 4228 324 4281 ut
336 4222 441 4281 notitia
453 4234 549 4281 rerum
561 4224 590 4279 et
600 4221 737 4280 lictorum
748 4223 783 4281 ad
793 4223 950 4282 Ecclesiam
1007 4228 1102 4295 niuui,
1118 4225 1346 4298 dispensationis
1364 4225 1439 4282 ratio
1453 4225 1546 4282 abeis
1560 4226 1703 4299 exigatur,
1720 4226 1783 4282 sive
1797 4239 1832 4282 es

126 4314 332 4389 pertinentium
344 4325 394 4384 per
404 4311 532 4370 44444444
542 4311 726 4384 colligeretur
734 4317 838 4371 etcum
848 4318 953 4372 aucto-
1006 4315 1211 4374 ecciesiasticis
1224 4314 1376 4385 reditibus,
1393 4315 1453 4372 sive
1466 4328 1501 4371 44
1515 4312 1613 4371 iruciu
1628 4314 1747 4371 aliunde
1763 4327 1832 4386 per-

129 4401 1099 4480 rllateprimiceriinoturioruuretsauctaesedisscrinariincepta.
1123 4403 1328 4476 Unusquisque
1352 4404 1429 4460 euim
1452 4407 1581 4460 nostrum
1609 4401 1690 4460 dabit
1712 4415 1832 4460 suorum

128 4494 353 4555 celebrarcutur.
378 4510 392 4545 ι
413 4491 466 4548 llic
487 4491 677 4549 coustitutum
700 4489 768 4549 iecit
791 4492 844 4564 (ait
869 4493 954 4551 Liber
1009 4491 1834 4563 malorumratiouenomniumludici.vasacnimpretio

126 4581 306 4644 eductionis
326 4582 358 4639 iu
377 4580 465 4654 lulio,
485 4593 564 4639 num.
581 4578 639 4653 50),
657 4584 689 4637 ut
708 4580 809 4638 nuilus
827 4581 953 4641 clericus
1007 4580 1833 4657 saetpossessionesimmobilesoportetserrariecclesiis.

128 4687 243 4734 444444
257 4669 415 4745 quamlibet
426 4670 455 4727 iu
467 4668 583 4742 publico
593 4672 698 4743 ageret,
709 4669 768 4727 uisi
778 4670 808 4726 lu
819 4671 950 4745 ecclesia,
1006 4672 1157 4745 Episcopis
1169 4676 1273 4742 autem,
1291 4669 1342 4741 qui
1358 4674 1428 4727 tunc
1442 4669 1581 4740 temporis
1595 4671 1728 4728 diuinum
1742 4684 1834 4728 sacer

127 4770 157 4826 st
171 4764 287 4835 notitia,
310 4775 374 4835 quae
394 4759 530 4818 omnibus
545 4773 597 4832 pro
620 4758 675 4816 lide
697 4759 894 4820 ecclesiastica
908 4767 953 4821 est
1005 4758 1835 4832 dotiumadministrant,incidentiumsumptuumdispsu·

128 4868 179 4930 per
193 4852 323 4914 notarios
342 4849 537 4922 colligeretur,
553 4853 582 4906 et
602 4849 700 4907 omnia
721 4856 905 4909 monumenta
921 4852 951 4910 iu
1005 4851 1145 4909 sationem
1159 4861 1259 4907 secure
1271 4847 1392 4905 credi.»

116 4944 283 5004 -lloclesiam
311 4954 363 5014 per
387 4939 586 5014 primicerium
615 4939 795 4998 notariorum
823 4939 952 4999 44444444
1042 4936 1085 4998 li.
1112 4940 1182 4997 Cum
1205 4937 1297 5010 igitur
1321 4950 1356 4993 44
1380 4936 1492 5009 legibus
1514 4936 1680 5009 apostolice
1699 4937 1779 4995 sedis
1798 4937 1832 4996 ad

127 5032 362 5103 celebrarentur3
377 5030 438 5089 sive
455 5029 661 5100 4444444444,
683 5028 726 5086 vel
748 5028 950 5103 iustrumenta,
1005 5029 1161 5087 Ecclesiam
1190 5025 1354 5083 universam
1378 5025 1604 5097 pertinentibus,
1631 5031 1660 5084 et
1674 5039 1709 5083 44
1722 5027 1835 5099 regulis

128 5120 172 5179 rel
186 5119 367 5189 donationes,
382 5118 425 5177 vei
444 5117 693 5186 commutationes,
710 5117 753 5173 rel
768 5118 950 5189 traditiones,
1006 5119 1195 5180 conciliorum
1210 5119 1239 5172 et
1260 5116 1375 5172 Petrum
1398 5119 1477 5172 44444
1496 5115 1650 5188 diligentia
1671 5116 1834 5187 praestanda

128 5212 366 5277 collectaneum,
379 5207 422 5264 rel
432 5205 631 5281 allegationes,
646 5209 697 5262 aut
710 5206 951 5265 manumissiones
1006 5209 1080 5267 ioret
1094 5208 1125 5265 in
1145 5204 1230 5263 bonis
1254 5204 1411 5262 mobilibus
1433 5204 1549 5262 tuendis
1561 5210 1590 5263 44
1602 5205 1679 5262 vasis
1694 5206 1834 5277 pretiosis

127 5296 227 5357 clerici
256 5294 288 5353 iu
309 5292 438 5352 Ecclesia
465 5307 515 5366 per
539 5293 716 5352 scrinarium
743 5297 848 5353 sancta
873 5296 951 5355 sedis
1005 5309 1153 5359 sacrarum
1166 5294 1273 5353 edium
1293 5294 1442 5352 servandis
1461 5294 1515 5351 sub
1528 5295 1669 5353 oeconomi
1686 5297 1832 5366 custodis,

128 5386 345 5446 celebrarem.»
1006 5400 1115 5446 necnon
1140 5384 1170 5442 in
1197 5384 1375 5456 procuranda
1397 5383 1612 5455 dispensatione
1635 5385 1784 5444 redituum
1807 5392 1835 5443 et

165 5476 233 5535 lude
251 5478 347 5534 sutem
368 5467 501 5544 proiecte
515 5470 592 5545 iopes
606 5483 759 5545 4444444,
778 5475 951 5535 auctoritate
1005 5476 1195 5545 oblationum,
1208 5470 1332 5529 arbitrio
1345 5472 1460 5544 quidem
1474 5473 1614 5546 episcopi,
1626 5474 1675 5531 sed
1687 5475 1743 5533 sub
1755 5474 1834 5533 44444·

128 5563 285 5638 apostolica
295 5563 359 5621 lale
366 5560 420 5619 sub
428 5559 569 5632 sylvestro
578 5561 608 5618 44
616 5560 907 5637 coucilioGaugreusi
915 5568 948 5640 ll,
1006 5566 1103 5627 monio
1117 5563 1199 5637 cieri,
1214 5561 1407 5622 4444444ιί44
1420 5562 1477 5623 luit
1485 5566 1724 5623 commentarium
1738 5565 1833 5624 bono-
