3884 6126
112 260 150 322 29
874 260 1062 323 resaluto.
1788 269 1827 332 30

115 385 224 439 emundi
231 383 349 447 Catulogi
355 386 428 435 sexto
438 384 535 436 seculo
541 385 703 448 transcripsit
710 384 943 448 verbaprioris'am
958 389 989 448 Λ
1001 400 1063 436 num
1078 385 1154 437 nobis
1170 388 1327 452 reliquerunt
1341 390 1446 440 decreta
1461 392 1632 444 marmoribus
1647 395 1773 459 impressa
1784 397 1825 461 (ut

118 451 228 500 contexti
260 451 335 498 uarto
357 447 472 509 saecu103
491 453 516 499 et
533 463 564 499 er
586 449 641 498 aliis
665 449 829 498 documentis
848 402 946 498 addidit
1001 451 1028 499 in
1037 463 1183 501 marmorea
1197 452 1258 500 sede
1274 452 1302 502 S.
1312 452 1443 515 Hippolyti
1455 455 1595 518 cernimus)
1606 456 1771 510 dePaschate
1790 473 1823 510 so

117 515 191 577 plura
203 514 230 561 in
242 464 389 562 {ibericum
403 511 487 560 aetatis
500 510 633 573 Catalogo,
651 515 740 622 utssote
754 510 876 571 breviori,
893 525 944 560 non
998 513 1109 575 iejunio,
1127 513 1260 563 referenda
1271 515 1302 563 ad
1317 515 1382 564 sicta
1395 516 1559 578 pontificum.
1772 497 1781 522 '

117 588 245 639 expressa.
255 573 373 636 scriptor
385 587 447 622 vero
456 575 548 636 primae
558 575 636 637 partis
648 574 679 622 Li
697 574 719 622 ri
735 573 896 623 Pontiucdis
908 586 946 622 re-
1033 577 1072 624 ul.
1084 575 1152 625 Pace
1160 576 1284 626 Ecclesiae
1295 577 1395 627 reddita
1407 577 1456 627 sub
1467 577 1645 640 Constantino,
1656 582 1738 632 multo
1750 582 1824 646 plura

114 640 172 688 tulit
182 641 272 687 octavo
282 636 378 686 saeculo
388 636 416 685 in
424 637 498 686 Vitas
508 637 662 686 Pontificum
672 635 752 686 verba
758 637 865 686 secundi
873 633 945 687 Cata·
1000 637 1155 687 documenta
1162 640 1312 690 marmoreis
1319 639 1413 689 tabulis
1422 640 1547 703 insculpta
1554 642 1658 692 fuerunt
1667 657 1682 692 a
1691 657 1826 697 successo·

116 703 181 762 logi,
197 704 222 749 et
251 699 308 748 lura
324 698 443 772 similiter
452 699 544 772 adjecit
562 699 666 748 aliunde
678 702 806 762 percepta.
999 700 1071 749 ribus
1085 701 1154 750 Petri
1165 703 1190 750 iu
1202 702 1289 751 sedea
1308 702 1416 753 ostolica
1425 703 1551 765 Romana,
1564 708 1589 754 ut
1601 706 1825 769 comprobanige·

148 766 189 811 12.
205 714 360 813 Agditiones
375 761 448 811 Libri
462 760 622 811 Pontrtlcalis
638 776 715 824 supra
731 760 885 822 Catalogum
901 774 944 811 se·
999 763 1084 812 nuinae
1094 763 1273 828 inscriptiones
1283 717 1314 815 ἕ.
1330 766 1521 829 Damasipapae‚
1532 771 1558 818 et
1569 768 1678 818 aliorum
1688 769 1824 820 adbuesu·

115 827 230 875 cundum
244 825 395 887 plerumque
405 827 465 873 sunt
475 825 656 886 expositiones,
672 837 701 873 ac
711 823 790 873 veluti
805 827 872 874 noia)
884 823 946 874 ube·
998 827 1129 888 perstites.
1476 839 1478 845 ·

114 890 206 947 riores,
219 886 313 936 clarius
325 890 484 949 exponentes
497 901 528 936 ea
537 900 595 949 qum
604 887 759 936 conuectius
771 891 797 937 et
806 886 943 937 obscurius
1029 889 1068 936 25.
1087 888 1125 937 Ex
1142 893 1250 954 utroque
1268 903 1376 940 numero
1392 891 1588 954 inscriptionum
1602 895 1719 956 ternpore
1735 905 1824 956 perse-

115 952 141 1000 io
155 950 271 1000 secundo
284 948 409 1009 Catalogo
424 949 614 998 indicabantur.
997 951 1118 1010 cutionis,
1132 954 1156 1000 ei
1165 954 1192 1001 in
1204 966 1267 1015 pace
1277 953 1400 1002 Ecclesia
1411 956 1522 1004 contexti
1531 959 1592 1004 sunt
1601 956 1708 1006 indiculi
1718 955 1823 1018 deposi-

147 1015 190 1066 ti.
208 1014 246 1062 Ue
258 1013 410 1061 auctoritate
424 1025 508 1061 rerum
520 1013 547 1060 in
562 1014 672 1075 utroque
688 1011 777 1063 Catulo
797 1025 812 1060 o
828 1012 943 1061 enuntia·
996 1014 1096 1063 tionum
1107 1014 1299 1078 episcoporum,
1309 1019 1334 1064 et
1344 1020 1493 1079 martyrum,
1504 1018 1537 1067 ad
1550 1031 1625 1067 usum
1635 1019 1760 1068 Ecclesiae
1771 1019 1824 1069 Ro·

113 1081 206 1124 tarum.
234 1075 264 1123 Et
280 1076 395 1136 primum
419 1074 502 1135 agitur
518 1075 550 1124 de
565 1076 701 1137 utriusque
722 1025 839 1135 Cataqogi
857 1076 942 1135 etate,
996 1089 1079 1126 manm
1094 1081 1185 1140 quarto
1202 1076 1297 1127 Christi
1311 1078 1422 1128 saeculo:
1439 1094 1549 1143 quorum
1565 1080 1662 1143 aliquot
1673 1081 1753 1131 edidit
1769 1078 1823 1131 Bu·

114 1137 305 1200 exemplaribus
320 1139 347 1185 et
361 1137 482 1185 editione.
996 1137 1101 1189 cherlus
1117 1154 1168 1189 una
1179 1154 1239 1190 cum
1249 1141 1328 1204 priori
1341 1140 1461 1203 catalogo
1477 1143 1628 1205 pontificum
1643 1145 1822 1195 Romanorum

146 1202 186 1249 lt.
212 1200 289 1248 Prior
312 1198 460 1260 catalogus,
485 1197 533 1247 sub
551 1198 655 1250 Liberio
670 1199 802 1259 conditus,
816 1199 884 1248 circa
898 1212 943 1248 an·
997 1201 1044 1250 sub
1060 1202 1173 1253 Liberio.

113 1276 176 1311 num
189 1263 242 1320 354,
256 1262 343 1310 editus
355 1260 561 1311 luitaBuchorio
572 1275 631 1310 cum
642 1261 700 1310 aliis
709 1261 848 1324 reliquiiso
868 1276 942 1310 usco·
1027 1265 1066 1313 26.
1079 1265 1139 1316 Mos
1153 1266 1180 1314 in
1196 1265 1315 1322 Romana
1329 1265 1446 1316 Ecclesia
1461 1267 1605 1316 custoditus
1621 1267 1741 1329 signandi
1757 1281 1821 1332 epo·

113 1326 197 1373 iorum
221 1324 341 1386 ejusdem
365 1323 453 1372 saeculi
470 1324 562 1387 quarti,
578 1324 691 1386 plurimo
708 1325 734 1372 in
753 1324 835 1386 pretio
847 1275 941 1373 gubitis
997 1324 1059 1374 chas
1069 1329 1735 1391 ponuhcumperconsulatus,etcolhgcndiexcisdi
1755 1333 1764 1378 t
1781 1345 1821 1391 ca,

113 1385 942 1511 {tittilithititlliltttiti'littttihtttitth
995 1345 1821 1516 {iiiiiiantististite‘·“tlltritiitiitlliffaa..

190 1486 198 1495 =
513 1483 518 1495 ·
778 1485 783 1508 r
1045 1490 1050 1499 .
1419 1491 1425 1512 s

113 1526 172 1560 rum
187 1512 296 1560 collatus
311 1525 369 1560 cum
386 1511 444 1560 aliis
465 1511 599 1574 exemplis,
616 1512 764 1573 castigatior
778 1512 862 1562 editus
878 1513 943 1561 esta
996 1516 1147 1565 auctoritate
1158 1517 1254 1564 summi
1263 1516 1401 1579 pontificis.
1413 1517 1643 1567 Allerunturexem
1663 1516 1689 1565 la
1697 1517 1821 1567 Ecclesiae

114 1574 310 1624 Schclestratio.
996 1575 1104 1627 Nolaner
1115 1580 1297 1641 episcoporum
1310 1580 1345 1626 ita
1354 1580 1514 1641 signatorum
1524 1580 1550 1629 in
1557 1532 1668 1643 antiqufs
1678 1579 1817 1642 lapidibus,

144 1640 183 1685 15.
213 1636 286 1685 alter
306 1633 445 1696 Calatogus
467 1635 515 1685 sub
534 1635 622 1685 italice
644 1635 689 1696 lv,
715 1638 788 1687 aetatc
801 1637 941 1687 iustiniani
996 1642 1138 1701 spectantia
1152 1641 1184 1689 ad
1197 1644 1296 1690 aetatem
1312 1641 1378 1690 inter
1390 1646 1529 1706 utrumque
1539 1643 1692 1704 Catalogum
1708 1643 1820 1691 interce-

113 1701 260 1758 contestus,
274 1699 342 1747 circa
359 1711 455 1747 annum
466 1698 557 1747 Christi
567 1700 622 1759 530,
637 1699 757 1760 vulgatus
771 1700 817 1749 fuit
830 1715 845 1748 a
861 1698 942 1750 Sche-
956 1715 982 1776 B
996 1704 1169 1764 piamonem
1182 1704 1264 1752 multo
1275 1703 1424 1765 diligentius
1434 1708 1550 1754 servatus
1563 1708 1665 1755 estmoe
1680 1718 1732 1754 non
1743 1705 1822 1755 inter·

112 1762 267 1810 lestratiocx
282 1761 371 1809 codice
383 1760 479 1824 scripto
493 1763 567 1810 etate
578 1761 663 1810 Caroli
679 1762 777 1823 Magni,
786 1761 848 1811 olim
862 1763 889 1811 iu
903 1777 942 1812 rc-
995 1768 1085 1826 ruptus
1101 1767 1177 1815 istius
1193 1765 1370 1826 chronologiae
1385 1767 1412 1815 in
1429 1767 1546 1816 Ecclesia
1563 1769 1691 1828 Romana,
1704 1767 1820 1816 omnium

112 1825 155 1884 gia
166 1822 467 1874 BibliothecaChristinae
475 1823 623 1873 Succorum
638 1825 744 1898 reginae,
756 1826 861 1900 nuncin
870 1824 941 1874 Vati-
995 1829 1075 1918 matre
1087 1842 1136 1938 ger
1152 1828 1376 1901 beatum'Petrurn
1396 1829 1521 1904 instituta.
1658 1891 1664 1902 Ι

112 1885 941 2012 ituuitit‘t.t.⁰lltt².thttittiitliit{tistitus
996 1890 1081 2000 ..zia
1096 1888 1821 2014 ..illicitiitiiiiiii'tti.ttl.t3ittlhtt⁰ti

113 2010 200 2062 Caroli
217 2010 315 2070 Magni.
994 2013 1078 2063 ticanu
1089 2013 1135 2076 (uti
1149 2016 1249 2062 constat
1258 2027 1289 2063 ex
1299 2013 1462 2062 sermonibus
1474 2013 1568 2062 Leonis
1580 2013 1668 2074 Magni
1691 2014 1746 2063 'ure
1767 2026 1821 2064 me-

144 2075 184 2122 lss.
194 2074 233 2122 Dc
243 2074 397 2122 auctoritate
404 2086 488 2123 rerum
498 2073 524 2123 in
540 2074 667 2135 catalogis
680 2088 868 2136 expressarum,
882 2086 940 2138 qum
994 2076 1043 2124 rito
1060 2079 1179 2126 curarunt
1189 2079 1227 2125 tot
1241 2074 1527 2137 monumentispublice
1536 2075 1626 2124 incisis
1638 2089 1668 2124 ce
1679 2028 1769 2125 eierare
1782 2075 1820 2125 di·

116 2138 190 2183 sunt:
206 2137 232 2184 in
249 2136 331 2197 priori
342 2136 446 2198 quidem
461 2137 702 2198 nomenpontihcis,
720 2139 781 2186 anni
796 2137 938 2198 regiminis,
993 2140 1115 2198 gnitatem
1131 2138 1235 2187 maximi
1250 2138 1396 2198 sacerdotii,
1411 2151 1426 2185 a
1442 2135 1547 2186 Christo
1565 2138 1677 2187 Domino
1694 2137 1809 2200 percepti

116 2203 139 2246 et
152 2198 221 2259 paria
237 2197 387 2257 consulum,
398 2198 490 2259 quibus
506 2199 589 2259 inivit,
606 2201 631 2248 et
641 2199 736 2262 quibus
746 2200 838 2259 desiit;
856 2201 883 2248 in
900 2213 940 2248 se·
994 2201 1211 2263 eticommunicati
1223 2202 1253 2249 u.
1270 2200 1357 2259 Petro,
1368 2206 1393 2249 ct
1406 2200 1611 2260 successoribus,
1624 2203 1651 2248 ut
1661 2173 1822 2269 apponerent

113 2261 199 2308 cundo
210 2262 298 2309 autem
312 2259 435 2321 catalogo
449 2261 550 2310 additur
559 2274 655 2310 nomen
665 2262 755 2323 patris,
768 2265 793 2311 et
802 2263 875 2322 regio
890 2261 939 2311 Ur·
995 2277 1146 2312 sacravere
1161 2263 1303 2323 religionis,
1314 2261 1364 2310 hoc
1373 2263 1516 2371 praesertim
1531 2263 1557 2311 in
1567 2262 1626 2311 ioco
1637 2262 1755 2311 Vaticani
1767 2261 1820 2311 col·

112 2322 160 2379 bis,
172 2323 195 2370 si
210 2323 344 2372 Romanus
354 2325 401 2381 est,
414 2324 455 2372 vcl
466 2324 555 2385 patria,
574 2325 595 2372 si
611 2326 763 2384 extraneus,
778 2328 803 2372 et
815 2337 939 2385 numerus
994 2326 1036 2385 lis,
1053 2339 1130 2389 quem
1147 2325 1232 2374 Roma
1255 2323 1358 2373 ethnica
1383 2324 1513 2373 sedaverat
1528 2325 1600 2375 Actis
1617 2323 1820 2374 sacerdotalibus

112 2386 320 2433 ordinationum:
335 2389 360 2433 et
371 2386 469 2448 aliquot
481 2386 584 2435 decreta
596 2400 642 2435 seu
654 2384 858 2436 Constitutiones
870 2385 939 2436 illius
993 2387 1156 2450 profanarum
1172 2400 1276 2436 suarum
1295 2386 1460 2449 religionum,
1483 2387 1536 2436 sive
1551 2388 1772 2449 superstitionum.

110 2447 245 2509 pontificis
262 2447 358 2510 dequo
374 2449 468 2508 agitur.
1025 2452 1065 2498 28.
1081 2451 1259 2499 Recensentur
1273 2450 1338 2498 Acta
1355 2462 1498 2498 marmorea
1517 2449 1620 2510 collegii
1636 2449 1753 2498 Fratrum
1770 2449 1820 2498 Ar-

143 2512 182 2558 ll.
196 2509 297 2558 Nomen
306 2509 434 2572 pontilicis
447 2510 553 2559 reddere
565 2524 624 2560 cum
639 2512 717 2572 patris
729 2511 834 2560 nomine
846 2508 938 2573 proba·
994 2511 1098 2571 vallum,
1110 2515 1135 2560 et
1151 2512 1328 2586 cooptationes
1343 2511 1439 2560 ethnici
1454 2511 1602 2572 sacerdotii,
1619 2514 1645 2559 et
1660 2511 1819 2561 initiationes

109 2575 152 2619 tur
167 2571 248 2620 fuisso
262 2586 292 2620 ex
306 2586 377 2622 ruore
398 2575 501 2621 actatum
518 2572 612 2636 quibus
624 2574 735 2635 catalogi
750 2573 938 2622 scribebantur.
994 2574 1144 2635 Isiacorum,
1170 2574 1281 2634 Mithrae,
1300 2573 1441 2635 Sarapidis,
1464 2573 1553 2623 Matris
1570 2586 1680 2634 magnae,
1698 2573 1767 2623 Solis
1788 2586 1819 2623 ue

111 2634 240 2694 Regionis
251 2635 389 2694 nomen,in
399 2634 564 2696 pontificibus
575 2637 678 2686 natione
686 2636 812 2686 Romanis
820 2636 939 2685 observa·
994 2637 1165 2696 sacerdotum,
1180 2640 1281 2698 reperta
1292 2637 1319 2684 iu
1335 2637 1392 2698 ipsa
1408 2636 1539 2698 crepidine
1555 2635 1629 2684 collis
1646 2637 1714 2684 circa
1729 2636 1776 2684 bas
1797 2634 1818 2673 '-

111 2702 177 2754 tum,
201 2697 302 2745 videtur
319 2710 349 2745 ex
363 2697 524 2746 institutione
544 2697 685 2748 Clementis
699 2699 786 2761 primi,
804 2706 829 2746 et
843 2698 939 2747 iudicat
994 2713 1050 2749 eam
1061 2698 1220 2758 Vaticanum,
1234 2712 1292 2761 quae
1302 2699 1451 2757 ostendunt,
1462 2697 1499 2746 ibi
1510 2697 1588 2746 fuisse
1599 2697 1630 2746 ab
1644 2697 1753 2747 ethnicis
1768 2698 1819 2747 fre-

109 2758 262 2819 Catulogum
273 2758 347 2807 illum
355 2758 433 2808 fuisse
444 2759 581 2808 collectum
592 2775 622 2809 es
634 2762 707 2810 Actis
719 2763 870 2822 martyrum,
879 2761 940 2810 scri-
993 2764 1128 2824 quenteias
1145 2760 1295 2822 hujusmodi
1310 2760 1513 2823 superstitiones,
1529 2760 1622 2822 quibus
1634 2760 1777 2821 abolendis,
1790 2760 1819 2808 ut

109 2823 162 2882 ptis
177 2834 222 2882 per
234 2823 332 2883 septem
343 2823 465 2881 nummos,
475 2821 506 2870 ab
516 2823 608 2871 eodem
622 2822 653 2873 S.
669 2823 801 2874 Clemente
816 2823 940 2872 constitu·
993 2825 1029 2873 ait
1044 2824 1099 2873 Leo
1112 2823 1233 2884 Magnus,
1242 2822 1351 2872 feliciter
1365 2823 1505 2872 destinatus
1515 2823 1608 2872 Petrus
1622 2822 1765 2885 Apostolus
1780 2835 1819 2872 se·

110 2884 190 2931 tosio
202 2882 281 2933 Urbe.
296 2884 359 2942 Quae
369 2885 468 2932 Actain
479 2886 704 2946 persecutionibus
716 2886 788 2935 Decii
801 2884 939 2935 etDioole·
995 2887 1054 2935 dem
1064 2886 1177 2935 veritatis
1192 2887 1218 2935 in
1233 2885 1303 2934 Urbe
1320 2885 1380 2944 lixit,
1394 2886 1510 2934 omnium
1521 2899 1636 2935 errorum
1651 2888 1712 2933 tunc
1721 2887 1774 2934 tem
1793 2897 1820 2934 o·

111 2946 173 2993 tiuni
192 2944 292 2993 fuerant
306 2945 451 3008 absumpta,
467 2946 653 3008 supplebantur
668 2949 730 2997 satis
745 2962 792 3010 per
806 2947 938 2996 historiam
995 2949 1030 2997 ris
1040 2949 1163 3009 magistra
1177 2948 1224 2996 sub
1239 2948 1321 3010 impp.
1335 2948 1449 3008 Claudio,
1461 2951 1487 2996 et
1498 2947 1610 3010 Nerone,
1621 2950 1647 2996 et
1660 2960 1712 2996 ase
1722 2947 1767 2997 red
1795 2948 1820 2996 ts

110 3008 255 3070 Hegesippi
269 3009 434 3070 superstitem
449 3011 523 3058 artata
535 3009 652 3068 Eusebii,
668 3024 771 3059 necnon
780 3024 812 3059 ex
826 3011 939 3059 testimo·
995 3011 1121 3073 discipula
1133 3011 1255 3061 veritatis.

111 3071 161 3117 niis
173 3069 308 3131 Irenaei‚et
319 3071 429 3119 aliorum
440 3072 551 3133 scriptis,
562 3072 772 3132 undeEusebius,
785 3073 868 3134 potuit
877 3087 939 3122 suc·
955 3046 981 3109 G
1025 3074 1066 3123 29.
1086 3074 1211 3122 Raveteri
1222 3071 1401 3135 arainseulpta
1413 3084 1546 3121 annoaerae
1562 3070 1712 3122 Christiane
1723 3071 1777 3130 16⁰,
1794 3071 1821 3121 et
1870 3077 1875 3085 '

109 3133 256 3181 cessionem
268 3133 417 3195 pontificum
433 3134 611 3183 Romanorum
631 3137 718 3196 edere,
733 3135 850 3198 adeoquo
864 3135 940 3184 etlam
994 3135 1116 3197 Lugduni
1126 3139 1235 3198 reperta,
1245 3137 1323 3198 atque
1332 3134 1458 3184 illustrata
1469 3147 1515 3197 per
1524 3135 1556 3185 R.
1570 3134 1599 3183 P.
1611 3134 1777 3184 Dominicum
1787 3132 1820 3185 de

109 3199 201 3268 auctor
216 3193 336 3269 Catalogi
351 3195 467 3269 scribens
478 3196 582 3247 Eusebii
599 3199 694 3248 seculo
704 3199 822 3248 eamdem
839 3210 940 3247 succes·
995 3198 1104 3248 Colonia
1114 3212 1170 3247 soc.
1183 3196 1413 3273 Jesuthcologum,
1425 3197 1592 3259 percipimus,
1600 3198 1715 3272 secundo
1724 3195 1820 3246 Christi

110 3257 940 3391 titichistitia...aas...passa...
994 3256 1820 3395 {illicitillitus'ilitilhttllltthhht

108 3396 135 3430 ιιι
146 3386 256 3445 utroque
341 3397 392 3443 ogo
403 3384 564 3445 consignata,
574 3384 664 3435 haberi
673 3385 842 3447 etiampotuit
849 3386 939 3447 quarto
994 3399 1050 3434 rum
1065 3386 1096 3434 ab
1112 3386 1206 3435 iisdem
1220 3386 1295 3435 dictm
1309 3385 1336 3434 in
1352 3383 1490 3435 Coloniae:
1504 3384 1642 3435 emulante
1659 3382 1772 3440 diabolo,
1791 3382 1819 3429 ut

109 3447 135 3492 et
151 3450 223 3492 sexto
240 3445 346 3504 seculo,
359 3446 450 3507 partim
466 3460 497 3495 er
508 3447 721 3509 inscriptionibus
733 3451 882 3510 martyrum,
895 3446 940 3496 de·
995 3448 1029 3496 ait
1052 3448 1236 3508 Tertullianus,
1267 3448 1294 3496 in
1320 3447 1449 3496 idolorum
1475 3447 1604 3508 mysteriis
1623 3445 1694 3492 irrito
1722 3444 1818 3493 conatu

110 3508 256 3567 positorum
268 3509 295 3554 in
311 3509 469 3557 caemeteriis
486 3508 649 3569 suburbanis,
663 3510 755 3572 partim
772 3524 802 3559 er
813 3509 878 3558 actis
895 3523 939 3558 eo·
996 3509 1144 3559 subvertere
1157 3515 1246 3558 nostru
1257 3522 1331 3558 secra
1344 3523 1390 3571 per
1407 3507 1559 3564 sacrilegam
1573 3504 1756 3554 imitationem.

110 3570 227 3617 romdem
243 3568 395 3631 pontificum
412 3573 439 3617 et
448 3574 598 3634 martyrum,
612 3573 758 3622 necessario
775 3572 939 3620 memoranti·
1025 3574 1067 3624 30.
1079 3571 1193 3621 Conatus
1207 3571 1369 3620 ethnicorum
1378 3568 1520 3639 irriti,·non
1534 3579 1609 3639 secus
1620 3567 1772 3627 acngonls
1784 3565 1819 3616 si·

112 3630 159 3677 bus
175 3631 305 3693 principes
318 3635 344 3680 ct
358 3633 510 3692 magitratus
525 3633 572 3682 sub
588 3634 681 3698 quibus
697 3635 817 3696 martyrio
842 3632 939 3683 afficie-
994 3634 1136 3683 mulacrum
1149 3645 1237 3681 coram
1249 3643 1308 3679 arca
1324 3629 1468 3678 testamenti
1481 3629 1667 3678 conciderunt:
1686 3629 1819 3693 nostrique

111 3692 215 3740 bantur.
994 3697 1106 3746 Romani
1124 3694 1248 3758 praesules
1263 3704 1341 3754 super
1354 3690 1441 3739 ruinas
1451 3689 1589 3739 confractas
1604 3690 1756 3740 idololatrias
1770 3691 1820 3741 erf-

148 3755 522 3818 19.Actagenuinapassionis
538 3757 566 3808 S.
583 3757 674 3817 ignatii
690 3757 801 3821 probant
818 3760 891 3808 aetate
909 3758 937 3808 S.
994 3761 1085 3819 gentes
1100 3757 1327 3818 crucistropaeum,
1338 3755 1439 3803 etActa
1450 3753 1588 3802 sacerdotii
1603 3753 1743 3804 Christiani
1753 3766 1821 3803 sem·

113 3815 345 3867 Clementiseadem
357 3819 424 3868 Acta
434 3820 528 3881 signari
541 3821 708 3869 consuevisse
719 3821 938 3883 epochaimpera·
994 3834 1041 3882 per
1056 3819 1204 3878 illustriora,
1216 3831 1245 3867 ue
1259 3818 1372 3866 firmiora
1388 3816 1561 3875 ostendentes,
1578 3817 1669 3865 eadem
1686 3817 1821 3877 signarunt

112 3881 204 3928 toriset
217 3880 367 3932 consulum.
379 3881 506 3931 tiliavero
516 3882 582 3931 sicta
593 3883 776 3931 itomanacum
786 3886 940 3933 recenseant
994 3882 1146 3931 marmoreis
1161 3879 1266 3940 tabulis,
1283 3884 1308 3930 et
1323 3881 1354 3929 ad
1372 3891 1512 3941 perennem
1536 3876 1573 3928 rel
1588 3879 1740 3928 memoriam
1758 3876 1820 3928 fixe·

109 3941 258 4004 praefectum
266 3942 342 4004 Urbi,
352 3944 378 3992 et
388 3943 626 3994 Provincialiacum
636 3947 780 3994 memorent
791 3946 938 4007 presidem,
993 3948 1052 3994 runt
1063 3944 1175 4006 publice,
1190 3943 1331 4006 praesertim
1346 3942 1374 3990 iu
1385 3940 1511 3990 Vaticana
1521 3939 1638 4001 basilica,
1653 3940 1729 3990 eiiam
1745 3942 1819 3990 miste

108 4008 151 4051 aut
169 4004 319 4066 prefectum
330 4006 479 4068 provincie,
490 4007 604 4056 continet
621 4006 782 4057 characteres
799 4008 879 4056 etatis
894 4021 937 4058 aa·
994 4008 1022 4057 S.
1035 4007 1086 4057 Gre
1105 4007 1153 4055 orii
1163 4007 1240 4064 tertii,
1258 4017 1310 4069 qua
1325 4003 1424 4052 scilicet
1435 4002 1558 4052 edebatur
1572 4001 1615 4052 hic
1625 4003 1703 4053 Liber
1718 4002 1819 4065 pontiti-

108 4066 283 4124 tisdefrnitos,
295 4067 326 4115 ad
336 4069 525 4118 contexendum
537 4069 639 4119 seculis
651 4073 751 4132 quarto,
764 4071 878 4130 etsexta,
887 4072 939 4134 pri·
992 4069 1064 4118 calis.
1082 4021 1166 4126 guare
1182 4069 1243 4117 satis
1257 4069 1359 4117 constat
1369 4066 1401 4114 de
1417 4064 1476 4124 fide,
1492 4066 1676 4115 etauctoritate
1689 4079 1778 4115 rerum
1791 4064 1818 4114 in

107 4142 194 4186 marn,
210 4132 237 4175 et
253 4128 369 4179 ultimum
386 4130 548 4193 Citalogum.
992 4135 1102 4194 utroque
1114 4130 1237 4191 Cetalogo
1254 4131 1462 4187 memoratarum,
1482 4128 1550 4178 unde
1566 4127 1645 4179 Liber
1659 4125 1819 4178 Pentiuodts

109 4252 115 4263 ¹
141 4191 182 4262 ²⁰:
202 4188 394 4267 Ordinationes·
418 4207 446 4243 er
461 4194 604 4243 secuudum
622 4193 937 4306 Cetalogumumemoratm
993 4195 1084 4244 desum
1103 4193 1214 4245 tusiuit.
1399 4253 1405 4265 1

108 4251 387 4365 ztctsstihlttil
408 4256 936 4369 utilitati.littulitultitit:
992 4251 1520 4382 ..itastitiittiittttdttttlt
1537 4253 1821 4366 ttititthti

110 4377 179 4449 chiae
188 4381 289 4425 servato
305 4332 421 4442 exemplo
436 4381 531 4430 veteris
543 4382 688 4442 sacerdotii,
696 4382 825 4444 epocham
835 4383 937 4432 ordina-
993 4381 1148 4431 Pontificali.
1160 4380 1317 4438 ostenditur,
1329 4380 1402 4429 aetute
1412 4378 1493 4426 sancti
1499 4377 1619 4440 Gregorii
1630 4379 1698 4428 tertii
1709 4377 1819 4452 plurima

111 4442 212 4487 tronum
230 4443 398 4490 memorantis
414 4442 440 4490 in
456 4444 549 4492 divinis
559 4444 662 4494 litteris.
952 4419 1148 4494 Ddocumenta
1168 4443 1325 4507 superfuisse
1343 4453 1439 4500 rerum,
1459 4453 1517 4514 quer
1533 4443 1670 4514 narrantur
1691 4441 1718 4489 ln
1739 4438 1818 4514 Libro

142 4501 181 4547 it.
196 4500 225 4550 ln
243 4500 314 4551 Urbe
326 4507 396 4552 tanta
407 4503 453 4552 fuit
466 4506 619 4554 existimatio
634 4506 771 4556 sacerdotii
786 4507 862 4556 otium
877 4522 937 4570 pro·
994 4505 1149 4566 Pontificall,
1159 4520 1211 4555 non
1227 4505 1312 4554 solum
1326 4505 1353 4553 in
1368 4503 1497 4564 Archivrs,
1513 4502 1558 4552 sed
1576 4504 1653 4553 etiarn
1663 4516 1690 4551 ιιι
1703 4500 1816 4565 pubhois

111 4561 163 4610 fani
180 4563 248 4625 apud
262 4563 381 4614 ethnicos
392 4570 420 4614 ut
430 4565 456 4616 bi
466 4568 603 4629 diligenter
617 4569 787 4630 expresserint
795 4571 938 4632 cooptatio·
992 4568 1219 4631 inscriptionibus:
1239 4567 1331 4631 quibus
1357 4566 1412 4615 haec
1435 4565 1493 4627 ipsa
1513 4564 1621 4615 historia
1637 4563 1819 4627 comprobatur

111 4638 158 4673 nes
169 4629 195 4673 et
208 4626 365 4676 initiationes
373 4642 433 4677 suas
444 4631 517 4679 aereis
532 4634 556 4679 et
570 4631 722 4679 marmoreis
732 4632 904 4694 documentis,
913 4637 939 4681 et
989 4631 1062 4695 juxta
1074 4632 1121 4680 triu
1150 4631 1232 4679 otiora
1241 4643 1328 4679 rerum
1340 4629 1422 4692 capitu
1434 4628 1460 4676 in
1472 4627 1550 4677 Libro
1563 4628 1701 4677 enuntiata.
1713 4627 1750 4677 Eu
1759 4639 1818 4677 vero

111 4686 196 4759 Itastis
210 4686 396 4751 Collegiorom,
411 4693 586 4754 perconsnles
601 4696 626 4741 et
640 4706 722 4741 annos
736 4693 814 4743 Urbis
826 4695 893 4744 refer
909 4708 939 4762 p·
981 4697 1109 4766 cuntai}
1125 4645 1300 4762 glrrouologla
1315 4694 1340 4741 et
1354 4690 1486 4741 successio
1515 4690 1660 4740 ontiilcum.
1676 4690 1702 4740 2.
1721 4689 1816 4738 Eorum

110 4747 180 4796 tibus
191 4753 372 4801 successiones
384 4755 545 4804 sacerdotum
558 4757 635 4805 etiarn
650 4755 798 4815 aurionno&
814 4759 876 4805 etro
889 4709 939 4824 fias
992 4757 1071 4807 sacris
1087 4756 1270 4818 ordinationes,
1289 4753 1467 4804 hierarchiam
1504 4751 1605 4803 eclesiae
1620 4752 1817 4808 constituentes,

110 4809 243 4884 lendariis,
253 4816 324 4864 aetate
333 4817 456 4876 Augusti,
469 4821 494 4865 et
502 4816 602 4868 Claudii
616 4806 722 4880 publice
729 4814 880 4881 propositis
893 4820 934 4875 ad«
992 4822 1018 4868 et
1029 4813 1141 4878 accrda'
1152 4832 1197 4868 ssu
1210 4818 1418 4868 consututioucs.
1433 4816 1458 4864 3.
1475 4814 1614 4864 Sacrarnm
1623 4814 1718 4862 sedium
1728 4811 1818 4860 sunda-

113 4877 336 4986 notavemntdtiem
349 4878 514 4940 pontificatus
533 4881 636 4930 maximi
652 4881 823 4943 pcreosdem
840 4876 937 4944 princi·
992 4881 1088 4991 hones,
1100 4881 1307 4940 instaurationes,
1323 4879 1429 4929 donaria
1445 4879 1470 4926 et
1496 4874 1596 4939 reliqua
1611 4877 1684 4935 gesta
1707 4870 1816 4936 pontifl-

131 4949 211 4984 esass
298 4975 305 4987 .
1058 4978 1064 4989 .
1227 4979 1232 4987 ,

111 4949 128 4996 p
144 4999 183 5046 22.
199 4951 400 5050 higlslincidendi
415 5002 508 5052 tabulis
523 5005 675 5054 marmorcis
691 5005 758 5053 Acta
770 5006 938 5063 sacerdotalia
979 4957 1070 5060 {⁸⁰33}ss
1080 4990 1158 5059 Diffi?
1173 4986 1254 5051 stige?
1269 4997 1440 5051 3P0ntissctili⁸
1457 4997 1671 5049 ⁰0⁰⁸⁰llb0b⁸²¹¹i
1689 4998 1737 5048 ³¹¹¹)
1753 4997 1816 5049 3¹⁸⁰·

111 5063 180 5121 apud
195 5062 443 5124 Romanosviguitu
474 5065 935 5136 rimoCiui'sttsveoutogsdquartrcn,
978 5109 986 5124 ,
1027 5060 1817 5135 rioldi,puhnumcaputpertineusadchronoiogiamponti·

114 5127 139 5170 nt
152 5123 273 5184 probatur
286 5126 441 5175 testimoniis
482 5129 569 5190 pidum
586 5149 591 5177 ι
605 5145 654 5179 uae.
666 5133 815 5192 supersunt.
991 5083 1075 5179 figam
1088 5132 1180 5192 praeter
1189 5126 1337 5188 adjumenta
1347 5125 1457 5187 duplicis
1469 5120 1592 5187 Cutaiogi.
1601 5125 1760 5175 firmamenta
1771 5121 1817 5172 ob·

1758 1406 1821 1442 ΗΒ

143 5186 184 5234 23.
205 5185 287 5242 Quare
299 5189 417 5252 episcopi
433 5190 545 5240 Romam
556 5191 592 5241 Pe
606 5193 626 5241 ri
639 5206 804 5241 successores
815 5193 840 5241 in
851 5193 936 5255 ponti·
990 5194 1066 5242 tinuit
1077 5193 1103 5241 in
1121 5191 1247 5302 ᾰίριίοιιὶε
1261 5189 1443 5249 Baetasiorum,
1454 5187 1481 5236 in
1496 5189 1568 5236 Actis
1582 5188 1762 5247 conciliorum,
1772 5185 1817 5235 iii·

112 5247 187 5298 frcatu
199 5262 259 5297 vere
275 5251 386 5300 maximo
403 5266 449 5314 per
459 5252 587 5303 Christum
603 5255 728 5313 instituto,
744 5269 844 5304 necnon
859 5256 935 5318 primi
991 5256 1079 5314 storia,
1105 5257 1131 5302 ct
1157 5252 1176 5305 C
1198 5253 1292 5302 ronicis
1309 5251 1422 5310 Eusebii,
1451 5253 1477 5299 et
1495 5254 1647 5300 caeterorum
1675 5249 1772 5298 Latinas
1791 5250 1817 5298 st

112 5310 212 5384 fideles,
226 5312 259 5360 de
272 5313 341 5362 tanto
353 5314 507 5375 sacerdotio,
523 5315 633 5380 ejusque
645 5316 796 5367 trierarchiae
811 5318 935 5379 gradibus
989 5318 1086 5368 Grmcae
1104 5318 1227 5367 Ecclesia
1244 5316 1407 5376 scriptorum,
1424 5312 1585 5377 aliorumque
1598 5311 1777 5370 Orientalium,
1786 5310 1814 5359 ln

111 5386 159 5433 pro
173 5375 297 5433 dignitate
313 5377 462 5437 sentientes,
478 5379 560 5427 secuti
577 5392 675 5428 morem
690 5394 822 5429 sacrarum
836 5380 934 5430 littera·
988 5381 1109 5443 genuinis
1130 5378 1342 5442 inscriptionibus
1359 5380 1565 5428 cmmetcriorum
1586 5375 1639 5424 SS.
1666 5377 1815 5437 martyrum,

111 5439 934 5549 rum,etuaurnfaritersuorumtemporum,studueruntetiam
988 5444 1130 5507 praesertim
1149 5441 1283 5499 Romanis,
1300 5454 1357 5505 quae
1387 5442 1474 5488 nostra
1489 5439 1664 5511 eliummtate
1679 5436 1817 5501 supersunt

109 5497 236 5558 prioribus
250 5500 302 5550 Ecc
314 5501 377 5550 esiae
393 5503 497 5552 saeculis
509 5503 646 5564 diiigenter
657 5518 746 5553 curare
755 5505 855 5554 tabulas
866 5505 935 5554 ordi·
988 5510 1046 5569 post
1063 5520 1145 5556 annos
1160 5504 1230 5554 mille
1247 5502 1278 5552 ab
1295 5504 1408 5553 editione
1422 5502 1493 5552 Libri
1506 5499 1675 5552 Pontrsscahs.

109 5559 240 5611 nationum
251 5563 467 5614 sacerdotalium.
481 5566 550 5627 Quin
563 5567 638 5615 etiam
650 5569 765 5629 tempore
778 5568 933 5629 persecutio·
1020 5567 1262 5630 33.Caputaltcrum
1275 5565 1436 5615 referendum
1448 5566 1479 5613 ad
1491 5565 1593 5614 decreta
1605 5565 1630 5612 et
1640 5560 1813 5611 ordinationes
