3892 6136
130 278 164 349 tu
579 303 748 363 cunouoc.
775 307 917 366 consue.
940 313 982 369 ur
1003 315 1083 373 cus.
1113 316 1197 376 nou.
1227 322 1298 377 mc.

144 422 210 477 Anni
238 423 426 490 imperotores.
465 426 603 493 Consules,
639 435 778 490 Romano-
812 437 891 492 Aoni
932 440 962 498 A
1010 445 1088 501 Anni
1120 449 1347 515 Christianorum,

114 492 158 620 {tm
175 491 227 615 ,leui
301 509 373 563 runo,
386 504 519 563 respectu
533 507 559 556 ot
571 502 740 560 documento.

143 580 188 634 eye·
200 579 216 616 r.

132 634 200 714 &D

232 829 289 886 lius
303 833 444 891 Paulinus

267 919 399 977 Valerius
429 926 576 986 Asiaticus
602 932 776 991 Saturninus

264 1010 293 1065 C.
315 1010 464 1070 Antistius
484 1018 580 1075 Julius
603 1020 774 1090 Quadratus.

233 1098 491 1174 mmmm

115 1381 203 1446 2807
265 1388 326 1455 imp
339 1388 523 1446 Domitianus
545 1392 609 1465 Aug
632 1396 716 1452 Germ
744 1402 771 1454 tr
820 1398 873 1458 8i6

816 1488 869 1545 stt

114 1472 208 1544 raro
232 1490 256 1544 p.
273 1473 316 1546 ia,
335 1473 379 1532 u.

136 1566 184 1621 E.
340 1567 369 1620 L.
384 1567 774 1646 NoniusTorquatusAspre·

231 1653 306 1709 Coss.
383 1668 445 1711 nas.

346 1773 596 1792 --*—--
608 1754 772 1812 Lateranus.

263 1831 340 1886 Fasti
366 1832 507 1904 Anonymi
530 1841 633 1908 quarti¹
656 1855 702 1899 sec
724 1856 771 1914 ap.

231 1918 339 1975 Bucher
361 1928 390 1975 et
411 1923 570 1981 Norisium.
599 1929 688 1987 Vetus
703 1947 773 2001 quo·

233 2020 285 2077 que
302 2008 458 2079 inscriptio
470 2012 583 2072 invilla
596 2016 666 2073 olim
675 2019 769 2093 Bosia,

231 2109 304 2152 nunc
316 2095 459 2156 caesarina
473 2102 558 2159 habet
615 2138 620 2144 ·

356 2187 387 2243 L.
401 2189 494 2247 Nonio
506 2193 652 2265 Torquato
666 2198 774 2269 Aspre-

232 2264 298 2321 Coss
384 2269 449 2317 nate

338 2338 367 2392 Ι..
383 2333 481 2405 Sergio
497 2336 584 2394 Paulo

232 2423 497 2483 tortassesuifectus
508 2428 645 2486 laterano
656 2431 773 2503 Sergius

232 2514 346 2572 Paulus.

159 2588 207 2652 itti
268 2604 534 2674 impoomitianus
553 2605 617 2677 Aug
639 2608 695 2663 Ger
708 2614 735 2663 tr
754 2625 771 2678 p
818 2607 872 2736 gg

163 2662 204 2735 im
235 2671 324 2746 mic.

177 2755 193 2807 i)
251 2800 319 2856 coss
341 2764 401 2835 imp
421 2764 679 2849 DomitianusAug
702 2782 772 2825 xyu.

343 2865 451 2876 --
486 2837 602 2892 Flavius
633 2839 772 2896 Clemens.

267 2924 344 2981 Fasti
357 2925 510 2996 Anonymi,
525 2931 666 2998 utsupra,
680 2933 708 2983 et
719 2929 773 2984 Dio

234 3026 285 3087 pag
310 3010 374 3085 766,
402 3014 463 3072 edit
490 3015 565 3070 Gn:
597 3016 647 3085 qui
673 3016 773 3073 subdit

233 3115 305 3159 anno
329 3102 460 3173 proximo
484 3109 615 3160 necatum
634 3118 650 3160 a
671 3106 774 3162 Domi-

233 3191 309 3249 tiano
318 3190 490 3248 Clementem
505 3192 674 3265 patruelem,
684 3207 768 3266 quem

235 3279 285 3336 hoc
308 3293 385 3337 anno
411 3279 548 3353 collegam
577 3291 774 3354 assumpserat

234 3369 396 3427 consulatu.

264 3458 778 3519 Consulatumliomit.xv11.Nummi·

199 3556 205 3569 ¹
233 3563 345 3620 quoque
357 3550 486 3620 jungunt
498 3565 563 3606 oum
576 3565 621 3606 ru.
641 3563 700 3606 ror.
713 3566 771 3622 xiv,

232 3644 321 3693 etxy.

156 3710 205 3776 ltin
267 3729 330 3797 imp
351 3728 534 3786 Domitianus
556 3729 618 3801 Aug
641 3729 724 3786 Germ
748 3738 774 3785 tr

157 3799 205 3877 up
234 3813 311 3888 pta,
329 3813 371 3872 io.

156 3889 193 3950 ⁰B
239 3940 316 3999 ⁶0⁸⁵·
336 3905 666 4035 illicitanae..

265 4067 353 4138 Lapis
364 4064 485 4124 effossus
503 4068 577 4137 apud
596 4069 624 4124 S.
643 4067 773 4140 Paulum,

234 4154 364 4211 editusa
387 4155 523 4227 Vignoiio
537 4155 567 4210 in
592 4156 643 4212 lib.
669 4157 704 4214 ile
727 4157 776 4213 Co

234 4243 329 4301 lomna
354 4244 409 4301 Pii.
429 4244 492 4302 caii
514 4258 674 4317 praenomen
703 4253 778 4302 retu·

236 4329 281 4386 iit.
295 4332 349 4389 nio
365 4345 420 4404 pag
433 4328 497 4388 766.

268 4420 778 4491 Domitianusxiy,Ka10otobrhora

235 4507 259 4564 l.
273 4514 339 4564 ante
353 4510 444 4566 morici
458 4510 715 4566 occiditursueton
726 4512 776 4580 qui

238 4599 321 4653 etiam
342 4599 445 4657 retulit
466 4602 574 4657 Lunam
605 4601 634 4656 in
647 4601 777 4671 Aquario

236 4701 284 4755 per
293 4686 323 4742 id
336 4689 474 4757 temporis
485 4689 688 4760 constitutum,
701 4689 776 4759 quod

237 4777 387 4846 respondet
398 4777 456 4834 Tab
466 4777 687 4835 Astronomicis.

270 4864 306 4920 Μ.
333 4866 470 4923 Cocceius
484 4869 581 4923 Nenvi
592 4868 713 4940 eligitur
729 4870 778 4924 lm·

237 4959 359 5024 perator.

158 5025 207 5174 {gig
236 5112 248 5169 ⁴
271 5045 330 5172 iaemp
344 5047 436 5103 Nerva
450 5047 510 5103 Caes
525 5049 588 5120 Aug
602 5051 632 5104 P.
649 5050 686 5105 Μ.
701 5052 736 5104 tr.
750 5064 777 5119 p·

165 5200 193 5254 Α·
258 5244 327 5307 coss
344 5208 775 5353 illicitiiiiiiiiiii

270 5368 357 5426 Vetus
383 5370 507 5441 inscript
525 5385 561 5441 ap
582 5372 723 5441 Cuperum
748 5372 778 5427 in

235 5457 367 5529 Epistola
376 5460 412 5516 ad
428 5460 495 5516 card
510 5462 647 5517 corraoin
659 5460 780 5517 otFron·

237 5547 316 5606 tinus
330 5556 390 5606 sect
415 5546 476 5605 llil.
503 5551 574 5608 iilic
592 5552 678 5607 etiam
693 5549 778 5606 Nonis

241 5638 323 5707 Epist
337 5638 413 5696 cons
427 5653 455 5710 p.
469 5636 515 5696 65.

797 585 859 634 outo
870 586 895 635 et

786 656 848 720 post
856 654 916 707 Pol.

266 740 384 799 Suiieoti
398 753 465 803 ante
478 751 545 806 idus
566 753 636 808 tulii
658 755 694 808 Μ.
708 756 778 812 Lol-

825 5044 878 5102 849

934 1763 960 1823 Β

931 3094 956 3157 C

1116 733 1290 807 immissum,
1308 736 1430 794 iiiaesum
1451 741 1586 813 evasisse,
1609 749 1658 800 at-

1116 836 1170 891 que
1184 823 1250 879 inde
1273 824 1302 880 iu
1321 827 1454 885 latomos
1466 829 1593 888 insulam
1607 846 1656 889 re-

1115 910 1249 983 legatum,
1275 920 1303 969 et
1322 929 1387 972 oum
1402 931 1436 974 eo
1456 918 1656 992 Hieronymus,

1114 1005 1141 1054 et
1154 1000 1296 1059 Eusebius
1305 1002 1459 1062 aiilrmant.

1149 1090 1291 1148 Anazarbi
1308 1108 1364 1150 aera
1388 1094 1457 1151 hinc
1482 1100 1658 1170 auspicanda

1110 1192 1145 1234 ex
1162 1194 1229 1237 num
1241 1183 1357 1252 Traiani
1371 1191 1398 1240 et
1412 1185 1532 1243 Adriani
1559 1189 1661 1260 signa·

1111 1268 1151 1324 tis
1165 1272 1272 1340 epocha
1284 1269 1328 1328 25.

1038 1407 1047 1445 1
1144 1392 1387 1468 praeteritate.

1030 1495 1050 1534 11
1145 1484 1227 1540 Circa
1254 1485 1313 1542 liaec
1341 1492 1515 1560 temporali
1536 1492 1658 1550 loannes

1110 1572 1267 1641 Apostolus
1277 1576 1307 1631 in
1319 1577 1459 1635 Patlimon
1475 1580 1600 1638 insulam
1614 1596 1662 1639 rc-

1114 1658 1662 1739 legatus,scribitApooalypsim,quam

1116 1748 1201 1816 paulo
1218 1756 1280 1818 post
1293 1751 1472 1822 interpretati
1489 1758 1663 1813 suntlusti·

1114 1850 1169 1891 nus
1183 1839 1290 1909 Martyr
1300 1846 1328 1895 et
1342 1842 1476 1899 irenaeus.
1496 1844 1567 1902 Viilc
1580 1853 1662 1903 notas

1113 1925 1147 1982 ad
1160 1933 1237 1996 pont.
1252 1928 1271 1983 S
1284 1930 1424 2001 Anacieti,
1450 1932 1505 1988 sub
1518 1933 1566 1989 tin.
1640 2003 1644 2012 ἤ

1034 2599 1055 2638 rr
1147 2583 1394 2651 enucleatam.

1037 2688 1068 2726 111
1149 2677 1226 2731 lnior
1246 2676 1419 2735 discrimina
1446 2679 1656 2748 persecutionis

1113 2763 1161 2819 die
1176 2766 1335 2824 Dominicoe
1348 2769 1481 2823 lucarum
1495 2766 1531 2824 25
1556 2768 1652 2824 Martii

1114 2854 1266 2910 ordinatur
1278 2857 1438 2927 Episcopus
1451 2859 1604 2924 Eoorr'stns,
1626 2864 1655 2913 et

1109 2941 1144 2996 ab
1159 2943 1294 3001 Anacleto
1306 2946 1498 3005 constituitur
1510 2951 1653 3008 vicarius.

1110 3031 1181 3088 vile
1195 3034 1321 3091 notasad
1334 3043 1412 3107 pom,
1426 3039 1554 3108 ejusaem
1569 3042 1650 3097 Evar.

1147 3703 1276 3759 Anacleti
1306 3700 1340 3759 ia
1363 3716 1420 3774 quo
1442 3716 1517 3759 anno
1543 3710 1653 3776 marty·
1714 3705 1751 3763 96

1116 3794 1190 3850 rium
1204 3793 1326 3863 complet
1338 3791 1439 3849 heatus
1453 3792 1653 3862 Pontifex,riie
1689 3798 1760 3852 Biss.

1116 3880 1150 3938 ⁴3
1169 3881 1251 3952 tulii,
1277 3896 1342 3938 cum
1369 3881 1493 3938 sedisset
1516 3895 1573 3938 ann
1604 3899 1655 3956 xn,

1115 3985 1234 4042 mensu,
1258 3970 1362 4028 diebus
1376 3984 1438 4027 vni.
1469 3964 1538 4029 Vile
1558 3973 1657 4043 prole-

1114 4073 1232 4131 gomena
1246 4064 1274 4117 et
1286 4064 1379 4117 notas.

1149 4150 1302 4207 Successor
1330 4148 1451 4222 eiigitur
1489 4151 1655 4220 Evinrsrus,

1115 4241 1165 4311 qui
1190 4238 1284 4296 iuerat
1311 4238 1346 4295 ab
1366 4238 1502 4297 Anacleto
1525 4239 1658 4296 vicarius

1115 4329 1303 4398 constitutus,
1325 4328 1520 4385 etouiinatus
1543 4329 1659 4401 episco-

1118 4433 1171 4487 pus
1180 4431 1255 4474 anno
1270 4417 1425 4486 superiori.

1151 4509 1208 4562 lioc
1221 4520 1296 4562 anno
1322 4506 1436 4561 occisus
1450 4511 1493 4561 est
1517 4507 1657 4577 Clemens,

1117 4598 1167 4667 qui
1180 4594 1365 4652 Consulatum
1382 4599 1508 4666 gesserat
1519 4609 1584 4651 oum
1599 4598 1660 4652 Do-

1118 4685 1239 4742 mitiano
1268 4696 1342 4740 anno
1366 4685 1494 4754 proxime
1507 4685 1661 4755 superiori.

1117 4774 1213 4830 Ftavia
1235 4787 1349 4845 quoque
1367 4773 1525 4841 Domitilla,
1541 4786 1597 4830 non
1611 4787 1660 4829 se-

1117 4876 1169 4917 cus
1195 4875 1227 4916 ac
1251 4862 1301 4918 iiie
1333 4861 1462 4917 Clemens
1497 4860 1656 4917 Domitiani

1117 4951 1329 5020 consanguinea
1357 4949 1494 5018 martyrio
1521 4947 1658 5017 altimum.

976 5037 1105 5104 oniam
1144 5034 1351 5108 armisoni.

975 5133 1112 5190 eterdto-
1154 5132 1275 5186 loannes
1318 5127 1475 5199 Apostolus
1513 5128 1656 5200 Ephesum

985 5238 1017 5279 os
1030 5225 1107 5278 osti-
1117 5221 1203 5293 redit,
1218 5224 1246 5277 et
1261 5216 1402 5276 Ecclesias
1419 5218 1495 5275 Asiae
1508 5220 1657 5295 gubernat.

1010 5311 1084 5367 oisO
1119 5311 1250 5368 Eusebio
1265 5311 1359 5367 Cirron
1372 5309 1543 5382 easdemque
1561 5314 1659 5368 tuetur

1018 5398 1081 5463 949,
1119 5407 1219 5459 contra
1245 5401 1367 5458 haereses
1392 5399 1433 5458 ibi
1456 5399 1600 5469 subortas,
1628 5401 1661 5453 at

1032 5506 1042 5547 r
1115 5490 1256 5547 Baronius
1268 5491 1408 5550 observat.

1744 276 1798 390 oc

1367 455 1522 511 sodomum
1544 465 1570 510 et
1589 460 1659 527 'fiui-
1687 460 1765 515 Anni

813 511 844 563 U.
860 510 888 563 G.
992 513 1098 588 Olymp.
1155 524 1282 577 timorum
1304 527 1479 594 populorum,
1499 529 1651 598 Pontifices,
1690 533 1761 586 AErm

1151 594 1244 663 lupos,
1269 610 1312 648 res
1333 602 1414 662 pcstoe
1439 604 1464 652 ot
1488 600 1657 656 documento.
1682 602 1783 660 Christi
