3892 6136
118 278 191 339 titt

532 278 693 342 HISTORIA
710 280 757 338 DE
775 279 864 338 vltis
881 276 966 336 non.
987 279 1087 337 PONT.
1102 308 1139 322 ·-
1156 281 1185 337 S.
1208 278 1417 338 abacturus.

1759 278 1830 339 4448

119 408 199 463 44444
212 406 363 479 erigimus,
380 407 438 463 nisi
466 405 644 462 credentium
661 403 754 472 tidem,
780 407 808 459 et
820 402 944 458 dicatam
961 402 1186 475 Alnngebatur,
1200 417 1299 459 verum
1315 408 1343 459 44
1352 417 1510 473 44444444,
1527 410 1714 474 4444444444
1730 407 1828 463 socius

119 481 185 539 Deo,
196 479 384 548 devotamque
394 480 530 534 virtutem
543 477 642 533 divina
657 475 779 531 lectione
789 475 945 530 llrmemus.

116 550 192 618 Quid
208 556 304 605 antem
321 551 427 619 potins,
444 556 496 605 ant
510 551 603 617 majus
615 560 691 603 curae
706 552 735 602 et
748 545 944 602 sollicitudini

116 622 264 691 congruit,
277 635 360 690 qnam
377 623 404 676 in
414 622 598 676 commissam
611 617 848 674 nobisdivinitns
861 630 947 685 popu·

118 694 192 761 lum,
203 700 231 747 et
241 694 398 747 exercitum
413 693 441 746 in
452 694 556 746 castris
566 690 732 747 caelestibus
742 689 944 756 constitutum,

117 766 257 820 adversus
269 764 378 818 diaboli
396 764 461 827 4414,
474 771 501 818 44
511 762 605 831 444414
622 759 879 816 exercitationibus
897 774 947 814 as-

117 836 215 892 siduis
227 835 439 903 praeparemus?
455 837 550 904 Neque
562 834 639 888 enim
652 833 772 888 lilonsns
785 837 947 901 potestesse

118 907 203 962 miles
213 907 247 961 ad
262 905 380 974 bellum,
393 908 441 976 qni
455 919 509 961 non
521 905 695 959 exercitatus
710 904 791 972 prins
805 904 833 957 in
848 915 947 970 campo

117 978 208 1034 inerit
211 1017 265 1030 .....
281 979 337 1033 ilat
353 979 402 1048 qui
416 977 605 1047 agonisticam
620 988 753 1031 coronam
765 975 870 1044 qnaerit
884 973 947 1029 aili-

119 1051 204 1120 pisci,
224 1050 251 1104 in
264 1050 358 1104 stadio
374 1048 572 1112 coronabitur,
588 1047 645 1102 nisi
661 1060 755 1114 nsum,
774 1051 802 1101 et
816 1045 947 1114 peritiam

116 1122 226 1176 virium
242 1127 308 1176 ante
324 1121 487 1176 meditetur.
509 1138 521 1168 4
547 1118 744 1189 Presbyterum
760 1119 947 1172 Fortunatam

118 1193 285 1261 instituere,
300 1206 333 1246 ac
347 1193 489 1247 instruere
501 1190 626 1245 voluisse
636 1190 671 1245 ad
682 1202 799 1246 munera
808 1188 950 1259 condigne

116 1264 261 1330 obeunda,
276 1263 402 1318 directio
417 1264 478 1332 ipsa
495 1261 629 1332 opusculi
641 1261 778 1323 ostendit,
794 1265 822 1314 et
837 1261 947 1327 probat,

116 1336 187 1391 dnm
205 1349 259 1389 non
273 1335 307 1389 ail
322 1341 458 1404 martyres
471 1334 508 1403 (et
518 1334 543 1389 si
556 1333 719 1389 eorumdem
735 1333 774 1387 sit
786 1331 949 1386 exhortatio

118 1408 153 1461 ad
171 1406 297 1461 viriliter
310 1405 586 1471 dimicandum),sed
599 1404 632 1458 441
643 1401 948 1471 Fortunatumdirigi-

117 1483 177 1544 444,
198 1479 266 1547 4444
288 1479 344 1547 4444
377 1490 475 1546 44444
497 1475 694 1531 concreditum
716 1471 946 1529 lueratoilicinm

117 1549 277 1620 presbyteri
294 1554 462 1618 martyrum,
478 1548 563 1617 cnjus
578 1545 703 1614 speciale
723 1550 785 1600 erat
811 1545 947 1600 ministe-

1000 481 1062 530 enal
1075 476 1115 546 (in
1134 475 1221 545 seq.):
1243 477 1279 529 Et
1301 491 1375 529 nune
1402 491 1484 545 super
1507 479 1581 546 ipsos
1605 479 1695 543 fuctus
1716 481 1828 533 antistes

1000 549 1058 601 ilci.
1084 547 1179 602 Tantas
1211 547 1402 610 necessitatis,
1430 547 1642 616 dignitatisque
1674 549 1829 616 putabatur

1002 619 1087 673 bocco
1105 632 1209 673 munus
1228 619 1399 688 aCypriano
1426 619 1542 688 epistol.
1571 616 1606 674 34
1631 626 1662 674 44
1677 621 1829 688 scripserit

1001 689 1221 760 Carthaginensi
1237 689 1323 751 clero,
1337 691 1405 744 dnm
1422 690 1455 745 nil
1472 690 1829 762 diligendosnptosmini-

1003 767 1078 816 stros
1094 775 1144 830 pro
1159 760 1344 817 sublevandis
1360 767 1516 831 martyrum
1533 761 1755 818 necessitatibus
1768 761 1830 817 nle-

1005 846 1068 887 rnm
1084 832 1225 899 bortatur,
1235 839 1369 901 exoptare
1379 846 1409 888 se
1419 831 1544 888 odicium
1556 846 1699 900 exercere,
1715 847 1748 887 ac
1762 846 1831 901 pro·

1003 907 1066 973 prio
1082 904 1246 960 ministerio
1270 904 1487 960 confessoribus
1503 904 1611 960 adesse.
1632 905 1830 975 «Quanquam

1001 976 1101 1043 sciam,
1119 974 1222 1030 iratres
1238 975 1415 1033 charissimi,
1443 975 1552 1031 litteris
1579 976 1650 1031 mels
1665 976 1830 1046 1444444444

1002 1046 1165 1102 admonitos
1192 1060 1263 1115 esse,
1281 1051 1313 1102 nt
1335 1047 1461 1117 gloriosa
1490 1061 1557 1103 voce
1582 1048 1735 1103 Dominum
1759 1060 1831 1102 eon-

1003 1119 1099 1183 fessis,
1129 1126 1156 1173 44
1173 1118 1201 1172 44
1229 1130 1342 1173 carcere
1362 1118 1532 1174 constitutis
1556 1121 1651 1175 omnis
1676 1118 1832 1188 diligentia

1005 1189 1287 1259 praebeatur3tamen
1300 1189 1456 1245 identidem
1466 1188 1704 1257 vobisincnmbo,
1715 1189 1830 1259 nequid

1003 1261 1037 1317 ad
1053 1274 1148 1316 444444
1166 1261 1241 1316 desit
1265 1261 1313 1328 iis,
1330 1260 1439 1330 quibus
1453 1262 1487 1316 ad
1505 1262 1626 1332 gloriam
1650 1260 1723 1316 nibil
1740 1261 1830 1316 deest

1003 1333 1096 1403 44444
1107 1334 1216 1388 4444444
1228 1332 1295 1396 4444,
1309 1338 1337 1387 44
1346 1332 1454 1402 gradus
1466 1335 1521 1388 444
1534 1333 1664 1389 44444414
1681 1333 1833 1402 44444444-

1004 1410 1056 1462 444.
1078 1410 1109 1459 nt
1125 1404 1185 1473 ipse
1212 1416 1288 1458 nnnc
1303 1417 1428 1473 praesens
1441 1417 1504 1459 esse
1521 1418 1649 1474 possem:
1668 1408 1828 1474 promptus,

1001 1475 1132 1531 etlibens
1140 1473 1260 1530 solemni
1275 1475 1439 1531 ministerio
1451 1482 1555 1531 cuncta
1568 1477 1645 1531 44444
1656 1474 1831 1531 tortissimos

1002 1546 1104 1602 iratres
1118 1552 1230 1602 nostros
1240 1545 1408 1602 dilectionis
1423 1546 1561 1617 obsequia
1574 1547 1744 1618 complerem
1759 1564 1766 1600 :
1781 1545 1830 1601 sed

118 1622 197 1676 rium
215 1618 399 1689 martyribus,
411 1619 439 1673 in
456 1631 568 1674 carcere
582 1616 762 1682 constitutis,
778 1629 811 1671 ac
828 1629 878 1686 pro
894 1615 948 1672 444
1002 1616 1127 1674 odicium
1146 1631 1238 1673 meum
1259 1623 1353 1673 vestro
1368 1618 1522 1689 diligentia
1537 1623 1730 1689 representet,
1744 1625 1772 1674 et
1785 1615 1832 1672 la-

118 1692 294 1764 pugnaturis
309 1704 387 1746 arma
402 1689 569 1761 spiritualia
580 1694 687 1758 aptare,
701 1687 871 1758 eosdemque
884 1687 947 1742 vir·
1002 1691 1062 1745 ciat
1078 1689 1184 1757 omnia,
1200 1703 1263 1758 qnae
1280 1688 1341 1744 tleri
1358 1696 1470 1758 oportet
1485 1690 1563 1745 circa
1575 1704 1634 1754 eos,
1650 1704 1723 1761 qnos
1739 1690 1769 1745 in
1785 1697 1832 1744 ta-

119 1770 214 1819 44444
229 1763 369 1818 exercitio
379 1761 570 1817 consolidare.
586 1762 624 1815 De
643 1759 699 1814 444
717 1760 863 1831 assignato
880 1757 947 1813 lan·u
962 1781 988 1843 B
1003 1761 1084 1817 libus
1100 1760 1212 1816 meritis
1241 1759 1306 1815 lidei
1322 1764 1350 1815 44
1361 1761 1481 1816 virtutis
1495 1760 1654 1817 illustravit
1667 1761 1767 1817 divina
1781 1761 1833 1817 di-

118 1836 180 1890 dati
195 1834 330 1904 opusculi
356 1833 477 1888 ulterior
491 1832 622 1902 probatio
635 1831 800 1887 desumitur
814 1846 847 1884 444
859 1830 946 1884 tribus
1003 1833 1110 1903 gnatio.
1130 1850 1142 1880 4
1160 1830 1283 1901 Optabat
1295 1837 1411 1888 sanctus
1423 1833 1545 1888 antistes
1559 1834 1671 1888 solemni
1682 1833 1832 1887 ministerio

119 1908 336 1961 testimoniorum
351 1905 430 1958 libris
440 1904 478 1957 nd
489 1904 643 1968 Quirinum,
665 1916 738 1973 qnos
753 1903 848 1958 eodem
866 1902 949 1971 plane
1003 1908 1102 1959 cuncto
1126 1904 1199 1957 circii
1218 1904 1383 1970 fortissimos
1406 1911 1541 1970 martyres
1567 1906 1707 1974 complere.
1734 1905 1833 1973 ltaque

118 1972 719 2047 scopoCyprianusenncleavit,colligens
740 1973 948 2041 exscripturis
1005 1974 1143 2045 specialis
1173 1974 1275 2030 liornm
1312 1974 1544 2046 presbyterorum
1574 1990 1654 2045 4444,
1690 1988 1776 2046 4444
1801 1975 1831 2029 in

120 2049 183 2105 loca
200 2050 344 2118 44444444
361 2047 563 2116 provirtntnm
575 2045 725 2100 exercitio.
741 2046 949 2115 Argumentum
1004 2052 1063 2102 tota
1101 2046 1224 2116 epistola
1263 2051 1354 2117 urget,
1384 2053 1412 2101 44
1441 2047 1625 2117 prosequitur
1650 2049 1677 2102 S.
1711 2046 1833 2116 Cypria-

118 2115 951 2190 operistransmissisiedescribit:«Protidemtdilectione
1006 2133 1062 2175 nus
1098 2123 1160 2174 4444
1194 2117 1294 2173 adesse
1339 2118 1547 2187 spiritualibus
1583 2124 1740 2190 martyrum
1778 2130 1833 2173 ne·

118 2197 169 2246 lua
182 2187 654 2261 quamliominolieotuoexhibes,
666 2186 952 2256 4144444444444,44-
1007 2189 1205 2245 cessitatibus.
1230 2190 1347 2244 Munera
1372 2203 1458 2259 porro
1481 2188 1639 2260 presbyteri
1664 2195 1831 2260 martyrum,

118 2263 195 2328 tisti,
212 2269 242 2317 ut
257 2261 291 2317 ad
305 2261 504 2316 instruendum
518 2265 544 2314 44
557 2258 952 2329 excerperemdeScripturis
1007 2275 1071 2331 quae
1108 2274 1142 2316 ex
1174 2260 1317 2331 Cypriane
1354 2260 1535 2331 collegimus,
1566 2262 1614 2318 cni
1646 2261 1717 2316 banc
1755 2260 1834 2315 inte-

118 2334 230 2389 sanctis
245 2330 556 2404 quanamcapitnlaan
570 2329 733 2400 religiosam
750 2336 833 2385 sectae
847 2337 953 2387 nostrae
1006 2347 1086 2404 gram
1113 2332 1340 2387 observationem
1372 2331 1596 2388 ecclesiasticam
1621 2331 1758 2388 debemus
1785 2344 1835 2386 se-

103 2403 502 2474 ·disciplinamperiinentia:
516 2401 950 2457 lectionisdivinaesuccinctam
1007 2403 1126 2475 quentia
1146 2409 1248 2459 erant:
1277 2404 1371 2473 primo
1387 2404 1550 2473 prospicere
1566 2411 1722 2475 martyrum
1734 2402 1835 2472 saluti,

118 2476 302 2547 diligentiam
312 2488 453 2544 quomens,
468 2473 621 2529 ntaiiimns
632 2473 813 2528 lleodeditns
824 2487 879 2528 non
893 2473 952 2528 lon·
1006 2483 1034 2531 44
1045 2474 1247 2531 hortamentis.
1261 2482 1289 2530 44
1301 2475 1465 2531 4444444444.
1479 2477 1516 2530 De
1529 2476 1620 2545 priori
1633 2474 1835 2530 sollicitudine

119 2548 175 2620 gis,
192 2553 244 2603 aut
260 2547 359 2602 inultis
376 2544 516 2601 librorum
529 2543 728 2599 voluminibus
741 2542 888 2617 inligetur,
902 2543 950 2600 scil
1006 2547 1206 2616 supradictum
1217 2553 1270 2602 est.
1287 2548 1325 2601 De
1337 2547 1463 2603 secundo
1474 2547 1594 2602 solemni
1611 2547 1785 2614 ministerio,
1803 2549 1836 2601 ut

118 2619 255 2675 eruditus
270 2617 413 2672 breviario
429 2621 633 2686 4444444444
662 2615 832 2684 caelestium,
852 2615 952 2671 babeat
1006 2626 1088 2674 cante
1100 2626 1233 2689 ageretur
1247 2618 1380 2686 advertit,
1395 2632 1429 2673 ne
1453 2618 1562 2674 invidia
1574 2621 1750 2674 excitaretur
1767 2630 1836 2687 per-

119 2691 153 2746 441
181 2688 328 2745 iovenilam
352 2690 515 2744 memoriam
546 2701 627 2743 suain
654 2686 770 2742 salubre
793 2692 821 2743 et
847 2687 953 2757 grande
1008 2689 1836 2757 secutorumllancporroadbibendamcantionemscri·

119 2762 335 2830 compendium,
359 2767 386 2814 et
400 2761 468 2829 qnia
482 2758 535 2813 tibi
562 2758 676 2827 plenum
690 2758 860 2813 dilectionis
874 2757 953 2813 obse·
1008 2761 1052 2816 bit
1070 2760 1163 2815 clero:
1184 2780 1197 2812 4
1223 2760 1371 2816 Consulite
1397 2775 1474 2833 ergo,
1491 2766 1519 2817 et
1536 2762 1691 2831 providete,
1717 2767 1749 2816 nt
1769 2774 1834 2817 cnm

121 2834 225 2902 qninm
237 2831 335 2895 debeo,
352 2830 407 2886 ieci
420 2832 494 2900 quod
508 2831 625 2899 petisti:
639 2837 669 2884 nl
680 2829 838 2885 laborarem
854 2829 952 2896 semel,
1011 2837 1233 2901 temperamento
1252 2832 1304 2887 boc
1319 2833 1472 2905 agitatius
1486 2834 1592 2901 possit:
1611 2834 1650 2889 ita
1667 2839 1699 2888 ut
1715 2831 1835 2903 presby-

122 2917 157 2960 ne
174 2910 205 2959 tu
232 2917 342 2972 semper
362 2902 518 2957 laborares.
539 2919 552 2950 4
569 2901 723 2970 Quirinum
740 2913 806 2956 vero
821 2914 854 2956 eo
870 2900 954 2956 tinea
1011 2904 1064 2958 teri
1079 2915 1204 2974 qnoque,
1221 2904 1270 2973 qui
1286 2902 1349 2958 illic
1364 2904 1438 2971 apud
1455 2903 1633 2960 confessores
1644 2903 1837 2960 oderuntsin-

120 2976 148 3031 S.
174 2975 316 3045 Cypriane
338 2974 546 3029 instructiones
565 2972 775 3040 expostulasse,
791 2979 822 3027 ut
836 2973 871 3028 ad
890 2986 954 3027 ma·
1009 2973 1433 3046 gulicnmsingnlisdiaconls,
1445 2976 1578 3044 pervices
1589 2975 1750 3030 alternent:
1766 2975 1835 3058 qnia

121 3051 217 3117 tyrum
233 3046 390 3117 presbyteri
401 3042 525 3101 officinm
539 3042 704 3099 obeundum
715 3045 841 3113 aptiores
855 3045 952 3099 trade·
1011 3045 1133 3100 mutatio
1160 3057 1357 3114 personarum,
1374 3050 1403 3099 et
1415 3046 1588 3103 vicissitudo
1602 3048 1834 3102 convenientium

122 3125 166 3174 444
177 3136 185 3188 3
196 3119 254 3172 imo
265 3119 346 3185 y'nxta
363 3116 476 3171 babitus
493 3115 701 3171 instructiones
714 3115 836 3185 impigre
848 3128 954 3170 muniis
969 3143 992 3205 C
1011 3115 1277 3170 minuitinvidiam.
1293 3117 1448 3171 »seeundo
1459 3124 1491 3172 44
1502 3118 1836 3186 ministeriasciantpro·

119 3196 288 3246 exsecutum
305 3186 395 3243 iniisse
409 3187 557 3243 declarant
573 3187 629 3254 ipsi
647 3193 795 3255 martyres,
811 3187 954 3256 Cypriano
1008 3187 1073 3241 vide
1084 3185 1528 3255 4444444444444444444444414
1544 3188 1732 3252 contessores,
1742 3194 1770 3243 et
1784 3188 1833 3258 qni

119 3261 290 3330 scribentes,
304 3259 518 3328 Qnirinninqne
528 3258 689 3319 laudantes,
703 3270 759 3325 quo
769 3262 798 3311 et
809 3258 954 3326 episcopa·
1008 3257 1177 3319 coronandi,
1192 3257 1300 3326 quique
1314 3258 1398 3328 signo
1415 3259 1443 3312 in
1466 3271 1585 3326 certiore
1599 3268 1716 3328 excepto
1735 3272 1835 3314 evase-

120 3333 177 3389 lem
193 3333 266 3386 lianc
285 3344 394 3396 curam,
410 3335 438 3385 44
460 3330 604 3396 designati
623 3334 778 3396 martyrum
795 3328 952 3397 presbyteri
1009 3328 1834 3399 rantgloiinsi,eisingnlisboriamentasubministranda.

121 3417 230 3458 munus
245 3403 443 3457 commendant
462 3402 552 3470 (epist.
576 3397 639 3470 iili:
670 3420 683 3450 4
700 3400 797 3469 Agant
811 3413 877 3471 ergo
898 3398 951 3453 tibi
1007 3402 1054 3456 Sic
1070 3398 1250 3470 presbyteros
1275 3407 1432 3469 martyrum
1458 3400 1652 3458 admonendos
1667 3401 1744 3457 clero
1764 3403 1837 3456 Car-

121 3474 274 3531 nobiscum
298 3472 426 3528 damnanti
457 3473 595 3526 maximas
620 3470 694 3540 apud
723 3473 810 3525 ileum
831 3471 951 3542 gratias,
1009 3471 1173 3539 tliaginensi
1190 3471 1307 3526 mandat
1331 3470 1835 3541 (44444644«41444444444444444444

120 3548 265 3616 Cypriane
278 3543 479 3609 dilectissimo,
503 3543 578 3611 qnod
596 3541 703 3597 litteris
716 3541 777 3596 tuis
791 3542 952 3597 laborantia
1008 3542 1145 3614 gloriosis
1157 3543 1343 3611 impertiatur
1353 3555 1423 3598 cura
1434 3543 1603 3613 propensior
1614 3563 1621 3613 3
1633 3550 1662 3600 et
1673 3557 1834 3615 quanquam

121 3623 238 3688 pectora
262 3615 396 3670 recreasti
402 3653 456 3667 .....
485 3615 690 3679 1444444444,
716 3621 743 3666 et
767 3618 951 3682 prosecutum
1007 3615 1095 3668 seiam
1114 3613 1254 3682 plurimos
1269 3626 1303 3667 ex
1325 3613 1371 3668 itis
1393 3613 1512 3669 lrairnm
1540 3621 1603 3670 voto
1624 3622 1652 3670 44
1679 3616 1836 3671 dilectione

120 3688 319 3744 ministerium
334 3692 427 3749 tuum,
442 3690 470 3740 et
483 3684 600 3753 Quirini
614 3683 799 3739 dilectissimi
816 3685 917 3740 nostri.
936 3702 949 3735 ii
1006 3692 1175 3752 susceptos:
1197 3691 1290 3739 tamen
1315 3685 1407 3754 siqui
1430 3693 1509 3751 snnt,
1535 3687 1586 3757 qni
1601 3687 1645 3742 vel
1659 3688 1775 3758 vestitu,
1792 3686 1834 3742 vel

118 3760 252 3830 Quatuor
266 3759 364 3814 itidem
380 3757 509 3826 episcopi
525 3756 553 3810 in
579 3755 709 3825 sequenti
722 3755 843 3824 epistola
858 3756 950 3811 eidem
1006 3761 1123 3824 sumptu
1135 3755 1293 3825 indigeant,
1306 3756 1384 3811 sicut
1397 3757 1483 3812 etiam
1497 3758 1607 3828 pridem
1616 3758 1698 3814 vobis
1708 3759 1836 3828 seripse-

118 3831 265 3901 Cypriano
277 3828 477 3896 rescribentes,
488 3827 605 3882 edicunt
617 3845 624 3879 :
636 3846 649 3877 4
663 3826 949 3896 4444444444444444,
1008 3841 1080 3884 ram.
1096 3841 1160 3881 cnm
1179 3827 1275 3882 adbuc
1291 3832 1387 3882 essent
1403 3829 1432 3883 in
1449 3841 1562 3885 carcere
1583 3831 1747 3896 constituti,
1763 3827 1838 3885 sub-

120 3901 213 3958 444444
229 3900 487 3963 444144444444444,
516 3900 543 3954 iil
562 3897 637 3968 qnod
661 3913 677 3952 a
692 3898 827 3967 Quirino.
852 3905 880 3953 et
893 3914 909 3953 a
924 3906 952 3954 te
1009 3900 1246 3954 ministrarentur
1281 3899 1324 3953 eis
1354 3913 1534 3971 quaecunque
1560 3906 1629 3957 sunt
1659 3901 1836 3970 necessaria:

121 3975 188 4044 ipso
215 3972 332 4027 misisti.
356 3970 529 4026 sacrilieinm
555 3983 588 4024 ex
604 3971 681 4024 omni
696 3982 780 4037 44444
805 3971 921 4025 mundo.
937 3988 950 4018 r
1010 3971 1092 4025 modo
1106 3976 1138 4025 ut
1151 3969 1243 4026 scient
1256 3983 1290 4025 ex
1306 3969 1398 4036 vobis,
1417 3977 1448 4027 ut
1463 3972 1654 4034 instruantur,
1670 3978 1698 4028 et
1712 3973 1837 4042 discant,

119 4045 301 4116 Regalianus
322 4042 395 4097 41444
422 4047 578 4111 444444444
598 4048 659 4096 4444
685 4041 840 4111 presbyter,
868 4054 952 4111 quem
1009 4043 1078 4112 qnid
1097 4041 1256 4096 seeundum
1279 4042 1493 4111 Scripturarum
1521 4057 1563 4098 ina
1587 4044 1720 4100 isterinm
1744 4043 1839 4100 eccle-

121 4129 156 4172 ex
180 4113 284 4177 officio,
312 4114 387 4168 ruod
413 4115 487 4167 44444
517 4118 655 4182 44444444
677 4113 897 4183 exsequebatur.
917 4115 952 4168 ad
1008 4113 1126 4169 siastica
1139 4113 1297 4182 disciplina
1310 4114 1473 4183 disposuit:
1490 4060 1624 4183 4444444,
1641 4124 1669 4172 44
1683 4116 1836 4183 modestos,

120 4187 236 4243 eosdem
265 4198 317 4241 con
333 4198 444 4241 essores
468 4184 599 4239 scribens
617 4185 743 4238 Vestrum
765 4185 954 4253 presbyterum
1007 4190 1036 4240 et
1051 4185 1166 4254 quietos
1183 4197 1246 4240 esse
1261 4184 1373 4253 4144444,
1387 4192 1418 4241 44
1432 4186 1568 4242 bonorem
1584 4188 1631 4242 sni
1644 4187 1771 4244 nominis
1781 4202 1839 4244 ser·

120 4258 262 4330 indigitat
274 4257 447 4327 Cyprianus,
463 4255 606 4324 illumque
620 4255 648 4310 in
664 4256 785 4325 epistola
799 4254 860 4312 'a'ail
875 4270 954 4310 mar-
1009 4263 1084 4322 vent,
1097 4263 1125 4311 44
1140 4256 1190 4326 444
1217 4256 1337 4328 gloriosi
1352 4270 1420 4313 voce
1436 4257 1556 4327 tuerint,
1573 4259 1633 4314 sint
1655 4265 1682 4314 et
1708 4260 1838 4315 moribus

122 4337 200 4400 44444
212 4329 402 4395 commendat,
417 4334 445 4382 44
457 4332 486 4383 44
502 4335 661 4396 sequantur
681 4329 790 4383 monita
804 4328 950 4382 bortatur:
1008 4328 1142 4399 gloriosi.
1165 4345 1178 4377 4
1197 4328 1347 4399 Praecepta,
1368 4333 1397 4383 et
1410 4329 1552 4386 distincta
1568 4329 1745 4386 hortamenta
1762 4345 1838 4401 4444-

123 4420 136 4453 a
160 4399 368 4470 Utsequamini
395 4402 423 4454 44
440 4399 576 4454 omnibns
601 4400 790 4468 liogatiannm
805 4398 953 4468 presbyte-
1009 4399 1131 4453 bendaa
1156 4400 1330 4469 presbyteris
1360 4407 1518 4470 martyrum
1542 4400 1760 4456 consessoribus
1783 4401 1839 4455 ob-

123 4484 188 4528 rem
204 4471 365 4542 gloriosum
380 4484 486 4536 senem,
501 4470 576 4525 viam
591 4469 672 4525 vobis
685 4470 718 4524 ad
740 4470 860 4540 gloriam
878 4476 952 4524 lem·
1009 4475 1103 4525 servat
1128 4469 1282 4540 inquiens:
1306 4470 1442 4525 Gloriosis
1456 4475 1523 4542 (qno
1548 4472 1664 4527 nomine
1685 4470 1838 4527 veniebant

121 4543 205 4613 poris
220 4543 310 4597 nostrl
328 4543 463 4612 religiosa
484 4542 601 4603 virtute,
625 4548 652 4596 et
666 4540 765 4595 divina
784 4540 953 4612 dignatione
967 4541 993 4602 U
1007 4541 1195 4606 contessores,
1224 4543 1272 4610 qui
1303 4542 1399 4612 signo,
1420 4554 1470 4596 seu
1496 4542 1632 4597 cicatrice
1655 4542 1838 4597 ostentabant

123 4613 288 4680 facientem,
304 4615 354 4683 qni
366 4626 430 4667 cnm
448 4613 627 4668 Felicissimo
643 4611 730 4666 tratre
746 4619 843 4668 nostro
854 4612 952 4681 quieto
1006 4610 1200 4667 confessionis
1213 4610 1294 4667 iactae
1308 4612 1426 4673 indicia,
1439 4613 1549 4683 quique
1562 4612 1598 4666 ob
1610 4613 1756 4686 stigmata,
1770 4627 1836 4683 qnae

121 4696 245 4754 semper,
259 4689 288 4739 44
300 4684 408 4747 sobrio,
424 4685 571 4751 excipiens
587 4683 754 4737 ferocientis
777 4683 874 4752 popnli
895 4684 953 4737 im·
1006 4680 1838 4752 circumterebantpropensiorisollicitudinenonoranilos

123 4763 232 4825 petum,
249 4756 375 4824 primum
395 4756 552 4824 nospitium
569 4753 651 4809 vobis
667 4754 695 4807 in
711 4765 824 4808 carcere
840 4767 953 4823 prinpa-

123 4827 209 4892 ravlt,
227 4827 465 4896 quemadmodum
493 4828 599 4893 l'ester,
618 4838 692 4879 nnnc
707 4836 821 4894 qnoque
834 4838 883 4879 nos
897 4837 953 4879 iin-

122 4899 250 4962 tecedit;
272 4899 348 4966 44444
367 4902 399 4953 nt
422 4906 637 4953 consummetur
662 4895 690 4950 in
716 4895 806 4960 vobis,
823 4896 952 4952 assiduis

121 4968 308 5025 orationibus
343 4969 494 5024 Donninnm
519 4969 713 5038 deprecemur,
741 4972 772 5023 ut
800 4966 952 5022 4444444441

120 5054 235 5098 44444
251 5041 448 5112 pergentibus,
465 5055 537 5111 qiios
548 5039 677 5095 contineri
703 5039 781 5099 lacit,
804 5039 891 5092 iaciat
901 5050 954 5093 co-

122 5114 235 5168 ronari.
253 5112 340 5182 »Qua
362 5112 546 5181 expiressione
561 5111 636 5166 clare
651 5110 779 5167 ostendit
795 5124 909 5173 munus,
925 5114 953 5165 44

123 5184 256 5239 muneris
294 5184 518 5253 praerogativam,
544 5182 612 5238 dnm
638 5183 696 5238 ait:
725 5181 954 5251 quemadmodum

126 5258 224 5311 Vester
236 5271 311 5310 nnnc
330 5271 436 5324 quoqne
448 5269 494 5308 nos
518 5254 661 5319 ciniscelli,
680 5266 779 5324 nempe
791 5258 870 5308 extra
885 5266 952 5308 enr-

119 5341 216 5383 cerem
238 5326 424 5397 presbyterali
443 5339 560 5380 munere
582 5327 780 5393 eossorviens,
798 5326 952 5380 incarcere

122 5397 441 5468 positusantecedebal,
452 5405 479 5452 44
493 5409 607 5452 444444
621 5397 767 5451 commissi
783 5396 951 5464 ministerii,

121 5476 149 5526 et
165 5482 261 5540 opere,
275 5470 343 5525 dnm
371 5469 485 5538 proprio
512 5467 641 5536 exemplo
655 5467 690 5521 ad
716 5466 829 5521 44444444
843 5472 952 5536 marty-

123 5542 200 5598 rium
218 5542 474 5597 coiisnmmanilnm
491 5540 617 5609 gloriosa
631 5536 810 5593 consessione
823 5537 951 5592 bortator

122 5612 246 5669 astabat.
274 5613 336 5681 Quo
355 5624 441 5666 sensn
456 5612 618 5665 Celerinnm
644 5608 838 5677 presbyterum
852 5609 949 5664 eoilein

124 5697 244 5739 munere
262 5683 411 5748 donatnin,
437 5684 505 5737 dnm
523 5683 608 5736 444444
638 5679 803 5735 carceribus
819 5679 951 5735 inclusus

124 5756 249 5826 impigre
262 5755 292 5811 in
308 5753 403 5810 ollloio
418 5757 611 5823 perseveraret
625 5751 765 5813 obeundo,
789 5753 950 5807 antistitem

123 5827 177 5883 Dei
192 5827 329 5898 44441144,
354 5827 424 5896 4444
448 5825 551 5880 nedum
571 5822 754 5893 presbyterali
782 5836 815 5879 eo
835 5836 951 5879 munere

1007 4754 1156 4809 decernant:
1186 4766 1243 4823 qno
1260 4754 1375 4809 nomine
1390 4754 1554 4810 Cornelium
1584 4754 1757 4824 pontitlcem,
1785 4756 1836 4825 qui

1008 4837 1121 4879 earcere
1141 4823 1276 4896 stigmata
1293 4825 1351 4880 baec
1368 4831 1521 4893 receperat,
1536 4826 1684 4893 gloriosum
1696 4827 1837 4892 consesso-

1007 4911 1063 4949 rem
1076 4895 1183 4964 saepius
1196 4896 1333 4966 indigitat
1342 4898 1371 4950 S.
1387 4897 1557 4967 Cyprianus,
1572 4898 1761 4953 Novatiannm
1771 4910 1837 4953 vero

1009 4966 1158 5038 suggillat.
1175 4966 1225 5036 qui
1243 4979 1273 5020 se
1296 4966 1455 5037 gloriosum
1471 4966 1663 5024 confessorem
1682 4969 1837 5025 dictitabat

1008 5039 1110 5106 444444
1127 5039 1215 5104 signu
1235 5044 1267 5093 44
1282 5038 1374 5109 legere
1389 5047 1432 5095 est
1457 5040 1485 5094 in
1500 5039 1625 5109 epistola
1648 5040 1774 5097 Cornelii
1801 5042 1835 5097 ad

1007 5107 1192 5181 Cyprianuinl
1207 5107 1350 5173 Gloriosis,
1367 5112 1494 5181 inquam,
1521 5113 1720 5180 consessoribus
1744 5113 1837 5169 mini·-

1008 5181 1126 5236 stranda
1143 5187 1292 5250 precepta,
1308 5187 1342 5237 nt
1362 5183 1390 5238 in
1408 5183 1544 5252 incoeptis
1569 5189 1766 5252 perseverent:
1783 5184 1833 5255 qui

1007 5266 1073 5308 vcro
1087 5250 1196 5322 absque
1212 5254 1355 5324 stigmate.
1379 5256 1426 5311 sed
1451 5256 1512 5310 sola
1527 5253 1710 5312 confessione
1724 5256 1833 5312 Christi

1007 5337 1136 5379 carceres
1155 5329 1307 5380 evaserunt
1328 5332 1356 5380 et
1379 5327 1462 5396 juxta
1478 5326 1673 5399 Evangelinm,
1699 5333 1727 5383 et
1741 5328 1836 5384 eccle-

1007 5395 1154 5451 siasticam
1170 5395 1358 5464 disciplinam
1374 5398 1547 5468 presbyteris
1564 5399 1708 5469 precipit,
1724 5412 1757 5456 eo
1771 5413 1836 5456 mo-

1006 5468 1067 5521 nita
1078 5467 1215 5536 dirigere,
1230 5479 1262 5521 ne
1277 5466 1424 5536 inllsntnr,
1439 5471 1486 5526 seil
1505 5472 1533 5524 in
1546 5473 1650 5527 timore
1668 5472 1832 5541 persistent,

1005 5538 1188 5607 ostenditque
1212 5537 1421 5607 seripturarum
1440 5543 1596 5609 magisterio
1610 5543 1737 5611 lininiles,
1754 5546 1837 5613 quie·

1005 5614 1054 5674 tas,
1075 5614 1100 5663 et
1111 5609 1243 5663 modestos
1257 5624 1306 5666 eos
1328 5625 1390 5667 esse
1415 5620 1553 5682 oportere.
1582 5614 1709 5684 Quorum
1724 5628 1834 5685 praece·

1006 5680 1222 5750 ptuminlibris
1233 5683 1465 5739 testimoniorum
1474 5693 1631 5741 occurrunt
1641 5686 1834 5743 saluberrima

1004 5751 1082 5833 444444
1104 5765 1120 5806 4
1141 5752 1283 5822 Cypriane
1297 5754 1416 5810 collecta
1431 5757 1572 5812 llonitum
1597 5759 1834 5814 vocatecclesia-

1005 5822 1853 5899 stieamdisciplinam,contraquam'tbsmtstsusmesgxsss
