3892 6136
126 339 196 399 laia

546 335 704 394 histonii
723 339 768 394 DE
786 334 875 393 vltis
894 334 967 393 ROM
986 334 1085 393 PONT.
1102 366 1139 378 —
1152 336 1180 393 S.
1201 337 1403 397 CORNELIUS.

1759 349 1829 411 leil

123 471 238 533 gantur.
251 462 338 519 Nemo
350 461 408 531 jam
424 467 533 532 querat
558 463 711 530 sincerius,
729 462 887 532 illustrius,
903 474 952 518 se·
965 461 992 520 A
1007 474 1137 517 mensevv
1150 467 1257 532 martyr
1268 462 1414 520 occubuit.
1425 467 1655 541 martyrologium
1669 473 1828 531 itomanam

124 535 226 592 curius
240 534 443 590 documentum
467 532 618 590 electionis
636 534 803 603 pontificum
819 535 950 589 llomanae

125 607 203 663 sedis
230 606 265 662 de
289 618 367 661 more
390 603 494 659 habitae
510 618 559 674 per
574 605 646 660 banc
671 610 792 674 aetatem,
816 617 899 674 quam
915 618 949 661 ex

125 678 197 733 tanM
224 676 358 746 martyris
387 676 562 743 testimonio,
581 677 631 746 qui
655 689 710 731 non
733 674 950 745 modoaequalis

126 748 182 804 luit
193 749 313 804 istorum
328 752 497 815 temporum,
509 748 556 804 sed
569 744 702 817 frequens
714 748 799 802 etiam
811 760 949 802 commer-

123 821 200 875 cium
231 818 392 874 litterarum
417 819 549 874 exercuit
574 832 638 873 cum
658 819 783 873 Romana
809 818 947 887 Ecclesia,

124 892 243 960 ejusque
257 888 426 958 apostolicis
440 887 622 958 praesulibus.
639 895 782 958 apparent
793 903 906 959 quoque
918 889 947 944 in

126 962 205 1017 hisce
221 960 331 1016 litteris
343 959 478 1030 Cypriani
494 959 613 1030 vestigia
627 973 767 1016 canonum
784 961 949 1016 acdecreto·

126 1047 199 1101 rum,
210 1046 273 1102 quae
288 1030 458 1086 tribuuntur
472 1030 658 1101 pontificibus
669 1031 829 1101 superioris
841 1032 947 1098 vetatis,

124 1110 174 1159 aut
198 1103 270 1158 banc
292 1102 421 1172 proxime
436 1108 615 1158 consecutae:
641 1102 681 1158 ita
705 1109 737 1158 ut
759 1109 948 1173 cognoscatur

123 1187 155 1230 ea
167 1173 324 1244 disciplina
339 1171 468 1227 moribus
480 1174 538 1242 jann
551 1177 672 1242 recepta,
687 1187 749 1298 guae
763 1174 872 1242 scripto
883 1184 949 1228 cott-

125 1245 236 1300 iirmata
250 1243 374 1300 subinde
390 1240 446 1298 fuit
461 1244 535 1299 intra
552 1243 605 1300 hou
618 1258 691 1299 saecu
707 1258 754 1300 um
768 1244 803 1300 de
818 1258 875 1313 quo
890 1243 947 1313 agi·

125 1330 189 1372 mus
213 1329 261 1384 per
282 1315 395 1370 decreta
416 1315 582 1383 pontilicum
601 1315 802 1370 Romanorum.
819 1316 854 1369 Ut
870 1315 946 1369 enim

120 1403 171 1456 per
192 1401 282 1440 omnes
307 1387 495 1440 ecclesiasticos
517 1386 621 1454 gradus
640 1388 739 1440 sensim
757 1385 948 1439 ascenderetur

124 1458 162 1510 ud
187 1456 291 1511 culmen
315 1458 495 1526 episcopatus,
519 1457 625 1525 scripta
650 1456 694 1511 lex
717 1455 859 1511 tribuitur
881 1456 948 1512 Caio

123 1526 211 1598 (inira
237 1541 314 1582 num.
342 1525 396 1594 28).
422 1528 514 1582 Mores
538 1540 604 1583 vero
630 1527 810 1596 iuCypriani
826 1526 948 1596 epistola

125 1599 253 1668 expressi
270 1603 408 1667 receptam
425 1598 574 1654 insinuant
587 1605 653 1654 ante
665 1597 832 1654 electionem
847 1598 948 1654 Corne·

126 1669 173 1740 lii,
186 1683 250 1740 quae
264 1669 350 1725 annis
367 1669 430 1738 plus
454 1682 517 1723 uam
532 1669 569 1724 tri
594 1669 653 1724 lnta
668 1670 813 1739 praecessit
827 1668 939 1738 pontili-

122 1748 218 1796 catum
237 1740 316 1795 Caii:
338 1760 350 1791 a
376 1741 415 1795 lte
433 1683 487 1794 cElei
502 1745 530 1796 et
551 1685 658 1795 Christi
685 1741 748 1808 ejus
769 1740 892 1809 judicio,
911 1739 947 1796 de

1006 530 1092 601 hujus
1116 533 1221 615 Moysis
1246 532 1403 604 presbyteri
1422 540 1585 594 memoriam
1611 542 1711 599 recolit
1725 546 1773 602 die
1792 543 1829 603 95

1003 602 1178 673 Novembrrs,
1195 605 1315 675 ejusque
1330 608 1519 663 constantiam
1534 609 1631 668 laudat
1653 621 1713 670 tum
1726 616 1829 673 adver-

1004 687 1053 729 sus
1078 674 1216 742 Gentiles,
1245 680 1304 731 tum
1331 686 1428 733 contra
1458 679 1607 737 haereticos
1637 685 1822 744 Novatianos.

1003 743 1096 813 Quare
1121 745 1312 817 intelligimus
1336 748 1419 816 juxta
1444 754 1572 807 nostram
1594 752 1827 827 chronologiam,

1003 829 1078 871 anno
1094 814 1147 873 250
1162 825 1225 886 post
1241 823 1358 873 mortem
1381 818 1506 877 Fabiano
1525 821 1634 878 illatam
1651 839 1701 896 pro
1713 827 1829 885 Christo

1003 900 1099 943 mense
1123 889 1264 957 ianuarii,
1288 889 1382 944 sedem
1406 904 1519 948 vacasse
1544 897 1685 964 usquead
1704 911 1828 955 mensem

1002 958 1093 1027 iunii,
1110 972 1166 1028 quo
1179 958 1330 1015 Cornelius
1351 959 1459 1017 electus
1470 970 1514 1018 est
1528 964 1656 1033 pontifex
1672 968 1827 1038 Romanus,

1004 1035 1153 1098 postquam
1179 1028 1215 1084 ab
1242 1029 1314 1085 Urbe
1337 1031 1510 1089 discesserat
1532 1035 1639 1092 Decius
1657 1038 1690 1093 ad
1720 1038 1827 1097 bellum

1003 1099 1197 1155 Pannonicum
1213 1106 1241 1155 et
1252 1100 1426 1172 Scythicum,
1444 1104 1561 1161 ineunte
1573 1119 1647 1163 vere.
1661 1108 1685 1163 h
1698 1109 1826 1167 Cornelii

1002 1170 1141 1226 electione
1156 1170 1303 1227 mensibus
1325 1173 1441 1230 circiter
1456 1176 1586 1246 quinque
1597 1179 1657 1249 egit
1671 1180 1699 1234 in
1715 1193 1829 1238 carcere

1003 1243 1121 1310 Moyses,
1137 1247 1243 1297 etcum
1259 1256 1291 1299 eo
1307 1243 1412 1299 reclusi
1422 1245 1608 1317 consessores,
1618 1253 1827 1319 quosnondum

1002 1325 1018 1366 a
1033 1311 1165 1393 Cornelio
1190 1319 1369 1382 separaverat
1383 1317 1525 1373 Novatus:
1541 1319 1591 1388 qui
1604 1333 1638 1375 ex
1651 1320 1747 1377 Africa
1762 1336 1828 1379 cum

1003 1388 1127 1438 venisset
1140 1390 1256 1439 vacante
1271 1385 1346 1453 sede,
1363 1386 1416 1442 sub
1433 1388 1549 1444 initium
1563 1391 1747 1460 episcopatus
1763 1393 1829 1450 Cor·

1003 1452 1072 1508 nelli
1090 1453 1187 1511 turbas
1202 1455 1305 1522 ciebat,
1330 1457 1494 1526 improbans
1518 1459 1593 1515 beati
1618 1463 1764 1531 pontilicis
1779 1465 1827 1520 in·

1002 1524 1052 1579 dul
1073 1525 1191 1595 entiam,
1208 1540 1264 1595 qua
1280 1525 1305 1581 la
1329 1527 1370 1583 sis
1385 1530 1591 1597 paenitentibus
1612 1546 1771 1604 regressum
1792 1536 1827 1592 ad

1004 1539 1158 1651 Ecclesiam
1175 1541 1374 1680 permittebat:
1390 1600 1473 1669 Juxta
1490 1600 1636 1658 decretum
1650 1606 1782 1675 synodia
1798 1619 1828 1663 se

1001 1666 1827 1745 congregatamrcaouobrem,aliorumqueepiscoporum

1002 1750 1180 1793 communem
1203 1740 1373 1795 sententiam
1396 1741 1426 1796 in
1448 1742 1555 1799 eisdem
1570 1746 1694 1801 Cornelii
1720 1747 1827 1806 litteris

122 1810 485 1880 clericorumtcstimonio,
508 1810 651 1880 deplebis
671 1810 1162 1881 sultragiolactusassexpressam
1196 1810 1270 1880 apud
1293 1810 1462 1868 Eusebium.
1495 1814 1561 1870 Post
1582 1821 1700 1873 mortem
1734 1818 1826 1890 Moysi

123 1881 258 1951 pluribus
280 1882 423 1951 episcopis
438 1886 467 1936 et
484 1883 636 1937 ordinatus
659 1882 770 1938 dicitur
783 1882 944 1951 Cornelius,
1001 1880 1143 1935 Maximus
1155 1882 1299 1951 presbyter
1311 1880 1421 1952 aliique
1430 1883 1607 1942 confessores
1617 1887 1726 1945 Christi
1739 1890 1829 1946 Nova·

123 1957 243 2009 vacante
263 1952 324 2009 loco
339 1951 457 2009 Fabiani
472 1951 536 2022 (boc
551 1958 594 2009 est
610 1953 694 2023 Petri)
707 1958 736 2008 et
749 1953 839 2023 gradu
854 1953 947 2008 catbe·

122 2025 182 2081 drae
203 2023 403 2080 sacerdotalis.
429 2023 533 2093 »Quot
553 2024 728 2093 apostolicos
747 2037 871 2080 canones
888 2023 947 2079 haec

122 2095 208 2151 verba
225 2094 390 2151 illustrent:
417 2108 501 2164 quam
524 2108 638 2150 causam
660 2095 947 2151 indicentdiuturnae

122 2166 282 2223 vacationis
301 2166 389 2235 sedis,
403 2179 467 2220 cum
489 2169 552 2221 tutu
575 2165 672 2222 haberi
694 2167 812 2221 minime
833 2171 947 2233 possent

121 2237 298 2308 episcopalia
310 2241 338 2293 et
353 2235 544 2293 sacerdotalia
559 2236 613 2291 ista
625 2236 756 2308 collegia,
768 2242 796 2292 et
810 2234 947 2319 suffragia

123 2322 158 2364 ex
182 2308 260 2364 uiri:
284 2315 312 2364 et
327 2313 432 2379 quanta
453 2307 607 2363 necessitas
621 2309 751 2379 adegerit
771 2308 800 2363 in
828 2320 947 2378 praevisa

121 2323 947 2460 difficultateluturaelectionispostmartyriumalicujus

126 2449 284 2521 pontilicis,
302 2456 333 2507 ut
345 2450 454 2505 vicano
468 2462 587 2505 munere
601 2450 727 2520 cuipiam
743 2449 848 2506 collato
863 2463 878 2505 a
893 2450 948 2505 dc-

124 2521 251 2577 cessoris
265 2521 443 2592 providentia
459 2521 658 2577 ostenderetur
670 2521 878 2591 quodammodo
891 2522 948 2576 Eo-

122 2592 220 2649 clesiae
236 2597 299 2662 post
327 2606 357 2648 se
372 2591 486 2648 utiliter
505 2591 655 2663 eligendus
676 2593 726 2662 qui
743 2592 782 2648 ita
797 2591 945 2661 emineret,

123 2665 196 2720 satis
207 2664 361 2720 deducitur
373 2676 407 2719 ex
429 2663 547 2717 recitata
561 2663 683 2731 epistola
695 2662 839 2733 Cypriani.

160 2734 246 2791 Linea
258 2732 286 2790 2.
299 2764 334 2775 -
348 2735 403 2791 Sub
423 2734 501 2802 cujus
517 2735 673 2803 episcopatu
686 2735 808 2790 Necatus
818 2734 948 2790 Novitia-

122 2822 189 2861 num
203 2811 281 2861 eastra
306 2807 455 2860 Ecclesiam
474 2805 622 2871 ordinavit,
646 2813 671 2859 et
695 2807 725 2859 in
744 2807 843 2871 Attica
861 2805 948 2860 Nico-

120 2882 251 2932 stratum.
268 2877 422 2933 Historiam
440 2874 481 2931 rei
492 2880 576 2947 gesta
589 2875 674 2931 babes
686 2876 714 2932 in
727 2875 833 2931 litteris
847 2875 947 2931 Corne

122 2947 157 3004 lii
178 2949 213 3004 ad
228 2948 348 3004 Fabium
365 2948 533 3018 episcopum
556 2947 776 3017 Antiochenam,
798 2946 897 3002 relatis
911 2945 946 3001 ab

122 3018 249 3076 Eusebio
268 3019 337 3075 bist.
361 3019 413 3074 lib.
429 3032 467 3076 vt.
486 3032 546 3088 cap.
569 3015 613 3073 la.
628 3019 760 3074 Eamdem
780 3017 900 3073 exhibui
915 3018 944 3072 in

124 3090 293 3147 Praelatione
316 3092 386 3146 tomi
408 3092 429 3157 l,
455 3102 537 3145 num.
562 3087 612 3145 34:
628 3090 774 3160 simulque
786 3088 945 3158 observavi,

1002 1950 1145 2007 tianorum
1159 1951 1272 2007 artibus
1284 1965 1318 2007 ac
1329 1954 1483 2025 praestigiis
1496 1956 1608 2013 seducti
1621 1969 1827 2018 recesserunta

1001 2022 1204 2078 communione
1217 2022 1343 2078 Cornelii
1354 2025 1431 2080 circa
1447 2025 1529 2081 linem
1543 2029 1612 2084 anni
1627 2027 1690 2099 250,
1706 2030 1749 2087 vel
1764 2032 1828 2088 ini-

1002 2093 1075 2147 tium
1090 2090 1152 2148 uit.
1172 2095 1284 2164 Verum,
1306 2097 1361 2150 lieo
1383 2096 1479 2167 dante,
1502 2099 1536 2154 ad
1553 2099 1708 2157 Ecclesiam
1724 2102 1828 2160 iterato

1003 2163 1132 2234 perducti
1148 2163 1269 2221 tirmiter
1284 2165 1467 2223 adhaeserunt
1480 2168 1667 2236 imposterum
1681 2173 1825 2244 Cornelio,

1003 2240 1035 2290 ιιι
1049 2248 1082 2290 ex
1099 2233 1186 2304 hujus
1198 2236 1321 2305 epistola
1341 2237 1374 2292 ad
1392 2238 1508 2295 Fabium
1525 2238 1585 2311 (seu
1599 2241 1777 2315 Flavianum,
1794 2250 1827 2302 ιιι

1001 2305 1053 2360 alii
1072 2306 1192 2378 malunt)
1211 2307 1420 2364 Antiochenam
1441 2318 1537 2366 narrat
1550 2313 1702 2383 Eusebius,
1721 2320 1825 2372 etcum

1002 2390 1035 2433 eo
1050 2375 1293 2434 bibliothecarius
1305 2379 1357 2434 hoc
1378 2380 1407 2434 in
1428 2393 1557 2438 numero.
1571 2383 1691 2454 Aliquot
1710 2387 1826 2443 nomina

1001 2446 1197 2503 consessorum
1220 2448 1348 2505 bdelium
1364 2464 1429 2506 cum
1453 2454 1575 2509 Maximo
1591 2468 1769 2512 reversorum
1789 2457 1825 2513 ad

1001 2518 1165 2600 Cornelium
1181 2519 1315 2601 leguntur
1331 2521 1360 2575 in
1377 2523 1483 2578 eisdem
1498 2523 1615 2590 litteris,
1629 2539 1727 2597 nempe
1743 2527 1828 2583 alir-

1002 2588 1104 2656 banus,
1121 2590 1268 2658 Sidonius,
1281 2595 1309 2646 et
1320 2591 1469 2649 celerinus
1484 2596 1596 2665 :quiin
1617 2597 1787 2655 emiscentes
1796 2611 1830 2654 ac

1002 2661 1131 2716 dolentes
1147 2662 1222 2730 quod
1238 2675 1254 2716 a
1270 2660 1453 2720 fraudulenta
1477 2665 1526 2721 illa
1542 2668 1725 2738 malignaque
1739 2669 1831 2726 bestia

1003 2732 1115 2787 inducti
1131 2732 1281 2802 aliquanto
1297 2736 1434 2803 temporis
1449 2736 1544 2805 spatio
1555 2737 1590 2792 ab
1602 2738 1728 2795 Ecclesia
1742 2754 1831 2797 reces-

1002 2813 1108 2871 serant,
1125 2815 1186 2858 sese
1202 2804 1306 2859 iterum
1328 2804 1461 2862 Cornelio
1483 2812 1511 2863 et
1524 2808 1658 2865 Ecclesia:
1682 2811 1830 2868 submise-

1003 2882 1080 2939 runt.
1096 2874 1285 2944 presentibus
1298 2875 1412 2945 aliquot
1423 2878 1578 2948 episcopis,
1592 2893 1625 2936 ac
1643 2881 1827 2953 presbyteris,

1000 2950 1029 3001 et
1043 2945 1137 3001 laicis.
1150 2963 1164 2995 ι
1178 2947 1282 3001 Praeter
1304 2947 1355 3001 hos
1368 2960 1384 3001 a
1399 2947 1530 3004 Cornelio
1543 2952 1713 3007 nominatim
1728 2966 1830 3009 recen·

1001 3017 1083 3082 sitos,
1100 3015 1224 3071 aliorum
1240 3029 1354 3086 quoque
1365 3019 1828 3094 nominapossemuscolligereex

1001 3086 1160 3158 fragmento
1177 3087 1292 3212 antiagui
1308 3090 1460 3144 marmoris
1482 3098 1594 3160 reperto
1618 3093 1647 3148 in
1664 3096 1827 3152 coemeterio

122 3176 157 3219 ex
172 3162 275 3218 iisdem
296 3160 402 3217 litteris
415 3160 540 3216 Cornelii
560 3161 722 3216 confirmari
740 3162 851 3216 decreta
864 3173 985 3236 com-c
1003 3157 1142 3213 Priscillae
1156 3158 1202 3212 via
1213 3159 1247 3213 Sa
1261 3158 1333 3226 aria,
1349 3158 1454 3214 collato
1469 3174 1533 3215 cum
1552 3164 1706 3234 Martyrolo
1728 3166 1755 3221 io
1775 3179 1827 3221 ve-

123 3233 206 3304 plura
220 3233 441 3302 precedentium
456 3231 634 3302 pontificum,
652 3231 768 3300 perinde
778 3245 810 3286 ac
822 3245 856 3287 ex
873 3231 946 3286 litte·

123 3305 165 3361 ris
176 3304 311 3375 Cypriani
328 3304 412 3372 paulo
434 3310 499 3358 ante
514 3303 687 3358 memoratis.
708 3302 778 3357 Vide
793 3303 879 3357 etiam
896 3301 947 3355 bi-

121 3376 241 3432 storlam
255 3374 422 3431 schismatis
434 3375 534 3430 Novati
549 3373 706 3429 breviatam
723 3374 753 3428 in
776 3373 853 3429 notis
868 3372 946 3445 Pagii

119 3445 282 3503 mmmm

157 3518 243 3574 Linea
262 3514 289 3574 3.
312 3546 349 3557 -
371 3519 425 3572 noc
450 3519 534 3585 facto,
561 3518 725 3584 confessores
749 3517 799 3585 qui
822 3530 849 3570 se
864 3529 947 3583 sepa-

119 3593 250 3644 raverant
262 3604 279 3642 a
292 3589 413 3645 Cornelio
432 3605 490 3642 cam
505 3590 624 3642 Mnaimo
645 3586 813 3656 presbytero,
826 3588 874 3656 qui
888 3601 948 3641 cum

119 3662 212 3730 Moyse
224 3661 291 3727 fuit,
317 3660 355 3712 ad
372 3661 521 3714 Ecclesiam
543 3663 608 3712 sunt
621 3660 731 3723 reuersi,
753 3663 778 3713 et
791 3660 861 3726 sacti
884 3660 949 3711 sunt

121 3734 286 3799 confessores
304 3730 408 3799 fideles.
428 3731 498 3786 Acta
525 3730 636 3799 potiora
661 3730 870 3797 persecutionis
890 3731 948 3784 De-

120 3803 174 3872 cii,
193 3814 210 3857 a
224 3801 374 3857 Valeriano
389 3803 575 3869 continuata,
590 3799 672 3855 nobis
686 3801 797 3869 eripuit
810 3800 946 3856 immanis

121 3873 175 3929 illa
198 3871 382 3941 Diocletiani,
414 3887 478 3943 qua:
504 3872 630 3928 eamdem
660 3872 790 3941 proxime
815 3872 941 3941 excepit.

119 3944 215 4014 Quare
237 3944 429 3999 necessarium
455 3944 591 4000 ducimus
615 3941 772 4014 fragmenta
793 3943 947 3998 undecun-

122 4029 179 4086 que
193 4013 338 4085 colligere,
353 4013 421 4071 licet
435 4015 560 4086 insignia
574 4015 720 4083 supersint
736 4014 764 4068 in
779 4013 886 4069 litteris
899 4014 950 4084 Cy·

123 4085 230 4156 priami.
243 4086 456 4154 Temporariam
473 4085 710 4156 separationema
732 4084 865 4140 Cornelio
886 4087 948 4139 Ma-

123 4157 195 4213 ximi
208 4155 366 4227 presbytcri
376 4158 559 4227 aliorumque
569 4154 764 4212 consessorum
774 4155 883 4211 Christi
896 4156 945 4225 qui

120 4241 186 4285 cum
212 4241 245 4283 eo
266 4227 381 4284 fuerant
404 4243 455 4298 pro
477 4227 542 4284 lldci
558 4229 716 4284 assertione
739 4227 846 4282 carceri
864 4240 947 4282 man-

121 4299 223 4368 cipati,
244 4298 356 4354 indicat
384 4299 626 4355 bibliothecarius
653 4299 830 4354 emendatam
855 4297 947 4354 luisse

121 4370 221 4426 stabili
251 4370 413 4427 reversione
440 4372 474 4426 ad
505 4371 638 4426 Ecclesiae
664 4370 813 4434 unitatem,
834 4370 863 4425 in
889 4382 946 4440 qua

122 4443 305 4511 postmodum
333 4448 561 4511 permanserunt.
586 4443 666 4497 llunc
690 4440 820 4496 eumdem
849 4441 945 4496 Moat-

121 4527 195 4567 mum
210 4512 406 4583 presbyterum
423 4514 533 4570 socium
549 4512 740 4569 confessionis
755 4513 843 4581 Moysi
861 4512 946 4584 (alte-

120 4584 185 4640 rius
209 4582 366 4654 presbyteri
389 4583 520 4655 Romani)
545 4585 710 4640 memoravit
733 4596 853 4639 numero
870 4573 985 4653 pra-D

117 4653 236 4710 cedenti
258 4654 288 4708 in
311 4654 453 4710 Fabiano:
486 4657 600 4726 quando
628 4660 691 4724 post
714 4654 832 4710 Fabiani
863 4669 945 4711 mar-

117 4726 227 4796 tyrium
252 4726 357 4794 Moyses
372 4731 397 4780 et
419 4728 556 4781 Maaimus
579 4726 732 4795 presbyteri
756 4732 781 4780 et
801 4729 946 4783 Nicostra-

118 4801 163 4850 tus
179 4796 312 4850 dt'aconus
327 4799 510 4866 comprehensi
531 4803 603 4862 sunt,
627 4801 653 4851 et
674 4799 703 4850 in
721 4812 855 4851 carcerem
868 4800 946 4853 missi

118 4871 197 4921 sunt.
216 4867 313 4924 Monul
327 4882 413 4937 supra
435 4869 564 4924 iteratam
587 4867 711 4938 intelligi
728 4872 858 4936 oportere
874 4870 945 4924 hanc

116 4937 225 5009 Moysis
253 4938 448 4993 detrusionem
468 4940 496 4994 in
513 4953 652 4994 carcerem
676 4951 750 4993 anno
773 4936 835 5009 250,
865 4945 947 5009 post-

118 5021 204 5080 quam
221 5020 297 5064 anno
319 5011 488 5079 praecedenti
506 5009 560 5065 sub
574 5010 659 5065 Decio
677 5023 724 5079 per
741 5022 850 5066 menses
865 5025 946 5067 com-

119 5081 219 5150 plures
242 5079 375 5150 (lortasse
394 5079 466 5136 5vel
491 5079 517 5151 6)
533 5094 683 5151 perpessus
705 5080 830 5146 vincula,
858 5081 946 5152 hujus

118 5150 252 5207 secundae
266 5151 444 5208 detentionis
466 5152 524 5207 alio
542 5153 672 5207 semestri
690 5153 783 5221 spatio
800 5151 946 5209 contessor

119 5223 149 5279 in
175 5234 288 5279 carcere
312 5221 459 5280 occubuit.
484 5222 676 5306 intelligimus
698 5223 738 5278 ita
762 5224 944 5280 sentiendum

118 5308 153 5350 ex
172 5293 281 5350 litteris
303 5294 431 5350 Cornelii
459 5294 494 5350 ad
522 5294 641 5350 Fabium
665 5295 887 5363 Antiochenam,
908 5294 944 5350 ab

116 5362 244 5421 Eusebio
255 5365 355 5422 relatis
371 5365 433 5421 loco
444 5365 571 5422 indicato
581 5364 654 5435 (Misi
665 5366 746 5431 Eccl,
760 5366 810 5421 lib.
827 5381 865 5436 vv,
881 5380 945 5435 eap.

116 5433 163 5506 ts)
178 5433 228 5492 ubi
246 5435 285 5491 ita
301 5436 423 5492 scribit:
438 5456 451 5489 e
468 5437 611 5493 Maximus
626 5436 759 5492 Ecclesia
769 5442 873 5494 nostrae
887 5451 948 5507 pre·

117 5507 225 5577 sbyter,
242 5506 411 5563 etlirbanus
423 5507 506 5564 ambo
521 5523 555 5564 ex
571 5507 636 5564 tidei
650 5512 755 5564 nostra
766 5507 948 5566 couiessioue

116 5577 264 5652 egregiam
288 5579 347 5647 jam
372 5579 497 5636 secundo
521 5579 634 5636 laudem
656 5577 764 5703 adegti.
791 5596 805 5630 ι
830 5579 948 5637 dracus

117 5653 217 5706 texitis
244 5649 413 5720 expressius
439 5649 524 5707 habel
546 5668 554 5706 t
583 5650 620 5712 ote
640 5646 684 5716 τήν
726 5648 845 5722 potamus
873 5647 947 5714 δόξαν

115 5719 133 5776 ὰ
150 5721 220 5787 torm
231 5720 428 5847 tapcmtgmm,
445 5720 491 5779 bis
503 5734 537 5778 ex
548 5718 875 5792 coniessloueoptlmam
890 5720 969 5796 glo·

118 5806 134 5850 r
147 5804 194 5848 am
209 5795 348 5851 consecut
363 5831 371 5849 .
394 5792 499 5850 iterata
513 5791 605 5867 igitur
617 5790 737 5851 luerunt
749 5792 785 5850 ad
805 5799 948 5853 mammen

120 5862 270 5939 producti,
284 5866 314 5922 at
339 5863 371 5923 lu
385 5874 528 5921 carcerem
548 5860 683 5937 mulcati,
704 5862 736 5923 ln
758 5876 817 5938 quo
838 5866 950 5938 Moyses

1003 3229 1120 3284 tustiori
1132 3242 1205 3298 saepe
1219 3227 1328 3284 laudati
1340 3229 1517 3300 Florentini3
1534 3233 1558 3287 si
1572 3231 1723 3305 lragmentr
1740 3236 1828 3294 istius

1003 3301 1097 3370 portio
1120 3299 1206 3369 paulo
1221 3299 1344 3368 amplior
1362 3309 1532 3371 superesset.
1555 3305 1665 3360 visitur
1679 3306 1707 3360 in
1723 3320 1756 3363 eo
1775 3321 1825 3364 ca·

1003 3372 1103 3426 thodra
1118 3371 1246 3427 eminens
1262 3371 1292 3427 in
1308 3372 1401 3428 medio
1418 3374 1520 3442 posita,
1537 3376 1584 3431 cui
1600 3389 1681 3432 nemo
1697 3378 1825 3436 insidet:

1003 3443 1050 3498 sed
1074 3442 1226 3498 hincinde
1252 3442 1380 3499 assident
1407 3444 1436 3498 in
1466 3445 1674 3504 humilioribus
1693 3449 1828 3506 scabellis

1002 3515 1153 3582 supposito
1171 3512 1314 3583 pulvinari
1333 3514 1388 3568 viri
1400 3514 1469 3583 duo,
1486 3517 1606 3573 indicati
1632 3521 1759 3589 propriis
1773 3535 1829 3579 no-

1004 3584 1142 3652 minibus,
1159 3586 1296 3639 Macimus
1309 3584 1492 3641 dextrorsum
1509 3587 1624 3659 legitur,
1644 3590 1693 3646 ubi
1705 3592 1749 3647 vir
1765 3606 1829 3648 ma-

1003 3654 1830 3730 turaeaetatis,utexbarbadecenterattonsaqualemrele·

1002 3733 1071 3784 runt
1086 3728 1141 3782 ima
1166 3727 1227 3781 ines
1239 3725 1359 3782 Adriani
1377 3727 1503 3795 judicari
1523 3734 1624 3801 potest,
1643 3732 1764 3790 indutus
1777 3739 1829 3790 tu-

1003 3801 1067 3854 nica
1082 3803 1109 3854 et
1121 3742 1208 3867 paffilio
1219 3811 1297 3853 more
1307 3797 1538 3855 Christianorum
1554 3813 1668 3858 manum
1683 3803 1828 3862 dexteram
1884 3831 1887 3834 ⁴

1002 3869 1093 3926 elevat
1104 3868 1284 3940 complicatis
1303 3869 1595 3942 duorumdigitorum
1612 3876 1764 3942 postremis
1778 3889 1831 3932 ar-

1003 3942 1102 3997 ticulis
1125 3941 1159 3996 ad
1186 3939 1413 3997 benedicendum
1442 3942 1501 3998 ritu
1527 3944 1718 4002 sacerdotati:
1742 3947 1783 4003 ita
1799 3952 1831 4005 ut

1002 4014 1157 4069 Maximum
1174 4010 1369 4082 presbyterum
1384 4012 1443 4068 haec
1466 4013 1559 4086 imago
1576 4017 1681 4072 reterre
1696 4017 1829 4074 rideatur

1002 4085 1175 4140 assidentem
1191 4083 1320 4155 digniori
1331 4083 1392 4139 loco
1406 4085 1436 4139 in
1451 4084 1627 4156 presbyterio
1638 4101 1725 4158 prope
1737 4089 1832 4146 cathe-

1002 4156 1082 4213 dram
1098 4155 1310 4226 episcopalem:
1327 4156 1374 4211 cui
1393 4156 1479 4211 etiam
1498 4157 1700 4215 sinistrorsum
1720 4161 1830 4217 assidet

1002 4226 1827 4298 viralterjuniorisaetatis,appositonominesecundinus.

1001 4298 1169 4369 Complures
1182 4312 1283 4355 versus
1296 4299 1365 4355 huic
1380 4299 1485 4355 tabulae
1497 4297 1615 4356 luerunt
1631 4302 1737 4373 incisi:
1753 4316 1822 4373 quo-

1002 4384 1065 4425 rum
1087 4376 1180 4426 tamen
1203 4375 1336 4427 extrema:
1360 4376 1472 4427 tantum
1489 4377 1646 4441 supersunt
1661 4371 1829 4442 syllabae...

1000 4455 1090 4497 alans
1115 4455 1178 4497 urus
1182 4481 1234 4497 .....
1259 4456 1331 4498 rnuu
1352 4455 1422 4497 sss..
1446 4455 1505 4497 un..
1535 4454 1611 4496 rvcrx
1631 4455 1689 4510 εει,
1716 4443 1829 4513 utepi·

1021 4512 1120 4583 rapitis
1142 4513 1311 4569 sententiam
1341 4512 1455 4582 assequi
1481 4510 1564 4580 plana
1584 4524 1641 4566 non
1666 4511 1824 4569 valeamus.

1002 4529 1100 4640 {orma
1116 4582 1230 4654 elegans
1245 4582 1442 4638 characterum
1453 4581 1578 4636 ostendit
1596 4581 1720 4638 incisum
1737 4582 1829 4641 luisse

1003 4655 1125 4724 lapidem
1141 4659 1207 4709 ante
1223 4652 1305 4708 linem
1324 4651 1403 4707 tertii
1426 4665 1443 4707 a
1457 4651 1572 4708 Christo
1587 4651 1698 4723 saeculi,
1714 4654 1828 4712 artibus

1001 4725 1127 4781 nondum
1142 4725 1171 4779 in
1188 4723 1315 4779 deterius
1329 4721 1492 4792 prolapsis:
1511 4735 1610 4792 nempe
1624 4725 1701 4781 circa
1716 4731 1826 4783 estatem

1000 4795 1135 4861 Cornelii,
1147 4795 1182 4851 de
1198 4808 1253 4865 qua
1264 4795 1386 4878 agimus.
1401 4794 1493 4863 Quare
1505 4793 1558 4851 hoc
1569 4795 1656 4851 etiam
1672 4796 1700 4851 in
1717 4797 1828 4854 indicio

1001 4867 1138 4937 temporis
1151 4865 1249 4923 reterri
1266 4866 1379 4921 videtur
1391 4866 1445 4921 bec
1456 4871 1669 4923 monumentum
1683 4867 1717 4924 ad
1733 4869 1828 4924 Maxi-

1003 4952 1079 4994 mum
1102 4937 1309 5008 presbyterum,
1341 4937 1507 5006 apostolieae
1531 4938 1609 4993 sedis
1627 4939 1661 4994 ad
1687 4940 1827 4996 unitatem

1002 5022 1158 5078 reversum,
1184 5009 1294 5064 relictis
1307 5009 1455 5064 Novatoet
1475 5009 1633 5065 horatiano
1655 5010 1827 5067 secundinus

1001 5095 1067 5137 vero
1092 5094 1156 5136 cum
1177 5078 1227 5135 illo
1249 5078 1380 5135 assidens
1399 5081 1433 5134 ad
1455 5079 1577 5136 alterum
1594 5080 1670 5137 latus
1685 5082 1827 5139 cathedra

1001 5152 1114 5207 videtur
1130 5151 1165 5221 is,
1178 5163 1262 5222 quem
1279 5155 1372 5206 vetera
1383 5151 1584 5278 Martyroiogia
1599 5152 1673 5208 inter
1689 5159 1828 5225 martyres
1938 5151 1940 5154 ’

1001 5223 1046 5279 ιιι
1070 5222 1180 5277 Salaria
1207 5222 1237 5277 in
1261 5223 1422 5278 coemeterio
1454 5218 1543 5278 Plisci
1559 5221 1593 5277 lae
1616 5222 1773 5295 depositos,
1799 5232 1828 5282 et

1003 5295 1076 5349 banc
1090 5295 1124 5350 ad
1140 5298 1250 5349 atatem
1275 5294 1460 5364 pertinentes,
1479 5294 1588 5351 socium
1613 5304 1769 5352 memorant
1791 5296 1825 5354 ad

1001 5362 1109 5421 diem6
1130 5363 1263 5447 Augusti,
1289 5364 1455 5420 observante
1479 5364 1667 5421 Florentinio.
1691 5367 1829 5424 Producit

1003 5436 1047 5492 air
1072 5435 1253 5491 clarissimus
1272 5448 1306 5491 er
1331 5435 1535 5508 Martyrologio
1560 5435 1723 5494 corbeiensi
1754 5439 1827 5496 banc

1003 5506 1156 5577 periochem
1170 5519 1196 5561 vt
1223 5506 1288 5562 idus
1308 5507 1381 5574 hup.
1403 5509 1492 5563 Romae
1510 5508 1617 5565 Natalis
1646 5508 1697 5564 SS.
1725 5510 1827 5566 Secun-

1003 5579 1071 5644 dini,
1088 5578 1238 5644 severiani,
1262 5576 1440 5648 Carpophori,
1464 5581 1606 5643 Pictorini,
1621 5584 1646 5634 et
1670 5581 1775 5636 aloini.
1792 5584 1827 5638 Et

1002 5651 1033 5704 in
1046 5651 1092 5705 uia
1106 5648 1218 5704 Salaria
1228 5648 1344 5713 Ostensi,
1362 5650 1554 5713 crescentiani,
1568 5650 1665 5720 Sergii,
1681 5653 1824 5719 Memmiae,

1002 5720 1128 5788 iuliane,
1150 5718 1308 5790 Gyriocetis,
1326 5725 1351 5776 et
1365 5719 1523 5791 Smarnpdi,
1538 5723 1697 5787 Secundini,
1714 5724 1823 5790 Albini,

1006 5792 1169 5856 verodom,
1192 5792 1329 5859 Faustini,
1351 5795 1461 5859 Βοιαιι,
1488 5796 1594 5859 Felicis,
1625 5795 1743 5852 Siluani.
1769 5795 1828 5850 Hos

1004 5862 1093 5923 terme
1105 5871 1231 5923 ruenset
1240 5865 1347 5936 partim
1359 5863 1407 5921 die
1417 5860 1446 5939 7,
1460 5866 1564 5938 partim
1578 5879 1606 5924 rr
1621 5865 1688 5922 ldus
1701 5862 1826 5932 Augusti
