3892 6136
117 261 153 321 as
517 240 1180 318 ansnlsrasrunrnonmonnnnsnn.
1200 249 1428 309 nom-nnnc.

115 392 256 450 Fauentin
272 395 339 448 terr.
352 360 606 461 constitutoatque
620 386 741 445 lundum
753 382 851 443 333131
870 387 936 440 1333.
959 381 1070 439 reiacen

224 469 280 520 tem
296 462 442 534 simulque
457 465 575 533 argento
584 458 750 531 quaterdeni
761 457 888 528 pundera
899 454 1037 510 mundum
1051 454 1125 525 quod
1141 452 1198 509 sihi
1213 452 1341 525 legitime

117 535 279 608 genitorum
290 533 416 591 contulit
431 533 496 589 iura
507 531 581 603 quod
596 531 634 587 sit
651 530 806 586 inlinatum
822 541 873 583 nec
887 531 1039 582 reuocetur
1050 539 1174 595 3333313

246 605 301 663 uod
317 605 387 661 uhic
400 603 522 675 collegio
533 602 736 659 monachorum
750 598 909 670 stipendias
923 597 957 652 ad
970 597 1063 652 uicem
1076 597 1162 652 cessit
1172 610 1205 652 es
1216 595 1302 652 cuius

119 678 233 735 1131111111
257 692 291 733 33
304 681 508 747 praeparentur
522 674 653 730 adauiles
666 674 753 744 dapes
769 672 871 740 hisque
887 669 934 725 ius
949 669 1059 724 nomini
1071 681 1173 724 annuae
1183 668 1248 725 colu

222 749 309 819 erint,
324 762 380 819 quc
392 748 473 803 lussu
486 745 662 802 dominantis
673 743 842 815 migrauerit

115 817 158 875 dd
169 819 302 876 caelestia
314 832 399 891 regna
410 818 463 874 hoc
478 831 594 889 quoram
611 815 736 872 concilio
746 813 848 871 statuit
872 815 958 882 atquc
973 809 1101 867 drmauit
1113 814 1144 867 ut
1159 811 1184 867 si
1201 811 1268 883 quis

223 891 374 947 Successor
389 889 466 946 sedis
477 888 653 959 ecclesieque
667 897 747 943 33133
759 884 804 941 331
816 853 897 966 abba.
1083 952 1089 964 ι
1107 952 1113 964 .
1153 953 1159 965 ι

119 962 300 1033 praepositus
313 962 401 1018 huius
414 960 591 1016 uenerauilis
609 958 707 1029 templi
723 959 902 1028 3333331331
917 951 1038 1009 fundum
1052 951 1179 1009 131133313

224 1048 257 1090 ex
269 1038 386 1104 partem,
402 1031 447 1089 uel
459 1037 550 1088 totum
565 1045 614 1102 per
628 1030 734 1100 quouis
747 1027 863 1100 ingenio
877 1024 913 1080 ab
927 1037 1009 1079 usum
1027 1037 1176 1081 seruorum
1191 1026 1246 1082 1131

119 1102 168 1160 bic
181 1105 406 1161 deseruientium
422 1102 547 1159 alienare
561 1100 794 1173 praesumpserit,
812 1097 856 1154 uel
872 1099 1110 1177 commutaretaut

224 1189 325 1245 perene
339 1181 401 1231 acta
418 1191 445 1231 u.
461 1173 591 1230 chartula
603 1172 708 1243 largire
718 1178 859 1227 aeternam
875 1166 1139 1222 condemnationem

116 1246 260 1302 sustineat
272 1261 336 1303 cum
351 1245 567 1315 traditorejuda
577 1251 604 1301 et
618 1243 664 1299 his
675 1243 725 1315 qui
742 1240 866 1312 petierit,
876 1243 903 1293 et
917 1237 967 1307 qui
983 1234 1088 1308 largire
1104 1238 1285 1309 temptaverit
1296 1237 1473 1295 constrictus
1487 1248 1541 1293 ana

117 1316 236 1374 themati
250 1317 363 1375 vinculs
375 1331 473 1374 corum
488 1316 775 1373 trecentordecetocto
788 1316 931 1383 patruum.
945 1310 977 1374 ›1‹

151 1494 195 1552 5l.
213 1498 242 1552 13
259 1496 393 1554 omnibus
406 1497 486 1552 hisce
498 1495 692 1554 monumentis
705 1507 721 1550 a
737 1506 780 1549 me
791 1482 981 1562 productisA
998 1501 1082 1560 quam
1101 1492 1133 1545 ut
1145 1489 1339 1545 indicaremus
1352 1487 1475 1560 genuina
1489 1486 1669 1553 documenta,
1684 1499 1747 1556 333
1760 1485 1819 1542 3313

116 1586 224 1642 31133111
240 1585 336 1656 velim,
352 1600 384 1641 ea
398 1585 498 1642 3313131
513 1586 547 1642 ad
561 1590 670 1641 3131333
686 1580 939 1652 interGrcgorium
996 1577 1172 1648 inspectione
1188 1577 1341 1635 tuebantur
1354 1577 1436 1633 bdom
1448 1575 1576 1631 historiae
1589 1589 1639 1645 per
1651 1587 1682 1630 33
1695 1581 1819 1645 tempora

116 1674 272 1731 secundum
286 1680 313 1730 et
324 1680 467 1746 quartum,
485 1688 541 1746 qua
551 1674 662 1730 scilicet
674 1673 745 1729 Vitae
756 1669 835 1726 Libri
847 1666 940 1724 Ponti·
995 1667 1102 1737 quibus
1116 1669 1240 1724 11311113
1252 1665 1516 1724 conscribebantur.

117 1762 210 1818 dcalis
224 1762 496 1832 conscribebantur,
517 1763 626 1818 3113113
641 1766 772 1817 constare
787 1756 940 1828 possitcur
1029 1756 1178 1813 Numisma
1199 1761 1241 1813 est
1254 1757 1349 1827 Crispi
1373 1755 1493 1811 Caesaris
1515 1766 1549 1810 ex
1564 1766 1619 1809 333
1642 1753 1777 1823 maximo,
1794 1759 1821 1808 et

116 1855 246 1906 auctores
260 1851 309 1906 isti
321 1864 434 1921 operam
447 1855 502 1906 tam
516 1851 644 1907 sedulam
664 1856 691 1905 31
706 1847 836 1915 nimiam,
852 1848 885 1901 ut
899 1844 939 1899 ita
995 1842 1093 1901 haberi
1110 1847 1340 1916 potestomnium
1354 1845 1560 1913 clarissimum,
1572 1857 1635 1914 333
1645 1843 1733 1903 113133
1742 1842 1810 1899 Chri

115 1939 221 2009 dicam,
235 1940 431 2010 impenderent
445 1940 474 1995 in
487 1938 690 1996 enumerandis
706 1935 873 2008 pontiacum
884 1933 941 1989 do-
994 1935 1088 1992 stiana
1101 1936 1266 2007 antiquitus
1281 1934 1455 2006 procuderit.
1468 1934 1548 1990 hicet
1562 1945 1627 1989 3333
1641 1932 1819 1989 illustratum

116 2028 173 2098 nis,
185 2043 248 2100 quae
263 2043 312 2100 per
327 2030 405 2100 ipsos
427 2029 620 2086 olierebantur
638 2030 695 2085 Deo
711 2029 741 2084 in
761 2026 853 2083 sacris
866 2022 940 2079 3111-
996 2025 1118 2081 miritice
1130 2023 1218 2082 luerit
1230 2025 1335 2082 333313
1347 2024 1492 2094 superiori
1506 2023 1536 2078 in
1558 2027 1680 2094 utraque
1691 2022 1820 2078 editione

75 2182 84 2193 ,
117 2116 181 2186 bus,
204 2117 297 2173 ltomae
326 2119 482 2189 presertim
509 2119 686 2179 constitutis.
713 2118 890 2188 Quocunque
912 2126 941 2170 se
996 2112 1609 2183 3333333333113133333111331111313313,
1626 2117 1750 2168 attamen
1766 2124 1821 2167 no-

117 2210 258 2262 333133331
272 2206 314 2277 pii
329 2208 493 2278 scriptores,
513 2207 698 2265 incurrebant
712 2210 742 2266 in
757 2222 855 2267 eorum
869 2225 942 2268 ocu·
996 2203 1055 2260 bile
1065 2203 1237 2272 archetypam
1256 2216 1311 2259 non
1332 2208 1536 2273 spectaremus,
1557 2201 1615 2256 nisi
1631 2201 1726 2257 homae
1746 2214 1822 2270 praa-

116 2293 161 2351 los
172 2295 342 2366 epigraphes
355 2297 555 2367 donationum,
573 2298 685 2354 indices
709 2297 875 2371 fundorum,
892 2301 942 2357 in·
996 2296 1139 2349 servatum
1165 2288 1269 2347 fuisset
1283 2291 1420 2348 beneflcio
1441 2290 1535 2348 Fulvii
1560 2291 1658 2347 Ursini
1682 2289 1818 2360 primum,

23 2377 29 2387 '
117 2383 226 2453 scripta
246 2384 376 2455 donaria,
403 2389 431 2440 et
458 2400 528 2441 usus
555 2386 648 2441 1313113
663 2395 807 2457 occupatae
835 2389 865 2443 in
895 2389 943 2445 his
995 2381 1099 2437 deinde
1127 2380 1375 2438 excellentissimae
1402 2380 1567 2452 burgbesio
1592 2380 1715 2437 domus:
1737 2381 1821 2450 cujus

117 2472 328 2542 percenseodis.
349 2472 423 2542 Quid
446 2486 513 2544 ergo
527 2473 663 2529 haberent
684 2474 781 2544 potius
805 2488 888 2546 quam
912 2476 940 2533 id
963 2506 966 2510 »
997 2470 1073 2525 inter
1084 2468 1199 2525 cimelia
1214 2469 1331 2526 13311333
1342 2470 1455 2540 jamdiu
1478 2472 1664 2536 asservatum,
1680 2472 1708 2525 et
1732 2482 1822 2540 pecu-

116 2560 267 2619 scribendo
278 2565 421 2632 prestare,
434 2562 509 2633 quod
522 2561 683 2632 aequalibus
698 2578 816 2619 suorum
829 2569 942 2634 tempo-
996 2558 1063 2614 liari
1077 2558 1278 2629 conceptaculo
1302 2558 1458 2628 inclusum,
1477 2571 1534 2615 333
1552 2557 1691 2615 33133113
1711 2557 1820 2630 insigni

117 2664 179 2709 rum
196 2650 306 2720 placere
321 2651 504 2722 potissimum
517 2652 748 2724 cognoscebant?
761 2651 835 2721 Quid
854 2654 941 2710 etiam
997 2648 1169 2705 numismate
1183 2647 1363 2705 Constantini
1377 2648 1471 2721 llagni
1486 2649 1531 2719 lll,
1559 2652 1586 2704 et
1605 2660 1665 2703 erc.
1687 2647 1821 2717 princeps

116 2739 151 2797 ad
165 2739 248 2795 tidem
270 2739 400 2795 historia
413 2754 471 2796 suae
494 2740 745 2797 commendandam
769 2742 941 2814 diligentius
995 2736 1261 2793 hlarcushntonius
1276 2750 1367 2807 nuper
1381 2737 1517 2808 ostendit,
1531 2738 1600 2793 dum
1616 2749 1667 2806 pro
1678 2735 1820 2808 singulari

116 2831 359 2896 consectarentur,
383 2841 467 2899 quam
487 2834 519 2884 ut
531 2841 563 2884 ea
582 2829 750 2900 colligerent
774 2844 837 2901 1133
858 2844 938 2888 com·
955 2805 981 2867 Β
996 2825 1071 2896 quod
1085 2824 1193 2895 hausit,
1208 2838 1339 2882 unacum
1353 2826 1492 2895 majorum
1503 2825 1651 2897 sanguine,
1669 2823 1822 2895 religionis

118 2916 232 2989 probari
248 2921 291 2973 tot
306 2916 432 2987 publicis
450 2917 630 2974 documentis
653 2932 736 2975 nemo
752 2932 808 2975 nou
824 2919 940 2976 rideati
995 2915 1093 2971 studio
1103 2920 1131 2970 31
1144 2915 1292 2983 doctriua,
1309 2915 1366 2971 sibi
1380 2914 1548 2970 simillimos
1566 2913 1673 2970 liberos
1692 2913 1820 2984 exemplo

116 3004 254 3062 ductores
268 3006 466 3078 catalogorum
490 3019 525 3062 ex
547 3006 654 3078 quarti,
679 3008 786 3079 quinti,
811 3009 938 3065 33333111
994 3004 1085 3075 docet,
1109 3010 1141 3062 ut
1164 3018 1198 3060 ex
1220 3005 1353 3062 universa
1372 3011 1399 3061 31
1415 3005 1498 3076 plane
1514 3004 1591 3076 regia
1610 3017 1729 3060 avorum
1753 3016 1819 3076 gaza

116 3093 214 3151 sacculi
240 3096 433 3151 monumentis
448 3096 675 3168 chronologiam,
695 3097 891 3154 successiones
912 3101 940 3153 31
996 3094 1074 3152 illam
1084 3093 1235 3164 praeleraut
1246 3101 1363 3167 partem,
1379 3110 1443 3166 3313
1453 3094 1661 3153 cultumanimi
1676 3100 1821 3165 promovet

116 3196 212 3240 sacras
224 3184 622 3257 ordinationesdigesserant.
642 3186 758 3242 Decreta
773 3199 828 3243 333
849 3187 939 3243 multa
995 3184 1026 3240 in
1042 3188 1164 3255 utraque
1180 3198 1213 3241 33
1236 3184 1403 3256 disciplina.
1427 3184 1593 3256 Opportune
1609 3197 1674 3240 vcro
1697 3182 1823 3256 contigit

117 3271 310 3342 protulerunt,
328 3274 439 3343 quoad
454 3287 538 3330 usum
550 3273 677 3347 catalogi
691 3275 738 3331 vix
749 3275 939 3346 pertinebant.
996 3275 1078 3346 quasi
1094 3278 1255 3331 reservatus
1271 3274 1339 3331 huic
1353 3280 1456 3332 nostrae
1471 3273 1593 3330 editioni
1615 3273 1736 3329 iteratus
1748 3285 1820 3329 con-

114 3359 154 3415 113
165 3365 259 3416 tamen
269 3360 406 3432 colligere
422 3366 577 3432 potuerunt
592 3363 747 3433 scriptores
768 3364 891 3435 proximi
907 3378 942 3420 ex
995 3367 1110 3432 spectus
1129 3364 1250 3432 nummi,
1266 3370 1297 3419 ut
1319 3363 1348 3420 13
1368 3377 1401 3420 33
1415 3363 1623 3435 quodammodo
1639 3362 1822 3418 intuerentur

114 3446 196 3505 Actis
214 3448 417 3520 conciliorum,
439 3463 472 3506 33
488 3451 615 3508 archivis
630 3451 749 3509 11313331
771 3452 941 3522 patriarchii
996 3451 1117 3509 lectores
1132 3451 1183 3507 331
1196 3451 1427 3508 Constantiniani
1443 3451 1553 3523 aequale
1567 3451 1778 3521 testimonium,
1793 3453 1822 3506 et

115 3542 143 3594 31
163 3538 311 3608 pontidcia
337 3537 522 3596 bibliotheca.
552 3542 616 3596 1133
630 3542 707 3597 3313
734 3541 795 3598 1333
815 3542 942 3613 patuisse
997 3541 1140 3598 vindicias
1154 3554 1250 3598 rerum
1260 3556 1295 3598 ex
1310 3541 1438 3614 publicis
1449 3541 1630 3598 documentis
1648 3540 1747 3597 codem
1764 3552 1822 3595 33-

115 3626 308 3698 scriptoribus
320 3628 410 3685 octari
422 3641 455 3685 ac
470 3629 537 3687 noni
551 3631 661 3701 saeculi,
680 3630 731 3702 qui
744 3629 941 3688 collectionem
996 3630 1062 3688 culo
1078 3630 1107 3686 in
1118 3630 1458 3704 catalogosdigcstarum,
1473 3635 1505 3687 ut
1517 3643 1551 3686 ex
1563 3629 1702 3702 catalogis
1720 3627 1821 3684 Eccle-

116 3715 190 3772 hanc
213 3716 362 3787 claudunt,
388 3716 539 3774 manilesla
560 3721 724 3788 conjectura
738 3721 893 3778 deducitur
907 3735 941 3777 ex
995 3718 1046 3776 siae
1058 3719 1088 3775 in
1103 3721 1183 3777 Vitas
1198 3720 1365 3790 pontidcum
1381 3719 1504 3777 subinde
1517 3718 1752 3776 transferrentur.
1765 3718 1820 3773 Nu-

116 3802 656 3864 33111333333311331313331131313313
671 3813 699 3863 31
713 3808 748 3864 ab
758 3810 941 3867 Emmanuele
995 3808 1139 3866 mismatis
1154 3809 1245 3882 ligura
1255 3813 1409 3880 repetatur.

115 3890 316 3948 schelestratic
331 3893 490 3965 perpensis,
510 3896 793 3966 quemadmodumex
810 3898 942 3955 minuto-
1030 3900 1061 3953 ln
1074 3898 1168 3954 antica
1184 3902 1264 3968 parte
1274 3897 1510 3969 nummicrispus
1518 3897 1611 3954 Cesar
1624 3900 1820 3968 pectoretenus

117 3995 179 4038 rum
195 3981 336 4038 donorum
351 3983 518 4040 recensione
529 3985 712 4055 perspicuum
725 3985 756 4041 dt
775 3985 846 4042 hanc
857 3986 942 4043 nobis
995 3987 1178 4057 exprimitur,
1209 3987 1355 4044 laureatus
1373 3985 1450 4058 (licet
1474 3986 1549 4043 13331
1572 3985 1645 4042 13113
1673 3998 1729 4042 333
1749 3984 1820 4042 satis

116 4068 207 4128 fuisse
217 4069 253 4125 ab
264 4068 303 4126 113
313 4076 509 4140 praeornatam
521 4085 556 4128 ex
571 4072 684 4129 oculata
699 4073 877 4144 inspectione
894 4089 943 4131 33-
996 4075 1168 4145 expresserit
1179 4075 1339 4133 delineator
1352 4089 1369 4133 a
1384 4076 1505 4132 Baronio
1517 4073 1676 4146 adbibitus)
1692 4079 1821 4145 331333-

117 4171 180 4215 rum
207 4157 375 4230 plerumque
401 4159 606 4231 inscriptorum
631 4162 767 4218 memoria
788 4162 939 4235 donantis,
955 4139 981 4203 (ἶ
995 4168 1053 4235 133,
1065 4165 1222 4235 scipionem
1233 4165 1388 4223 eburneum
1399 4164 1520 4222 31313133
1536 4170 1644 4236 133333,
1660 4163 1708 4220 331
1721 4162 1820 4235 333113

116 4247 274 4304 1313311313
289 4261 323 4304 331
336 4249 484 4306 iudicibus
496 4264 589 4308 rerum
603 4250 755 4308 mobilium
766 4257 794 4308 et
804 4252 943 4310 immobi-
994 4254 1123 4311 demone
1147 4255 1268 4322 insistit,
1295 4255 1439 4311 dexteram
1463 4267 1529 4310 vero
1543 4258 1670 4324 apertam
1695 4251 1819 4320 elevans,

115 4333 188 4391 lium
200 4339 407 4409 tumtemporis
418 4340 582 4409 custoditis,
596 4345 624 4397 et
634 4341 663 4396 in
675 4341 791 4410 publiea
802 4355 942 4399 marmora
996 4349 1130 4415 tanquam
1147 4349 1262 4414 pacator
1280 4350 1309 4401 et
1334 4343 1537 4415 triumphator.
1564 4342 1646 4399 Circa
1672 4347 1820 4412 protomen

115 4439 190 4496 saepe
205 4427 368 4484 translatis:
386 4429 430 4485 311
441 4429 601 4488 luculenter
616 4432 765 4502 probatum
777 4432 867 4488 tuisse
879 4445 944 4489 con·
996 4433 1245 4507 legunturlitterae
1253 4442 1395 4493 consuetae
1408 4434 1546 4491 ClilSPUS
1559 4431 1680 4489 NOBilis
1691 4431 1819 4488 chusar.

117 4513 174 4572 ildo
188 4519 231 4572 tot
256 4530 290 4573 ex
303 4520 505 4591 monumentis,
520 4525 584 4591 post
599 4521 711 4592 longam
727 4521 830 4578 seriem
845 4521 939 4578 decem
996 4526 1065 4580 1333
1079 4524 1196 4582 adversa
1214 4526 1304 4583 multo
1327 4532 1371 4583 est
1390 4528 1586 4596 praestantior:
1603 4524 1721 4582 exhibet
1744 4523 1820 4579 enim

117 4605 288 4661 3333133333
298 4607 374 4662 31311
391 4612 495 4666 333133
508 4607 631 4666 feliciter
645 4610 832 4680 praeservatis.
994 4614 1248 4687 sirumbarbatum
1261 4617 1404 4672 sedentem
1415 4615 1572 4674 interduos
1579 4617 1703 4673 cesares
1713 4618 1822 4670 3133133

152 4693 215 4750 llaec
230 4694 320 4766 igitur
332 4697 428 4753 omnia
441 4698 513 4754 satis
527 4699 734 4769 commendant,
751 4705 784 4755 ut
800 4713 852 4771 ego
866 4699 940 4756 arbi·
994 4709 1023 4760 et
1034 4710 1149 4761 ornatos
1165 4704 1265 4761 babitu
1278 4702 1399 4761 militari
1412 4719 1477 4760 cum
1494 4705 1587 4761 hastis
1598 4705 1689 4775 puris.
1701 4703 1764 4759 Viri
1781 4715 1822 4758 sc-

118 4785 187 4854 tror,
204 4785 402 4840 auctoritatem
417 4785 536 4856 hujusce
552 4785 629 4843 Libri
638 4787 824 4858 Pontidealis,
835 4800 867 4844 ea
879 4801 940 4858 pro
993 4794 1090 4851 dentis
1106 4808 1184 4850 coma
1206 4793 1325 4850 detonsa
1342 4794 1434 4849 estad
1455 4806 1555 4866 aures,
1572 4792 1661 4850 barba
1679 4806 1735 4849 non
1750 4792 1821 4863 qui-

116 4871 249 4929 ducentis
267 4886 316 4943 per
332 4873 463 4945 singulas
482 4880 587 4946 aetates,
606 4891 668 4948 333
679 4877 762 4947 juxta
780 4881 939 4948 temporum
993 4882 1056 4939 dern
1072 4882 1193 4952 prolixa,
1210 4881 1258 4937 sed
1273 4880 1393 4951 plenior,
1409 4888 1437 4937 et
1449 4882 1552 4952 crispae
1564 4881 1702 4950 similior,
1724 4882 1821 4953 qualis

118 4959 234 5017 illorum
262 4977 344 5019 usum
360 4976 392 5019 ac
407 4963 577 5021 documenta
596 4965 632 5021 ab
652 4965 785 5024 Ecclesiae
805 4967 938 5038 notariis,
994 4971 1123 5029 cernitur
1137 4971 1166 5027 in
1185 4969 1306 5026 vetustis
1324 4970 1351 5025 S.
1368 4971 1444 5027 13131
1466 4971 1643 5043 imaginibus
1660 4971 1819 5042 3333331113

119 5046 251 5104 historiis
264 5056 292 5105 31
311 5051 541 5110 bibliothecariis
555 5054 585 5111 in
606 5055 719 5113 litteras
732 5055 936 5112 reserebantur.
994 5061 1126 5131 musivis,
1142 5067 1170 5117 et
1184 5059 1213 5116 iu
1233 5060 1417 5131 sarcophagis
1431 5060 1564 5131 vasisque
1589 5061 1680 5117 sacris
1691 5061 1821 5130 ejusdem

152 5132 197 5192 53.
218 5135 381 5194 1331311331
406 5143 520 5198 modum
541 5145 695 5215 imponam,
713 5145 770 5201 imo
789 5152 817 5200 et
838 5147 940 5218 signa·
995 5149 1089 5222 quarti
1101 5148 1209 5205 saeculi.
1224 5149 1344 5204 11331333
1360 5163 1461 5207 manus
1475 5150 1562 5218 hujus
1583 5150 1725 5222 dguraead
1741 5150 1822 5207 bene

117 5225 214 5324 culum
225 5238 364 5296 apponam
379 5228 413 5297 (si
439 5229 481 5285 ias
495 5239 537 5287 est
556 5232 661 5303 dicere)
676 5232 873 5292 observatione
886 5251 939 5294 nu·
993 5240 1146 5297 dicendum
1154 5237 1290 5309 elevatur,
1302 5238 1417 5294 interis
1425 5238 1565 5309 tantisper
1579 5239 1820 5310 articulisquarti

119 5314 271 5412 mismatis,
286 5315 361 5385 quod
381 5316 443 5385 ejus
458 5316 545 5375 133311
567 5321 602 5376 de
626 5320 771 5377 industria
793 5324 939 5393 praedium
994 5336 1022 5386 et
1037 5329 1133 5401 quinti
1147 5327 1233 5400 digiti
1249 5341 1326 5384 more
1338 5328 1602 5386 EcclesiaeLatinae:
1618 5329 1740 5387 sinistra
1754 5344 1822 5387 nero

118 5399 175 5457 lmt
186 5419 198 5502 ς.
210 5415 266 5459 333
281 5413 338 5460 tam
356 5408 387 5459 ut
408 5404 587 5463 imitaremur
604 5408 759 5466 editionem
772 5410 909 5484 Fabrotti,
925 5427 942 5471 a
996 5420 1104 5476 hastam
1121 5423 1206 5485 tenet,
1219 5417 1267 5474 cui
1280 5417 1442 5474 venerabile
1460 5419 1556 5476 crucis
1568 5421 1683 5492 signum
1696 5434 1821 5490 superne

119 5495 291 5547 numismate
314 5505 395 5549 sacro
410 5494 551 5564 auspicati
576 5500 708 5567 paginam
733 5499 865 5572 primam,
889 5500 974 5563 ubil]
996 5507 1135 5580 inigitur.
1146 5505 1397 5563 Circumiunditur
1410 5508 1498 5579 capiti
1520 5509 1637 5565 nimbus
1652 5509 1819 5574 circularis,

117 5577 216 5635 331133
238 5583 379 5651 expressit
400 5583 447 5639 ss.
474 5584 668 5655 apostolorum
699 5587 774 5644 Petri
794 5595 822 5647 et
844 5592 937 5669 Pauli,
992 5596 1106 5667 corpori
1127 5608 1192 5653 nero
1217 5594 1315 5653 tunica
1334 5602 1363 5652 31
1386 5596 1515 5667 pallium.
1543 5597 1700 5654 salvatoris
1726 5600 1818 5656 333131
