3892 6136
123 297 194 359 l505
518 298 677 357 HISTORIA
696 300 741 357 DE
759 298 847 357 vrrts
864 297 949 356 ΙιΟιι.
969 294 1071 355 honr.
1090 326 1125 340 -·
1143 298 1172 354 S.
1192 299 1417 361 nahcfllnhbs.
1759 301 1830 364 libb

120 423 173 480 Sed
188 423 293 479 lterum
305 422 384 492 prior
394 423 515 494 questio
525 424 652 481 animum
665 423 771 499 pulsat,
781 427 809 479 et
819 421 947 492 exponia
960 420 991 482 A
1003 432 1118 490 quoque
1129 420 1164 477 de
1177 421 1321 492 baptismo
1333 435 1395 494 cap.
1406 419 1433 491 5,
1447 422 1579 481 initiatos
1592 422 1683 481 inisse
1691 437 1743 508 per
1752 424 1826 482 lara·

122 495 208 550 nobis
230 494 364 565 postulat,
381 495 451 565 quid
472 497 584 553 demum
600 508 750 552 commune
764 508 828 551 cum
844 507 948 565 snper·
1002 504 1083 547 crum
1107 493 1342 562 commemorati:
1363 498 1392 550 ut
1414 494 1438 549 si
1461 494 1555 551 adhuc
1582 496 1700 552 memini
1720 496 1826 553 Mithra

121 567 249 622 stitiosis
259 566 440 622 ethnicorum
452 568 574 637 jejuniis
586 566 701 622 haberet
711 565 948 623 abstinentiahla·
1002 563 1098 634 signat
1111 564 1174 621 illic
1188 566 1216 620 in
1231 565 1377 622 irontibns
1392 564 1501 621 milites
1512 580 1590 636 suos,
1606 566 1729 624 celebrat
1742 568 1827 637 panis

124 638 311 705 nichaeorum,
328 638 368 694 ita
384 646 415 695 ιιι
430 638 592 707 Μιιιιιιιιιι,
610 640 694 708 quasi
707 637 850 694 divinanti
865 636 949 694 intn-
1002 633 1187 704 oblationem,
1210 644 1237 691 et
1252 638 1407 710 imaginem
1428 638 1650 694 resurrectionis
1673 638 1780 708 induit,
1796 645 1826 695 ot

122 721 181 763 rarn
196 708 382 775 calumniam,
395 710 609 780 precavendum
624 708 949 778 lueritdecreto,exulu·
1002 705 1056 761 sub
1079 705 1173 777 gladio
1195 708 1312 764 redimit
1325 722 1470 765 coronam.
1494 707 1529 764 Ut
1549 723 1614 765 vero
1635 709 1826 766 Eucharistiae

121 780 207 835 dente
219 780 294 835 diem
311 780 485 837 Dominicam
499 787 527 837 et
541 781 672 851 quintam
686 780 786 836 leriam
798 793 814 834 a
825 779 947 836 solemni
1003 778 1097 848 imago
1113 777 1292 836 luculentius
1312 779 1536 836 adumbraretur
1548 782 1640 850 punis,
1659 785 1684 834 ιι
1696 782 1827 850 poculum

122 850 331 906 catholicorum
345 852 468 921 jejunio,
483 865 517 908 ne
531 853 716 908 crederentur
728 866 761 907 ex
778 850 948 908 manicheo-
1001 864 1080 917 uque
1099 849 1266 919 ponebatur,
1287 851 1375 905 verbis
1395 851 1560 920 quibusdum
1579 852 1698 917 additis,
1721 852 1763 908 nti
1787 864 1829 908 re·

122 935 185 978 rum
199 922 345 977 institutis
352 923 491 993 jejunare.
508 922 673 993 Opportune
688 925 818 994 suggerit
832 934 947 978 cansam
1003 918 1057 975 lert
1070 921 1202 977 lustinus
1223 928 1338 993 martyr.
1362 922 1481 993 apolog.
1502 919 1529 992 ι,
1552 936 1615 995 pag.
1635 921 1671 979 98
1689 922 1750 979 edit
1768 922 1824 979 Gt..

120 992 239 1049 cautelae
253 1000 313 1048 tum
326 995 464 1063 temporis
478 996 645 1051 necessarie
660 996 798 1065 impressa
809 1007 864 1049 non
878 991 949 1049 mul·
1002 991 1093 1047 Paris,
1113 990 1192 1048 idib.
1207 1011 1221 1042 s

120 1069 165 1121 tos
175 1070 241 1120 ante
252 1066 486 1121 annoshrclietal
498 1067 625 1136 episcopi
638 1066 799 1136 disputatio
810 1065 947 1120 adversus
1035 1062 1159 1119 Omissis
1182 1069 1275 1119 tamen
1293 1064 1340 1134 iis,
1357 1078 1420 1135 qum
1435 1065 1469 1120 ad
1490 1068 1731 1121 sacramentorum
1754 1063 1827 1121 imi-

120 1138 268 1205 ltanetem,
285 1135 366 1191 illius
379 1143 462 1192 secte
477 1142 633 1204 auctorem,
647 1139 676 1193 in
688 1137 869 1192 collectaneis
882 1148 948 1190 rno-
1001 1133 1135 1189 talionem
1151 1135 1319 1205 sacrilegam
1336 1136 1490 1206 pertinent,
1508 1135 1716 1206 properandum
1732 1136 1825 1193 estad

121 1215 324 1264 numentorum
337 1208 470 1265 Ecclesiae
479 1208 583 1264 Graecae
596 1213 681 1278 atque
694 1208 799 1263 Latine
809 1213 870 1263 tum
884 1206 947 1275 pri-
1000 1216 1043 1271 eu,
1057 1219 1120 1274 que
1131 1205 1244 1261 blithre
1256 1206 1391 1271 cnllores,
1405 1214 1433 1262 et
1446 1207 1522 1262 inter
1535 1207 1587 1263 hos
1598 1206 1747 1262 llanichei
1759 1219 1825 1263 cnm

121 1291 198 1333 mum
209 1276 298 1333 editis
312 1292 376 1334 curn
390 1279 516 1335 eruditis
529 1278 778 1335 observationibus
790 1292 806 1334 ι
818 1281 946 1333 Lauren-
1002 1278 1124 1345 proprie
1139 1284 1222 1331 secte
1238 1286 1353 1333 anctore
1368 1278 1481 1333 blithre
1493 1279 1586 1334 sacris
1602 1279 1729 1343 initiato,
1743 1277 1827 1347 ejus-

120 1348 162 1404 ιιι
176 1349 342 1419 zaccagnio,
361 1370 373 1402 ι
389 1351 521 1406 doctrina
536 1357 565 1406 et
579 1351 730 1423 omnigena
745 1349 947 1405 ecclesiastice
1001 1360 1056 1416 que
1079 1347 1149 1405 idoli
1173 1349 1321 1412 sacerdote,
1345 1362 1377 1404 ac
1401 1349 1489 1415 sudio,
1521 1350 1559 1404 ita
1585 1348 1776 1419 peragebant3
1794 1353 1826 1405 ut

119 1419 946 1492 eruditionisperitiapraeiecturambibliothecaelaticane
1000 1420 1155 1475 carendum
1170 1418 1260 1475 luerit
1273 1421 1386 1476 decreto
1399 1420 1579 1487 melchiadis,
1598 1433 1631 1475 ne
1643 1420 1754 1488 jejunia
1770 1433 1822 1475 no-

120 1492 290 1560 promerito:
303 1510 316 1541 r
327 1507 384 1618 guo
394 1493 488 1565 elogio
500 1495 591 1550 virum
606 1493 748 1549 illustrem
761 1493 947 1563 prosequitur
1000 1494 1058 1545 stra
1074 1504 1139 1545 cum
1154 1493 1318 1547 eorumdem
1338 1491 1526 1555 abstinentiis
1545 1491 1712 1547 viderentur
1726 1503 1824 1547 conve·

119 1561 302 1619 clarissimus
314 1577 330 1618 a
344 1566 490 1619 teretatis
504 1570 608 1620 nostre
624 1565 748 1634 scriptor
765 1564 946 1633 Philippusa
1001 1562 1073 1615 nire.
1086 1561 1114 1616 S.
1128 1561 1286 1632 Gregorius
1302 1563 1497 1618 Nazianzenus
1511 1566 1583 1616 orat.
1599 1560 1617 1618 3
1631 1563 1661 1616 in
1675 1562 1824 1618 lulianum

118 1633 542 1705 Turreepiscopusndriensis,
555 1636 946 1706 interprecipuosomniqne
1000 1644 1064 1703 pag.
1079 1628 1124 1696 77,
1142 1639 1217 1688 tomo
1233 1635 1253 1700 l,
1269 1632 1340 1688 edit.
1365 1633 1453 1689 Paris.
1473 1631 1562 1688 l630:
1582 1653 1595 1684 ι
1618 1635 1647 1688 ln
1669 1634 1760 1688 sacris
1776 1632 1828 1689 lli·

119 1703 251 1760 doctrina
262 1713 378 1761 ornatos
391 1708 488 1763 seculi
505 1708 594 1764 nostri
612 1707 747 1776 presules
759 1713 788 1761 et
800 1708 860 1776 ipse
870 1720 946 1761 cnu-
1000 1702 1499 1774 thraeadhibitosasseritcruclatus,
1507 1705 1670 1774 iustasque,
1681 1705 1825 1761 autetiam

120 1775 284 1831 merandus.
300 1778 329 1832 ln
344 1778 461 1833 dissert.
477 1779 512 1835 de
526 1778 631 1834 Mithra
645 1791 705 1848 cap.
722 1775 749 1841 5,
767 1790 830 1847 pag.
841 1773 904 1845 boi,
919 1777 945 1833 is
959 1784 983 1845 Β
1000 1775 1134 1844 mysticas
1145 1776 1291 1831 ustiones:
1306 1794 1317 1824 r
1330 1777 1405 1845 quod
1417 1776 1582 1845 comprobat
1595 1774 1697 1844 presul
1708 1774 1827 1832 Adrieu·

119 1845 319 1918 colligebatex
337 1851 486 1905 enuntiato
505 1848 636 1905 hrchelal
651 1848 945 1918 colloquroadversns
999 1845 1040 1900 sis
1062 1859 1124 1916 pag.
1148 1844 1211 1915 ill,
1236 1859 1270 1901 ex
1292 1845 1382 1902 suida
1401 1852 1429 1902 et
1452 1846 1626 1916 porphyrio:
1644 1848 1692 1902 sed
1717 1846 1827 1904 clarius

119 1919 269 1984 llanetem,
288 1918 360 1974 hunc
382 1921 489 1974 Persam
505 1936 538 1974 ιι
557 1920 673 1975 corditio
692 1920 800 1974 Manem
821 1918 944 1987 effectum
999 1915 1128 1972 illustrat
1140 1930 1174 1972 ex
1188 1919 1298 1987 Noono,
1312 1923 1339 1973 et
1353 1932 1388 1974 ex
1402 1918 1500 1975 Niceta
1515 1920 1658 1988 episcopo.
1678 1937 1691 1969 ι
1708 1919 1827 1975 Nonnus

119 1986 276 2044 barbaricae
293 1989 376 2046 illius
392 1991 583 2061 philosophie
597 1991 772 2059 studiosum,
789 2004 853 2060 que
867 1991 943 2060 apud
997 1987 1064 2058 (non
1079 1988 1158 2045 Elias
1172 1988 1326 2055 Cretensis,
1344 1995 1375 2046 ut
1391 1989 1463 2046 male
1478 1989 1548 2045 citat
1562 1989 1700 2046 Barthius
1713 1989 1748 2046 ad
1759 1991 1826 2045 Sta-

119 2073 188 2115 suos
212 2060 364 2129 populares
378 2062 500 2134 rigebat,
522 2062 698 2118 addidicisse
714 2073 824 2117 errores
838 2063 945 2117 Zoroa-
1000 2059 1035 2114 tii
1051 2058 1144 2115 locum
1162 2060 1191 2114 in
1208 2060 1262 2116 line
1274 2060 1341 2116 libri
1358 2062 1444 2131 primi
1459 2060 1629 2130 Thebaidos,
1645 2061 1731 2115 Adsis
1746 2076 1761 2114 o
1775 2075 1832 2116 me·

118 2131 190 2186 stris
201 2137 228 2187 et
239 2145 396 2203 magorum,
409 2147 508 2203 nempe
519 2134 724 2197 soliscultum,
738 2132 944 2205 palingenesim
998 2146 1057 2185 mor
1076 2131 1197 2202 hospitii)
1216 2138 1364 2187 enumerat
1384 2131 1497 2188 Gmdns
1520 2137 1727 2189 tormentorum
1749 2135 1827 2187 octo-

118 2201 291 2269 animarnm,
308 2203 365 2260 duo
382 2206 482 2262 mundi
499 2205 651 2275 principia,
670 2207 776 2272 honum,
794 2217 826 2260 ac
841 2205 944 2260 motem
998 2204 1085 2270 piato,
1104 2202 1212 2272 quibus
1228 2201 1366 2273 probandi
1385 2207 1466 2258 erant
1483 2204 1515 2274 li,
1532 2204 1582 2274 qui
1606 2203 1719 2258 llithme
1734 2201 1827 2260 sacris

117 2275 236 2341 genium,
251 2279 279 2330 et
291 2274 457 2344 huiusmodi
468 2289 598 2332 errorum
611 2282 757 2346 portenta:
772 2290 834 2346 que
848 2276 946 2332 invol·
1000 2272 1203 2329 initiabantur.
1224 2274 1338 2329 Nicetes
1353 2274 1507 2345 episcopus
1526 2275 1602 2344 opud
1618 2275 1748 2331 eumdem
1764 2275 1825 2329 Na-

117 2345 218 2413 uenda,
235 2350 262 2401 et
276 2347 486 2405 commiscenda
499 2348 626 2416 suscepit
638 2347 771 2403 distortis
785 2347 902 2415 ritibus,
916 2351 945 2403 et
998 2346 1164 2401 ziauzenum
1179 2347 1344 2415 expressius
1358 2354 1484 2401 recenset
1498 2346 1545 2401 his
1557 2345 1670 2402 uerbis:
1685 2366 1698 2399 r
1713 2347 1745 2401 ln
1761 2345 1826 2430 ipso

117 2415 215 2486 dictis,
228 2417 482 2476 etlhristianorum
494 2418 945 2502 librisasediligeutercouqni-
999 2415 1179 2487 probationis
1200 2418 1331 2487 ingressu
1355 2429 1403 2486 per
1422 2416 1636 2490 qninquaginta
1656 2423 1731 2473 totos
1748 2416 1822 2488 dies,

118 2486 205 2554 sitis,
220 2493 251 2543 ut
266 2500 353 2544 nouas
369 2489 490 2546 hereses
503 2503 537 2547 ex
554 2489 781 2559 precedentibus
795 2490 944 2562 compagi·
997 2499 1045 2542 eos
1059 2485 1147 2542 terme
1158 2490 1300 2555 cruciant,
1317 2488 1420 2544 deinde
1430 2487 1576 2544 duosdies
1591 2488 1689 2561 flagris
1700 2487 1825 2559 cedunt,

119 2562 209 2613 naret.
220 2559 344 2615 Paterne
355 2573 421 2616 vero
432 2562 650 2632 superstitionis
661 2562 942 2630 praecaeteristeoox,
998 2558 1101 2614 lumin
1118 2558 1210 2613 nivem
1225 2559 1330 2630 viginti
1344 2558 1407 2614 dies
1424 2558 1605 2632 immergunt.
1624 2576 1637 2610 s

119 2628 229 2685 cultum
247 2629 323 2701 ignis
339 2645 371 2687 ac
393 2632 464 2687 solis
481 2631 624 2701 professae,
641 2632 732 2688 noluit
750 2634 835 2688 etiam
851 2632 944 2688 sacris
1031 2630 1067 2683 ht
1080 2630 1110 2684 in
1125 2631 1224 2685 codice
1235 2629 1333 2685 Graeco
1348 2631 1557 2698 laurentiane,
1571 2630 1680 2700 scripto
1692 2629 1728 2686 ab
1740 2630 1826 2686 anuis

120 2699 233 2755 blithrae
247 2701 371 2758 initiari.
385 2702 649 2772 Qnarehrchelaus
663 2703 816 2773 episcopus
832 2704 872 2759 ita
888 2703 943 2759 ho·
997 2701 1199 2771 septingentis,
1221 2706 1249 2755 et
1272 2714 1320 2770 per
1344 2700 1376 2755 ll.
1402 2701 1431 2756 C.
1456 2701 1703 2758 blontlauconinm
1727 2701 1826 2758 Latine

119 2772 225 2827 minem
246 2771 425 2842 alloquitur:
444 2794 457 2827 ι
474 2773 595 2830 Barbare
617 2775 750 2830 sacerdos
771 2774 893 2843 ilithrae,
916 2781 944 2831 et
998 2772 1109 2826 reddito
1125 2772 1231 2841 gradus
1246 2771 1392 2841 octoginta
1407 2771 1447 2826 lta
1464 2779 1630 2829 numeratos
1642 2772 1726 2829 nobis
1738 2772 1826 2829 enhi-

119 2841 257 2911 collusor,
271 2844 358 2899 solem
373 2850 482 2900 tantum
498 2846 575 2902 coles
588 2846 723 2902 llithram
738 2845 864 2902 locorum
880 2860 944 2916 my·
997 2841 1045 2898 bet
1059 2856 1121 2913 pag.
1139 2839 1208 2897 ili:
1223 2863 1237 2894 r
1251 2843 1343 2912 liujus
1354 2847 1448 2899 autem
1464 2844 1577 2899 blithrae
1591 2845 1739 2914 mysteriis
1753 2857 1826 2915 quae·

119 2915 258 2970 sticorum
280 2915 517 2981 illuminatorem,
535 2923 567 2972 ut
582 2917 723 2986 opinaris,
739 2924 766 2973 et
781 2917 930 2973 conscium
997 2915 1063 2970 dam
1081 2914 1263 2969 initiationes
1274 2922 1343 2969 sunt
1359 2914 1483 2969 maxime
1497 2914 1572 2982 apud
1592 2914 1752 2970 Chaldaeos.
1768 2915 1825 2985 Qui

119 2985 172 3041 hoc
186 2991 229 3041 est
243 2988 318 3056 qnod
334 2988 408 3057 apud
425 3001 473 3044 eos
494 2988 576 3045 ludes
589 2990 632 3058 (ut
648 2988 741 3045 reddit
760 2988 935 3061 zaccagnius
998 2985 1111 3039 liithrae
1120 2983 1265 3054 mysteriis
1276 2983 1827 3057 initianturquibnsdumceugrndibns

118 3056 179 3111 sive
195 3057 346 3128 ludiuslnt
360 3059 508 3130 legendnm
525 3065 605 3129 putat
617 3060 770 3131 episcopus
782 3059 934 3115 adriensis
997 3058 1146 3110 cruciatus
1162 3054 1278 3125 probari
1301 3053 1452 3109 solebant:
1469 3054 1509 3109 ita
1527 3061 1558 3110 nt
1574 3055 1699 3124 primum
1717 3054 1826 3112 leniore

118 3133 146 3182 et
159 3132 206 3183 tan
230 3142 295 3183 narn
310 3129 426 3202 elegans
441 3133 538 3188 minus
555 3132 668 3214 peragis
682 3132 826 3201 mysteria.
841 3148 855 3181 s
871 3131 942 3186 Tum
957 3125 982 3187 d
998 3137 1145 3194 pirenaeum
1170 3138 1272 3195 genere
1292 3122 1482 3206 allicerentur.
1507 3125 1644 3194 deinceps
1669 3127 1825 3183 veliemen-

118 3144 356 3257 addtt‘laudatus
378 3203 480 3270 praesut
501 3203 660 3258 ederensis.
678 3220 692 3250 ι
711 3203 836 3256 manetes
852 3201 943 3271 igitur
996 3197 1079 3251 tlore.
1096 3194 1224 3277 Exempli
1240 3208 1344 3277 causa:
1361 3195 1454 3264 primo
1467 3196 1627 3252 initiandos
1639 3193 1826 3270 lameulllige·

118 3269 258 3326 Archelao
274 3278 317 3327 est
331 3275 422 3328 miuus
436 3281 465 3328 et
479 3272 580 3338 ludius,
598 3272 648 3342 qul
665 3270 719 3326 sub
739 3269 861 3326 serarum
879 3269 942 3326 lor·
996 3265 1065 3321 bant
1091 3273 1305 3337 quinquaginta
1328 3264 1432 3321 diebus
1469 3280 1502 3321 ac
1525 3267 1552 3322 si
1578 3267 1637 3323 haec
1660 3276 1826 3326 constanter

120 3341 176 3396 mis
199 3353 277 3396 more
299 3341 472 3398 histrionico
495 3343 628 3412 mysteria
648 3340 760 3396 blithrm
781 3339 940 3413 peragebat,
997 3337 1163 3405 tolerarent,
1189 3336 1256 3393 illos
1275 3336 1364 3394 biduo
1386 3307 1457 3393 cedi
1472 3336 1624 3408 curabant,
1640 3352 1673 3395 ac
1687 3339 1824 3409 deinceps

120 3411 196 3467 unde
210 3416 239 3465 et
254 3412 317 3480 eius
332 3412 450 3467 collusor
464 3412 572 3468 dictus.
595 3413 792 3481 conjecturam
811 3411 864 3467 hoc
880 3411 942 3468 loco
996 3408 1092 3464 eodem
1108 3421 1196 3478 poeue
1207 3408 1451 3482 generesingulos
1463 3410 1632 3466 exercebant
1642 3411 1748 3493 viginti
1760 3418 1825 3468 octo

120 3480 233 3542 addam.
251 3482 387 3550 quoniam
404 3483 439 3538 de
453 3485 564 3539 Manete
577 3495 672 3538 sermo
686 3488 738 3538 est.
753 3483 856 3539 Narrat
872 3483 943 3539 ιιι·
996 3478 1117 3537 diebus:
1131 3493 1222 3551 eoque
1237 3487 1319 3549 pacto
1331 3479 1444 3537 cunctis
1458 3482 1648 3551 cruciatibus,
1661 3495 1686 3536 ιι
1703 3482 1753 3552 qni
1770 3481 1824 3537 lni-

120 3551 239 3605 tarchns
251 3553 286 3606 de
299 3552 375 3608 lsidc
388 3559 416 3608 ιι
427 3553 542 3609 Osiride
555 3567 619 3626 pag.
635 3551 697 3619 369,
715 3555 864 3610 Persarum
879 3568 944 3611 ma·
998 3551 1147 3608 tiabantur
1161 3552 1220 3607 hec
1236 3551 1375 3621 patientes
1389 3550 1505 3621 terrent,
1517 3557 1586 3610 tunc
1600 3554 1713 3609 demum
1731 3553 1825 3623 perie-

120 3633 172 3691 gos
184 3622 498 3680 Zoroastrissententiu
509 3625 583 3681 duos
594 3625 663 3681 deos
676 3625 814 3681 statuisse
827 3627 945 3684 interse
998 3623 1090 3679 ctiora
1115 3625 1251 3694 mysteria
1271 3622 1473 3680 edocebantur.
1501 3642 1595 3677 »-r
1616 3625 1646 3680 Sl
1671 3637 1823 3681 nnmerum

119 3695 291 3760 contrarios,
308 3693 467 3762 Orumcmn,
484 3700 513 3751 et
527 3698 713 3762 ammonium,
731 3710 851 3767 quorum
868 3712 945 3755 nnus
1000 3695 1121 3768 colligas
1136 3693 1348 3764 probationum,
1365 3695 1579 3767 quinquaginta
1598 3696 1711 3751 scilicet
1727 3693 1823 3766 lamis,

119 3762 203 3828 mala,
227 3765 300 3819 alter
320 3764 393 3822 hona
415 3766 580 3823 conterret:
599 3768 731 3836 interque
751 3781 799 3824 eos
819 3768 945 3827 medium
1000 3767 1058 3822 duc
1083 3765 1320 3838 flagellationum,
1344 3767 1465 3835 repetito
1486 3766 1584 3822 eodem
1610 3779 1699 3836 pene
1722 3779 1825 3839 genere

118 3833 944 3910 culillithram,quemidcircopruirqr,idestmediatorem,
1001 3836 1826 3910 peraliosvigintiocoodies,ipsosmetoctogintagradus

119 3919 170 3961 seu
192 3907 384 3962 intermedium
402 3909 616 3980 nuncupabant.
632 3912 733 3966 Annon
750 3911 871 3984 igitnra
888 3913 946 3968 lli-
999 3909 1093 3964 Nonni
1116 3909 1319 3979 deprehendes,
1336 3926 1350 3960 ι
1366 3912 1421 3965 ιιι.
1442 3908 1596 3966 Concludit
1619 3912 1670 3966 has
1687 3910 1825 3967 observa·

121 3976 192 4032 thrae
205 3978 403 4036 sacerdotibus
418 3982 527 4037 nelaria
542 3983 663 4038 lilanetis
675 3983 806 4038 doctrina
820 3983 855 4040 dc
868 3984 946 4040 duo-
1000 3980 1093 4037 tiones
1109 3980 1244 4037 laudatus
1260 3980 1363 4052 presul
1378 3980 1539 4050 attendens,
1554 4001 1567 4034 ι
1585 3981 1732 4036 Presidem
1747 3982 1826 4054 ignis

119 4046 175 4105 bus
191 4048 355 4120 principiis,
373 4065 430 4107 uno
444 4051 530 4121 bono,
545 4053 635 4109 altero
651 4053 725 4109 malo
744 4054 837 4124 duxit,
858 4068 943 4125 quam
999 4051 1104 4108 terreni
1117 4065 1179 4108 esso
1192 4052 1327 4108 Mithram
1341 4064 1392 4109 seu
1406 4052 1508 4118 Solem,
1522 4053 1572 4124 qul
1588 4065 1651 4110 eum
1664 4056 1823 4123 conservat,

121 4120 246 4245 grippum
270 4120 453 4192 Schytianus,
476 4123 581 4180 deinde
603 4123 805 4193 Terebintbus,
827 4139 843 4182 e
859 4125 944 4195 cujus
998 4130 1026 4179 ιι
1041 4121 1125 4193 ιοιιι,
1142 4124 1186 4180 ιιι
1202 4130 1341 4196 putarunt
1361 4130 1478 4189 veteres,
1496 4125 1619 4181 maximo
1634 4126 1732 4181 Persae.
1748 4122 1826 4193 Quos

134 4189 206 4246 rhrrs
228 4193 322 4248 blanes
345 4193 407 4263 ipse
430 4194 537 4262 hausit,
562 4195 618 4265 ipsi
638 4196 944 4254 docueruntillithra
1000 4195 1067 4251 inde
1081 4195 1122 4250 uil
1139 4196 1244 4252 mirum
1266 4196 1393 4265 eiusdem
1418 4195 1496 4267 ignis
1510 4195 1621 4252 cultum
1639 4197 1775 4255 retulisse
1789 4196 1824 4253 ad

120 4266 195 4317 certe
210 4262 285 4319 bens
300 4262 350 4319 ille
367 4265 502 4321 mediator
523 4266 597 4322 idem
619 4273 662 4322 est
679 4281 713 4324 ac
733 4283 837 4334 murus,
859 4281 944 4340 quem
999 4280 1083 4323 sunm
1098 4267 1258 4337 presidem,
1273 4273 1302 4322 et
1314 4272 1556 4335 conservatorem,
1571 4266 1664 4323 Solem
1678 4267 1823 4337 videlicet,

121 4330 228 4388 ierebat
253 4335 351 4391 Manes
374 4335 576 4394 intermedium
602 4338 677 4394 inter
701 4337 807 4395 bonnm
832 4347 860 4396 et
881 4353 945 4397 ma·
1000 4351 1050 4394 seu
1064 4338 1207 4394 hiltbram.
1224 4337 1829 4409 rohservatetlanexaugusttno,.ltani‹
1891 4345 1897 4367 ·

122 4402 201 4459 lum:
225 4404 261 4460 de
283 4418 339 4475 quc
362 4406 391 4461 in
416 4416 570 4464 memorata
593 4409 790 4480 disputatione
811 4409 944 4467 Archelai
999 4409 1093 4465 cheos
1108 4408 1259 4479 profanare
1279 4416 1410 4465 assuetos
1424 4410 1522 4466 omnia
1542 4409 1708 4465 Christiana
1722 4422 1824 4467 sacra-

122 4488 185 4545 pag.
208 4471 253 4530 39.
277 4477 365 4559 l'orro
386 4478 591 4537 terebinthum
611 4495 663 4537 seu
686 4481 810 4538 buddam
833 4495 985 4574 sermo-D
1001 4485 1094 4536 menta
1107 4481 1322 4550 superstitiosis
1343 4481 1406 4536 suis
1425 4479 1571 4550 mysteriis
1585 4492 1620 4534 ex
1636 4491 1735 4535 eorum
1751 4480 1825 4537 duce

121 4558 184 4601 nem
197 4544 333 4604 babuisse
344 4548 380 4605 de
389 4549 503 4606 dnobus
516 4551 671 4621 principiis
683 4566 746 4609 curn
758 4553 870 4609 lllthre
880 4553 946 4610 edi·
999 4554 1118 4613 Manete.
1132 4552 1245 4607 ntturae
1257 4551 1348 4607 sacris
1362 4550 1490 4611 initiato,
1507 4548 1579 4605 hauc
1591 4550 1677 4605 etlam
1692 4549 1822 4620 blasphe-

121 4617 231 4699 tuis,·et
247 4619 445 4676 sacerdotibus
460 4619 547 4677 reiert
557 4622 736 4692 Epiphanius
756 4623 855 4681 heresi
866 4624 946 4682 dude
1000 4623 1084 4678 mian
1099 4621 1260 4690 collegisse,
1274 4626 1306 4677 nt
1318 4620 1465 4676 Christum
1478 4619 1631 4676 Dominum
1646 4621 1737 4678 sulem
1750 4634 1822 4692 esse,

120 4688 297 4756 manicheis,
310 4690 427 4747 nnm.3.
437 4709 451 4743 ι
462 4693 829 4752 llisadditeruditissimus
840 4695 944 4766 praesnt
999 4707 1049 4750 seu
1061 4693 1195 4749 llithram
1212 4697 1354 4762 putarent.
1369 4711 1383 4745 ι
1398 4693 1458 4748 lrno
1473 4690 1621 4747 llauichei
1638 4691 1745 4763 (iuquit
1758 4705 1821 4766 pag.

120 4759 344 4842 descriptionem
362 4764 445 4828 ritus,
465 4776 522 4834 quo
535 4765 697 4821 sacerdotes
711 4766 824 4823 llithrae
838 4769 947 4825 anima·
998 4763 1071 4847 art),
1097 4776 1219 4834 quorum
1243 4762 1396 4832 netarium,
1418 4763 1520 4820 ducem
1542 4761 1655 4819 llitlnre
1674 4764 1823 4822 addictum

121 4829 194 4885 lrurn
208 4830 945 4905 ngurasinduebantsupersthmsolavacromundati
999 4836 1135 4904 vidimus,
1149 4834 1241 4891 Solem
1255 4836 1305 4906 qui
1321 4834 1434 4891 llitbre
1447 4841 1491 4892 est
1506 4834 1663 4906 ipsummet
1674 4834 1823 4892 Christum

120 4900 155 4956 ad
172 4902 333 4960 animarum
352 4906 632 4979 transmigrationem
651 4908 862 4979 spectatoribus
882 4911 946 4967 suis
1022 4906 1138 4963 ulabant
1163 4910 1234 4963 teste
1248 4906 1409 4978 Augustino
1423 4906 1453 4962 in
1467 4907 1601 4964 loannem
1618 4918 1681 4976 cap.
1692 4903 1720 4976 8,
1736 4910 1821 4964 tract

122 4971 401 5054 insinuandamcum
413 4977 561 5060 erroribus
572 4986 628 5035 tam
639 4979 848 5050 hereticorum,
859 4995 945 5052 quam
998 4922 1043 5050 gl,
1061 4992 1123 5051 pag.
1138 4948 1201 5034 bat.
1219 4997 1232 5029 r

120 5042 302 5128 ethnicorum
315 5047 351 5103 ad
365 5050 486 5105 Manetrs
499 5051 623 5106 asseclas
636 5051 774 5107 derivatis
791 5052 946 5121 perculto-
1034 5052 1096 5106 llec
1117 5050 1227 5122 integro
1243 5046 1362 5106 luerunt
1380 5047 1577 5117 exscribenda,
1599 5051 1632 5105 ut
1651 5060 1823 5120 assequere·

119 5116 736 5197 resllrthreacsolis,etpermistissacrile
784 5123 945 5182 imitatione
999 5135 1073 5189 mur,
1097 5134 1182 5192 quam
1205 5120 1322 5192 provide
1344 5121 1501 5177 carendum
1525 5117 1615 5176 luerit
1635 5133 1686 5190 per
1708 5120 1822 5178 decreta

119 5191 229 5270 rituum
243 5188 486 5246 Christianorum.
504 5192 566 5248 llec
581 5195 658 5249 enim
677 5198 732 5250 scri
757 5194 790 5249 it.
807 5215 820 5248 ι
839 5197 943 5252 Verum
998 5193 1177 5263 Melchiadis,
1189 5190 1679 5262 uedisciplinaChristiauljejnnil
1695 5191 1823 5263 degene-

118 5255 153 5310 ad
167 5256 279 5313 lllrthrae
300 5259 481 5318 initiationes
494 5265 587 5328 redeo,
600 5279 663 5336 que
685 5266 776 5335 impio
789 5269 944 5337 mysterio·
998 5271 1083 5330 raret,
1103 5270 1153 5321 aut
1176 5264 1349 5335 profluxisse
1392 5269 1533 5333 utaretnr,
1556 5270 1585 5319 et
1601 5263 1776 5333 propendere
1791 5265 1821 5321 iu

120 5340 183 5382 rum
199 5328 259 5383 ritu
273 5330 504 5415 perficiebantur.
518 5337 545 5391 Is
562 5339 668 5407 quippe
680 5338 714 5393 ad
731 5339 940 5395 imitamentum
995 5278 1549 5406 superstitiosayejuntaMithriamrnm.
1560 5334 1823 5404 quosinterbtaues

117 5404 283 5453 sanctorum
317 5400 488 5459 Christiane
516 5405 667 5477 religionis
698 5417 940 5466 sacramentorum
995 5405 1822 5476 cooptatus,tradideratsectariissuisllanicbeis,etem·

119 5468 292 5537 compositis
308 5484 357 5538 per
371 5474 478 5543 gradus
493 5475 617 5545 proianae
632 5480 835 5550 augurationis
850 5480 941 5537 teletae
996 5479 1042 5550 plo
1057 5492 1110 5535 suo
1126 5479 1248 5534 redditis
1261 5492 1295 5534 ex
1320 5476 1413 5533 indiis
1433 5489 1467 5533 ac
1490 5477 1587 5533 mimis
1601 5477 1715 5534 blithre
1728 5477 1823 5537 ludils

118 5539 154 5595 ad
172 5551 253 5595 sacra
268 5544 440 5610 capessenda
463 5546 700 5605 informabantur.
718 5551 773 5604 Nec
788 5551 881 5605 ausim
897 5565 940 5608 se·
995 5564 1028 5606 ac
1044 5549 1140 5605 mimis
1154 5555 1396 5606 sacramentorum
1410 5547 1529 5617 christi,
1544 5561 1656 5605 errores
1674 5555 1703 5605 et
1716 5562 1750 5606 su
1789 5564 1824 5606 r-

116 5621 169 5666 cus
183 5622 216 5666 ea
228 5610 399 5695 describere.
411 5627 497 5685 quam
516 5618 649 5688 ipsismet
663 5618 757 5676 verbis
770 5620 942 5679 Tertulliani
997 5622 1141 5688 suidones,
1153 5619 1755 5678 contundentescnristumcumsoteetbltt
1778 5634 1819 5679 ra.

116 5680 153 5736 de
175 5688 334 5755 prescript.
354 5697 417 5756 cap.
441 5682 500 5743 lo:
523 5706 537 5741 ι
559 5690 656 5760 Tingit
677 5697 706 5747 et
727 5692 789 5761 lpse
809 5692 943 5750 diabolus
998 5694 1076 5749 Patet
1096 5693 1182 5748 etiam
1196 5706 1249 5749 cur
1265 5692 1317 5748 hoc
1338 5699 1465 5763 tempore
1485 5693 1590 5748 Maneti
1613 5691 1745 5763 proximo
1758 5691 1820 5775 (qul

117 5752 258 5887 alffius
257 5754 383 5889 unffi}
384 5757 556 5891 11ιιᾱιὲιιίιέιιι,
569 5768 598 5818 ιι
616 5761 714 5819 ddeles
735 5777 805 5821 snos
819 5777 876 5850 :ex
897 5764 944 5821 ia·
996 5763 1051 5820 sub
1073 5763 1164 5822 Probo
1184 5769 1212 5822 et
1229 5764 1386 5850 Aureliano
1406 5764 1517 5849 riserat
1534 5769 1616 5822 etate
1637 5762 1820 5837 bleichiadrs,

501 5843 586 5893 mero
597 5835 800 5908 repromittit»
813 5834 944 5911 (ralrbro
997 5835 1215 5912 (ttmtnondnn
1224 5834 1390 5913 pontiacis),
1403 5836 1521 5901 bomo
1531 5835 1690 5899 michea
1700 5846 1821 5910 serpens
