3884 6126
109 270 170 344 75⁴
578 275 750 335 cunouor..
769 283 791 337 a
812 281 841 338 s.
861 246 1057 344 suuu'ssmo
1074 288 1121 345 no
1139 290 1168 346 s.
1191 289 1298 347 susc.
1348 333 1354 345 .
1766 290 1822 350 aaa

142 390 222 453 Anni
250 397 440 463 imperatores.
485 395 625 461 Consules,
676 402 805 455 Romano·
839 404 917 458 Anni
952 407 983 468 A
1028 407 1106 462 Anni
1138 384 1365 475 Christianorum,
1391 412 1549 468 iudaeorum
1572 418 1597 467 et
1614 416 1684 483 pui-
1714 415 1792 470 Anni

105 476 175 535 per.
189 466 245 521 iai.
284 480 357 529 ram,
367 481 411 521 res
422 470 504 534 pesae
528 474 554 521 et
576 469 744 526 documenta.
834 473 863 527 U.
878 472 907 528 G.
1018 477 1124 549 Olpmp.
1180 484 1307 537 timorum
1331 485 1503 553 pugnatorum,
1531 485 1683 554 Pontifices,
1719 487 1792 541 AEra

98 537 232 603 ’ΛΜ
835 549 899 598 anie
1175 554 1269 621 Reges,
1284 569 1326 608 res
1340 561 1422 622 gestas
1435 559 1460 609 et
1475 555 1643 611 documento.
1708 554 1818 612 Christi.

813 619 838 668 et
849 619 910 684 post

814 685 895 740 Patii.

102 825 232 894 maios
260 820 310 877 lial
336 821 411 892 Sept.
441 818 556 877 Orestes
583 820 677 878 hlium
713 838 798 881 suum

130 924 216 976 χιιι
262 910 449 966 Aucusrucua
465 910 622 967 substituit
638 911 797 981 imperato-

96 1016 119 1067 g
150 1014 238 1063 xrs.
259 1011 316 1055 rem
333 998 398 1069 prid
420 997 473 1053 Kal
485 997 664 1054 Novembris.
690 999 795 1056 Chron.

257 1087 405 1157 Caspiani.

292 1175 366 1231 Cous
380 1177 453 1231 Zeno
467 1177 532 1247 Aug
551 1189 570 1230 ιι
587 1175 651 1232 sine
675 1176 794 1249 collega.

258 1267 286 1321 L.
303 1262 339 1320 29
357 1264 387 1316 C.
404 1263 527 1319 delnoti
545 1269 621 1335 test,
651 1271 694 1321 etc
720 1269 795 1336 apud

256 1352 363 1408 heland
390 1359 418 1407 ιι
446 1351 575 1420 Epistola
610 1352 638 1407 S.
664 1353 796 1424 Simplici

259 1455 336 1512 papa
363 1440 398 1496 ad
421 1440 609 1511 Florentium,
639 1448 705 1511 etc,
731 1444 797 1500 data

259 1535 323 1600 post
336 1542 405 1585 cons
419 1529 524 1584 Leonis
535 1530 600 1600 Aug
611 1531 695 1598 cujus
714 1533 795 1587 anti-

259 1632 347 1689 quum
359 1616 505 1687 exemplar
520 1618 550 1673 in
572 1618 624 1674 cod
641 1627 752 1675 monast
766 1621 794 1677 S.

257 1708 360 1763 Crucis
371 1706 408 1761 de
418 1706 501 1762 Urbe.

292 1794 473 1865 Augustulus
488 1795 524 1850 ab
545 1793 644 1853 Oreste
656 1799 740 1854 Patre
759 1799 794 1855 ad

259 1884 411 1954 imperium
427 1891 575 1953 promotus
588 1885 794 1942 dicituretiam

240 1971 542 2029 hlomillus.iornand.

101 2076 217 2137 5⁴89
293 2079 362 2148 imp.
379 2076 447 2133 Cas.
472 2079 544 2134 Zeno
564 2078 635 2151 Aug.
661 2086 698 2135 ιι,
715 2095 742 2150 p.
765 2079 792 2152 A,
833 2080 903 2139 taes

109 2170 163 2243 Θ
181 2165 215 2222 9
258 2164 285 2236 3,
299 2179 355 2223 cos.
374 2164 418 2221 ti.
832 2169 902 2227 taho

106 2254 158 2327 ο
184 2253 218 2312 2
293 2256 530 2328 lit-Augustulus
551 2256 662 2313 decimo
680 2259 796 2328 imperii

105 2346 149 2399 D.
175 2345 220 2400 G.
256 2357 352 2400 mense
374 2343 513 2415 expulsus
534 2345 570 2401 ah
591 2345 795 2419 obcaecamur

101 2432 235 2488 indict
261 2434 392 2488 seltoiiae
406 2448 495 2502 regem
516 2435 613 2491 vocari
640 2437 793 2492 mandavit.

128 2534 202 2576 ιιι
259 2558 328 2615 Coss
347 2522 386 2578 Fl.
404 2523 564 2580 Basiliscus
578 2537 608 2579 ιι.

104 2596 136 2646 et
161 2607 232 2648 xv.
347 2593 493 2650 Armatus.

295 2683 325 2738 i..
339 2679 384 2746 98,
399 2682 430 2738 (i.
453 2682 488 2738 de
511 2684 562 2753 jur
586 2685 637 2741 dot
651 2691 705 2741 etc.
721 2686 797 2756 apud

259 2770 377 2827 Relaud.

293 2860 420 2917 odoacer
433 2860 604 2918 Herulorum
626 2876 675 2918 rex
703 2862 799 2919 aNe-

263 2951 323 3021 poti
338 2948 502 3006 lautoribus
527 2951 555 3006 in
581 2951 692 3007 ltaliam
720 2951 800 3007 aeci-

262 3045 309 3094 tus
321 3037 437 3093 iiomam
450 3037 589 3094 obtinuit.
602 3039 797 3111 Augustulum

261 3127 290 3182 in
313 3125 469 3182 Lucullano
493 3129 653 3196 campania
676 3129 799 3184 Castalio

260 3214 356 3271 exsilii
373 3214 592 3285 poenadamnat.
609 3216 651 3272 lta
663 3216 798 3274 Occiden-

261 3303 314 3359 tale
328 3303 457 3359 concidit
484 3303 651 3374 imperium.
666 3305 798 3361 Petavlus

262 3404 294 3446 ιι
304 3390 482 3447 Marcellino.

294 3479 461 3536 Gcisericus
475 3478 503 3534 h.
521 3493 547 3534 a.
572 3482 800 3538 mortuusuide-

263 3574 398 3636 iuncum
419 3574 567 3640 regnasset
587 3582 602 3623 a
624 3574 706 3638 capta
727 3569 799 3625 Car-

264 3655 379 3727 thagine
403 3669 495 3712 annos
517 3653 554 3711 39
573 3656 657 3724 juxta
681 3657 798 3727 Procop.

261 3742 572 3800 Succeditllunericus.
590 3744 660 3800 ibid.
678 3745 730 3800 Sed
745 3747 801 3800 Pa-

265 3833 329 3903 gius
350 3832 414 3888 Seu.
445 3830 604 3888 differenda
628 3833 687 3888 haec
717 3840 800 3905 putat

262 3920 295 3978 ad
317 3933 425 3976 aunum
445 3925 619 3992 sequentem.

1138 820 1220 874 liaeus
1249 820 1279 876 in
1301 833 1400 891 campo
1417 821 1511 878 casas·
1533 822 1678 880 acclama-

1138 915 1184 964 tus
1213 909 1313 965 uxoris
1340 909 1468 980 impulsu
1495 910 1676 968 Timotheum

1136 996 1267 1053 AElurum
1286 1003 1407 1069 revocat,
1424 1010 1457 1054 ac
1475 999 1590 1054 Petrum
1605 998 1677 1056 Tul-

1136 1085 1229 1141 lonem
1256 1103 1264 1141 ε
1292 1092 1321 1141 ιι
1341 1085 1476 1142 Acacium
1496 1086 1546 1142 GP.
1571 1101 1676 1159 urgens

1135 1175 1170 1231 ud
1181 1174 1371 1232 damnandam
1386 1175 1530 1245 synodum
1553 1176 1676 1232 Chalce-

1134 1262 1203 1318 don.
1216 1278 1230 1317 a
1241 1263 1346 1333 populo
1358 1264 1525 1332 impeditur.
1535 1264 1675 1335 Euagrius

1136 1349 1185 1405 lib.
1205 1365 1284 1406 inc.
1303 1349 1320 1406 l
1338 1351 1506 1407 Timotheus
1531 1351 1675 1422 Solopha-
1754 1403 1762 1418 ,

1134 1438 1229 1495 ciclus
1243 1440 1416 1497 Alexandria
1429 1441 1516 1497 cedit.

1171 1526 1336 1598 Ostrogothl
1356 1525 1502 1599 illyricum
1526 1529 1675 1585 devastant

1133 1617 1324 1673 Theodomire
1338 1630 1403 1687 rege
1415 1631 1480 1673 cum
1496 1618 1672 1675 Theodorico

1135 1705 1179 1761 ill.
1207 1719 1257 1762 eos
1281 1706 1412 1761 ducente.
1451 1706 1517 1776 Pag.
1546 1707 1612 1761 sen.
1638 1720 1674 1762 ex

1132 1794 1285 1866 tornando
1309 1793 1435 1866 aliisque
1449 1792 1478 1849 h.
1502 1807 1529 1850 a.
1550 1809 1578 1851 n.
1604 1792 1622 1852 6
1645 1803 1674 1851 et

1134 1896 1211 1954 seqq.

1047 2091 1079 2133 ιιι
1169 2074 1421 2148 Simplirllbetil.

1052 2181 1081 2221 ιι
1169 2167 1674 2239 Scribitsimpliciusadimperato-

1135 2262 1225 2312 torem
1243 2257 1277 2312 de
1286 2257 1447 2314 cohibendo
1468 2256 1578 2313 AEluro.
1604 2254 1676 2313 Vide

1138 2346 1264 2400 notasad
1280 2345 1476 2415 Simplicium.

1174 2436 1366 2491 ZenoPetrum
1384 2432 1531 2490 Tullonem
1541 2430 1674 2487 Basilisci

1137 2522 1275 2579 fautorem
1292 2524 1323 2577 iu
1343 2523 1473 2579 ordinem
1503 2520 1620 2592 redigit,
1643 2533 1677 2575 ac

1138 2611 1234 2681 Pityos
1261 2610 1389 2682 relegat:
1404 2609 1480 2666 aride
1495 2617 1592 2679 postea
1606 2621 1678 2679 pro-

1136 2701 1222 2774 iugit.
1258 2700 1389 2755 Attamen
1416 2697 1537 2769 perfidia
1565 2697 1676 2754 Armati

1138 2791 1271 2862 proditus
1293 2787 1450 2845 Basiliscus
1478 2785 1509 2842 in
1527 2784 1680 2857 Cappado-

1139 2879 1382 2948 ciamrelegatus.
1403 2875 1478 2931 turri
1504 2874 1677 2945 includitur,

1139 2962 1676 3034 uhiiameperiit.Procop1histVaud.

1173 3053 1342 3111 Timotheus
1354 3050 1472 3108 AElurus
1493 3051 1625 3107 intrusus
1646 3050 1677 3105 ln

1140 3145 1276 3201 thronum
1287 3137 1678 3207 Alexamonachispellitur.

1135 3229 1331 3298 Theophanes.
1347 3227 1499 3281 Liberatus
1509 3237 1572 3293 cap.
1588 3222 1624 3279 to
1636 3237 1679 3279 as-

1137 3317 1209 3375 serit
1247 3314 1324 3370 hunc
1354 3311 1412 3368 sihi
1447 3323 1555 3366 veneno
1582 3323 1678 3367 necem

1136 3403 1323 3462 conscivisse.
1336 3398 1524 3458 Alexandrini
1538 3399 1567 3454 in
1583 3398 1678 3455 locum

1137 3492 1229 3549 AEluri
1254 3492 1368 3546 Petrum
1397 3490 1529 3559 ldoggum
1565 3483 1680 3542 substi-

1138 3585 1246 3636 tuuntr
1264 3589 1348 3646 quem
1377 3576 1450 3631 Zeno
1470 3573 1584 3643 expulit
1607 3578 1680 3629 teste

1137 3667 1271 3724 Liberato
1283 3678 1317 3720 ac
1336 3662 1429 3719 Teiice
1451 3675 1535 3733 papa.
1565 3657 1679 3732 Episth

1047 3812 1050 3817 .
1141 3758 1234 3811 Petam
1263 3753 1402 3823 Pleraque
1436 3764 1472 3806 ιι
1500 3750 1548 3806 his
1574 3748 1680 3821 Pagius

1138 3845 1241 3901 Senior
1256 3839 1404 3898 referenda
1427 3839 1540 3910 judicat
1563 3837 1598 3894 ad
1622 3849 1681 3893 an-

1140 3946 1208 3990 num
1220 3931 1350 4002 proxime
1363 3933 1541 4001 sequentem.

1026 4043 1105 4112 inm
1175 4036 1321 4107 Simplicii
1347 4032 1471 4092 ostio.

1041 4127 1095 4188 3l3
1174 4125 1310 4183 Barnabas
1340 4122 1463 4195 apostoli
1492 4136 1597 4194 corpus
1629 4121 1681 4178 in-

1053 4218 1087 4276 it
1154 4223 1269 4274 ventum
1287 4217 1316 4272 in
1328 4214 1419 4287 Cypro
1435 4225 1492 4268 uua
1506 4224 1571 4268 cum
1585 4212 1682 4267 Evan-

1140 4307 1216 4380 gelio
1237 4303 1364 4361 biattbaei
1391 4301 1498 4372 pectori
1524 4300 1679 4370 imposito:

1141 4410 1198 4468 qnia
1213 4392 1484 4462 occasioneCyprus
1497 4388 1678 4447 Antiocheno

1141 4500 1176 4542 ιι
1192 4481 1391 4555 patriarchatu
1410 4483 1541 4549 exempta
1568 4475 1626 4533 init
1653 4481 1683 4533 et

1139 4563 1618 4638 Constantinopolitanoattributa.
1634 4565 1682 4619 ze

154 4016 235 4095 5⁴90
296 4047 366 4116 imp.
393 4047 462 4103 Cas.
483 4048 556 4103 zeno
571 4047 634 4119 Aug
649 4054 684 4102 tr.
713 4062 742 4117 p.
771 4044 799 4119 3,
837 4043 908 4102 iiia

144 4110 178 4180 Θ
223 4125 289 4202 ιι,
306 4148 364 4191 eos.
382 4133 426 4190 rr.
839 4133 908 4193 raso

152 4193 194 4267 0
218 4215 235 4275 3
297 4224 383 4296 Regis
396 4223 534 4282 Odoacris
558 4226 589 4282 in
610 4224 720 4282 ltaliai
741 4221 801 4281 ιιι

166 4288 211 4354 Β·
263 4310 497 4386 ιιὲἑιΑιςιιιί.

137 4372 243 4453 Indici
297 4403 359 4458 Cos.
376 4404 490 4460 Nullus.
955 4418 984 4482 Ι)

160 4474 218 4530 ¹*
300 4491 804 4564 EpistolaSimpliciipapaeadzeno·

149 4560 183 4608 ‘²
203 4581 221 4625 1
265 4592 325 4635 nem
335 4594 397 4635 ιιι.
410 4580 520 4637 idom.
534 4588 652 4637 etvetus
667 4581 801 4650 inscript.

264 4667 344 4725 Grut.
363 4667 476 4738 4051,6
501 4669 585 4725 hahet
607 4671 672 4725 Post
695 4670 802 4724 Consar-

267 4758 351 4813 ictam
377 4759 481 4815 iterum
505 4760 646 4814 Armati:
681 4756 802 4814 iortasse

265 4844 485 4919 legendumerat
499 4849 528 4902 P.
544 4848 574 4902 C.
591 4842 734 4921 [Basilisci
750 4847 804 4902 de·

268 4934 321 4993 leto
333 4935 460 5012 nomine]
485 4951 596 4993 insnum
612 4943 640 4992 et
654 4936 762 4992 Annam
776 4941 805 4992 et

267 5025 412 5083 lieetsood
438 5040 492 5098 pag
517 5023 570 5083 378
593 5026 691 5082 eodem
721 5025 805 5081 modo

269 5114 399 5185 signatur
414 5115 435 5170 l.
450 5112 478 5185 9,
494 5115 556 5171 cod.
583 5114 660 5171 unde
682 5114 721 5184 ri,
737 5120 804 5183 etc..

268 5203 338 5271 apud
350 5203 410 5259 liei.

300 5292 439 5349 basilisco
464 5292 495 5347 in
529 5292 659 5349 ordinem
690 5292 805 5348 redacto

268 5381 342 5437 cirta
371 5395 494 5438 mensem
524 5382 697 5453 Augustum,
733 5381 806 5436 Zeno

271 5469 423 5541 imperator
445 5471 548 5526 Urbem
565 5470 683 5542 regiam,
698 5475 727 5524 et
747 5470 808 5524 im-

271 5561 380 5626 perium
397 5563 556 5629 recuperat.
577 5560 619 5614 Ex
644 5555 758 5626 Theopb
778 5563 807 5611 et

1142 4675 1188 4726 uo,
1206 4657 1360 4715 intruslsa
1381 4652 1521 4709 Basilisco
1534 4650 1681 4720 episcopis

1138 4747 1242 4821 pulsis,
1255 4742 1419 4802 catholicos
1427 4739 1470 4796 vel
1479 4738 1585 4808 electos
1599 4737 1682 4795 resti·

1140 4838 1209 4898 tuit.
1235 4834 1278 4892 uel
1294 4844 1383 4889 novos
1401 4828 1532 4887 ordinari
1546 4825 1624 4884 iecit.
1648 4828 1681 4883 in

1142 4925 1246 4997 primis
1272 4923 1375 4978 Petrus
1402 4918 1552 4986 cnapheus
1573 4916 1682 4972 Antio-

1142 5014 1208 5070 chia
1221 5016 1339 5068 exactus
1348 5011 1409 5063 est:
1426 5013 1453 5062 et
1464 5006 1494 5060 in
1506 5005 1570 5075 eius
1584 5002 1680 5059 locum

1141 5104 1304 5173 Stephanus
1331 5084 1624 5167 subrogatus'l'etan
1646 5106 1682 5150 ex

1142 5194 1268 5250 cedreno
1283 5194 1312 5246 et
1338 5184 1509 5256 Theophane
1524 5184 1575 5255 qni
1599 5182 1682 5239 addit

1142 5283 1316 5353 Stephanum
1339 5279 1369 5333 in
1395 5275 1554 5332 laodiceno
1573 5272 1682 5344 synodo

1145 5374 1325 5430 innocentem
1348 5362 1570 5437 pronunciatum
1599 5361 1682 5432 quia

1142 5459 1267 5528 cnaphei
1289 5452 1464 5525 fautoribus,
1495 5448 1683 5509 insimulatus

1143 5548 1237 5606 iuerat
1264 5545 1405 5601 hereseos
1428 5541 1614 5599 Nestorianae.
1628 5538 1685 5594 Pa-
