<?xml version="1.0" encoding="UTF-8"?>
<!DOCTYPE html PUBLIC "-//W3C//DTD XHTML 1.0 Transitional//EN"
    "http://www.w3.org/TR/xhtml1/DTD/xhtml1-transitional.dtd">
<html xmlns="http://www.w3.org/1999/xhtml" xml:lang="en" lang="en">
 <head>
  <title>
</title>
<meta http-equiv="Content-Type" content="text/html;charset=utf-8" />
  <meta name='ocr-system' content='tesseract 3.04.00' />
  <meta name='ocr-capabilities' content='ocr_page ocr_carea ocr_par ocr_line ocrx_word'/>
</head>
<body>
  <div class='ocr_page' id='page_1' title='image "./patrologiaecurs48unkngoog_0134.png"; bbox 0 0 3892 6136; ppageno 0'>
   <div class='ocr_carea' id='block_1_1' title="bbox 107 306 1814 375">
    <p class='ocr_par' dir='ltr' id='par_1_1' title="bbox 107 306 1814 375">
     <span class='ocr_line' id='line_1_1' title="bbox 107 306 1814 375; baseline 0.005 -9"><span class='ocrx_word' id='word_1_1' title='bbox 107 306 162 366; x_wconf 76' lang='lat'>257</span> <span class='ocrx_word' id='word_1_2' title='bbox 499 314 683 372; x_wconf 80' lang='lat' dir='ltr'>bnnNcfflNt</span> <span class='ocrx_word' id='word_1_3' title='bbox 707 315 860 372; x_wconf 82' lang='lat' dir='ltr'>DISSERT.</span> <span class='ocrx_word' id='word_1_4' title='bbox 886 315 930 369; x_wconf 86' lang='lat' dir='ltr'>DE</span> <span class='ocrx_word' id='word_1_5' title='bbox 951 313 1029 369; x_wconf 78' lang='lat' dir='ltr'>arti.</span> <span class='ocrx_word' id='word_1_6' title='bbox 1058 317 1114 371; x_wconf 85' lang='lat' dir='ltr'>hit.</span> <span class='ocrx_word' id='word_1_7' title='bbox 1142 314 1241 372; x_wconf 85' lang='lat' dir='ltr'>PONT.</span> <span class='ocrx_word' id='word_1_8' title='bbox 1268 315 1436 372; x_wconf 77' lang='lat' dir='ltr'>carnide.</span> <span class='ocrx_word' id='word_1_9' title='bbox 1695 317 1697 320; x_wconf 66' lang='grc'>’</span> <span class='ocrx_word' id='word_1_10' title='bbox 1757 312 1814 375; x_wconf 74' lang='grc'>258</span> 
     </span>
    </p>
   </div>
   <div class='ocr_carea' id='block_1_2' title="bbox 109 426 1815 949">
    <p class='ocr_par' dir='ltr' id='par_1_2' title="bbox 109 426 1815 949">
     <span class='ocr_line' id='line_1_2' title="bbox 146 426 1812 512; baseline 0.006 -28"><span class='ocrx_word' id='word_1_11' title='bbox 146 451 160 483; x_wconf 74' lang='grc' dir='ltr'>ιι</span> <span class='ocrx_word' id='word_1_12' title='bbox 181 432 239 487; x_wconf 86' lang='lat' dir='ltr'>Noc</span> <span class='ocrx_word' id='word_1_13' title='bbox 250 445 326 488; x_wconf 91' lang='lat' dir='ltr'>anno</span> <span class='ocrx_word' id='word_1_14' title='bbox 338 431 427 503; x_wconf 77' lang='lat' dir='ltr'>lictu)</span> <span class='ocrx_word' id='word_1_15' title='bbox 439 438 570 493; x_wconf 84' lang='lat' dir='ltr'>navicula</span> <span class='ocrx_word' id='word_1_16' title='bbox 583 439 611 494; x_wconf 92' lang='lat' dir='ltr'>in</span> <span class='ocrx_word' id='word_1_17' title='bbox 627 439 701 495; x_wconf 83' lang='lat' dir='ltr'>atrio</span> <span class='ocrx_word' id='word_1_18' title='bbox 713 452 797 493; x_wconf 91' lang='lat' dir='ltr'>manu</span> <span class='ocrx_word' id='word_1_19' title='bbox 809 438 878 494; x_wconf 88' lang='lat' dir='ltr'>lotti</span> <span class='ocrx_word' id='word_1_20' title='bbox 890 438 932 506; x_wconf 90' lang='lat' dir='ltr'>pi·</span> <span class='ocrx_word' id='word_1_21' title='bbox 946 436 974 494; x_wconf 87' lang='grc' dir='ltr'><strong>Α</strong></span> <span class='ocrx_word' id='word_1_22' title='bbox 989 445 1017 492; x_wconf 90' lang='lat' dir='ltr'>et</span> <span class='ocrx_word' id='word_1_23' title='bbox 1040 439 1146 493; x_wconf 87' lang='lat' dir='ltr'>indicia</span> <span class='ocrx_word' id='word_1_24' title='bbox 1169 445 1302 512; x_wconf 86' lang='lat' dir='ltr'>suggeret</span> <span class='ocrx_word' id='word_1_25' title='bbox 1321 441 1355 495; x_wconf 93' lang='lat' dir='ltr'>ad</span> <span class='ocrx_word' id='word_1_26' title='bbox 1372 445 1481 495; x_wconf 80' lang='lat' dir='ltr'>aetatem</span> <span class='ocrx_word' id='word_1_27' title='bbox 1504 445 1590 510; x_wconf 88' lang='lat' dir='ltr'>atque</span> <span class='ocrx_word' id='word_1_28' title='bbox 1611 426 1812 497; x_wconf 80' lang='lat' dir='ltr'>auctoritatem</span> 
     </span>
     <span class='ocr_line' id='line_1_3' title="bbox 109 519 1814 598; baseline 0.006 -25"><span class='ocrx_word' id='word_1_29' title='bbox 109 519 199 574; x_wconf 90' lang='lat' dir='ltr'>ctoris</span> <span class='ocrx_word' id='word_1_30' title='bbox 222 521 330 592; x_wconf 80' lang='lat' dir='ltr'>egregii</span> <span class='ocrx_word' id='word_1_31' title='bbox 349 525 459 578; x_wconf 93' lang='lat' dir='ltr'>musivo</span> <span class='ocrx_word' id='word_1_32' title='bbox 481 525 590 586; x_wconf 84' lang='lat' dir='ltr'>eiiecta,</span> <span class='ocrx_word' id='word_1_33' title='bbox 617 541 665 595; x_wconf 93' lang='lat' dir='ltr'>pro</span> <span class='ocrx_word' id='word_1_34' title='bbox 690 541 746 596; x_wconf 91' lang='lat' dir='ltr'>quo</span> <span class='ocrx_word' id='word_1_35' title='bbox 768 539 852 596; x_wconf 91' lang='lat' dir='ltr'>opere</span> <span class='ocrx_word' id='word_1_36' title='bbox 877 527 934 582; x_wconf 93' lang='lat' dir='ltr'>duo</span> <span class='ocrx_word' id='word_1_37' title='bbox 991 526 1237 597; x_wconf 89' lang='lat' dir='ltr'>utriusqneseriei</span> <span class='ocrx_word' id='word_1_38' title='bbox 1250 527 1509 583; x_wconf 89' lang='lat' dir='ltr'>demonstrandam.</span> <span class='ocrx_word' id='word_1_39' title='bbox 1526 528 1609 582; x_wconf 89' lang='lat' dir='ltr'>Plane</span> <span class='ocrx_word' id='word_1_40' title='bbox 1621 527 1814 598; x_wconf 87' lang='lat' dir='ltr'>intelligimus</span> 
     </span>
     <span class='ocr_line' id='line_1_4' title="bbox 111 606 1811 685; baseline 0.006 -25"><span class='ocrx_word' id='word_1_41' title='bbox 111 606 209 662; x_wconf 68' lang='lat' dir='ltr'>millia⁴</span> <span class='ocrx_word' id='word_1_42' title='bbox 223 613 252 662; x_wconf 94' lang='lat' dir='ltr'>et</span> <span class='ocrx_word' id='word_1_43' title='bbox 272 609 410 665; x_wconf 90' lang='lat' dir='ltr'>ducentos</span> <span class='ocrx_word' id='word_1_44' title='bbox 434 612 556 668; x_wconf 83' lang='lat' dir='ltr'>florenos</span> <span class='ocrx_word' id='word_1_45' title='bbox 574 613 695 669; x_wconf 79' lang='lat' dir='ltr'>lacobus</span> <span class='ocrx_word' id='word_1_46' title='bbox 712 615 788 669; x_wconf 87' lang='lat' dir='ltr'>card.</span> <span class='ocrx_word' id='word_1_47' title='bbox 812 615 935 683; x_wconf 90' lang='lat' dir='ltr'>Stepha-</span> <span class='ocrx_word' id='word_1_48' title='bbox 989 628 1022 669; x_wconf 91' lang='lat' dir='ltr'>ex</span> <span class='ocrx_word' id='word_1_49' title='bbox 1034 616 1158 670; x_wconf 89' lang='lat' dir='ltr'>narratis</span> <span class='ocrx_word' id='word_1_50' title='bbox 1172 630 1203 670; x_wconf 92' lang='lat' dir='ltr'>ac</span> <span class='ocrx_word' id='word_1_51' title='bbox 1215 616 1397 685; x_wconf 88' lang='lat' dir='ltr'>descriptisa</span> <span class='ocrx_word' id='word_1_52' title='bbox 1412 615 1571 684; x_wconf 89' lang='lat' dir='ltr'>Grimaido,</span> <span class='ocrx_word' id='word_1_53' title='bbox 1587 628 1620 670; x_wconf 91' lang='lat' dir='ltr'>ac</span> <span class='ocrx_word' id='word_1_54' title='bbox 1632 614 1811 670; x_wconf 89' lang='lat' dir='ltr'>delineatisa</span> 
     </span>
     <span class='ocr_line' id='line_1_5' title="bbox 112 692 1812 772; baseline 0.004 -23"><span class='ocrx_word' id='word_1_55' title='bbox 112 708 204 765; x_wconf 88' lang='lat' dir='ltr'>nesca,</span> <span class='ocrx_word' id='word_1_56' title='bbox 221 697 333 753; x_wconf 89' lang='lat' dir='ltr'>Nicolai</span> <span class='ocrx_word' id='word_1_57' title='bbox 349 701 385 754; x_wconf 87' lang='lat' dir='ltr'>Nl</span> <span class='ocrx_word' id='word_1_58' title='bbox 402 713 550 769; x_wconf 75' lang='lat' dir='ltr'><strong>pronepos,</strong></span> <span class='ocrx_word' id='word_1_59' title='bbox 564 702 599 756; x_wconf 93' lang='lat' dir='ltr'>de</span> <span class='ocrx_word' id='word_1_60' title='bbox 612 716 664 758; x_wconf 93' lang='lat' dir='ltr'>suo</span> <span class='ocrx_word' id='word_1_61' title='bbox 680 703 860 772; x_wconf 77' lang='lat' dir='ltr'>expenderat,</span> <span class='ocrx_word' id='word_1_62' title='bbox 878 700 935 759; x_wconf 82' lang='lat' dir='ltr'>fuit</span> <span class='ocrx_word' id='word_1_63' title='bbox 988 703 1147 772; x_wconf 77' lang='lat' dir='ltr'>diampino,</span> <span class='ocrx_word' id='word_1_64' title='bbox 1171 710 1307 758; x_wconf 88' lang='lat' dir='ltr'>servatam</span> <span class='ocrx_word' id='word_1_65' title='bbox 1325 701 1416 759; x_wconf 84' lang='lat' dir='ltr'>fuisse</span> <span class='ocrx_word' id='word_1_66' title='bbox 1437 692 1563 758; x_wconf 86' lang='lat' dir='ltr'>eamdem</span> <span class='ocrx_word' id='word_1_67' title='bbox 1578 702 1635 758; x_wconf 86' lang='lat' dir='ltr'>iere</span> <span class='ocrx_word' id='word_1_68' title='bbox 1648 701 1812 758; x_wconf 79' lang='lat' dir='ltr'>methodum</span> 
     </span>
     <span class='ocr_line' id='line_1_6' title="bbox 111 782 1813 861; baseline 0.004 -23"><span class='ocrx_word' id='word_1_69' title='bbox 111 791 188 852; x_wconf 89' lang='lat' dir='ltr'>septa</span> <span class='ocrx_word' id='word_1_70' title='bbox 203 782 465 858; x_wconf 89' lang='lat' dir='ltr'>lignisoptimeque</span> <span class='ocrx_word' id='word_1_71' title='bbox 479 789 598 849; x_wconf 90' lang='lat' dir='ltr'>munita,</span> <span class='ocrx_word' id='word_1_72' title='bbox 615 796 740 860; x_wconf 87' lang='lat' dir='ltr'>etsupcr</span> <span class='ocrx_word' id='word_1_73' title='bbox 753 791 857 859; x_wconf 86' lang='lat' dir='ltr'>ruinis,</span> <span class='ocrx_word' id='word_1_74' title='bbox 872 805 935 861; x_wconf 88' lang='lat' dir='ltr'>quae</span> <span class='ocrx_word' id='word_1_75' title='bbox 989 792 1149 847; x_wconf 91' lang='lat' dir='ltr'>ornamenti</span> <span class='ocrx_word' id='word_1_76' title='bbox 1168 792 1247 846; x_wconf 90' lang='lat' dir='ltr'>navis</span> <span class='ocrx_word' id='word_1_77' title='bbox 1270 793 1407 847; x_wconf 77' lang='lat' dir='ltr'>medianae</span> <span class='ocrx_word' id='word_1_78' title='bbox 1430 791 1458 846; x_wconf 90' lang='lat' dir='ltr'>in</span> <span class='ocrx_word' id='word_1_79' title='bbox 1486 796 1607 861; x_wconf 90' lang='lat' dir='ltr'>utraque</span> <span class='ocrx_word' id='word_1_80' title='bbox 1631 789 1761 853; x_wconf 86' lang='lat' dir='ltr'>basilica,</span> <span class='ocrx_word' id='word_1_81' title='bbox 1782 788 1813 844; x_wconf 92' lang='lat' dir='ltr'>in</span> 
     </span>
     <span class='ocr_line' id='line_1_7' title="bbox 111 873 1815 949; baseline 0.005 -24"><span class='ocrx_word' id='word_1_82' title='bbox 111 877 234 927; x_wconf 89' lang='lat' dir='ltr'>montem</span> <span class='ocrx_word' id='word_1_83' title='bbox 247 873 407 938; x_wconf 77' lang='lat' dir='ltr'>effecerant,</span> <span class='ocrx_word' id='word_1_84' title='bbox 425 875 563 932; x_wconf 86' lang='lat' dir='ltr'>translata</span> <span class='ocrx_word' id='word_1_85' title='bbox 578 875 642 946; x_wconf 90' lang='lat' dir='ltr'>iuit,</span> <span class='ocrx_word' id='word_1_86' title='bbox 661 885 739 934; x_wconf 77' lang='lat' dir='ltr'>aete.</span> <span class='ocrx_word' id='word_1_87' title='bbox 990 879 1133 934; x_wconf 89' lang='lat' dir='ltr'>columnis</span> <span class='ocrx_word' id='word_1_88' title='bbox 1146 887 1173 933; x_wconf 93' lang='lat' dir='ltr'>et</span> <span class='ocrx_word' id='word_1_89' title='bbox 1190 879 1218 933; x_wconf 94' lang='lat' dir='ltr'>in</span> <span class='ocrx_word' id='word_1_90' title='bbox 1232 879 1364 947; x_wconf 91' lang='lat' dir='ltr'>picturis,</span> <span class='ocrx_word' id='word_1_91' title='bbox 1379 885 1436 934; x_wconf 90' lang='lat' dir='ltr'>tarn</span> <span class='ocrx_word' id='word_1_92' title='bbox 1450 893 1537 949; x_wconf 90' lang='lat' dir='ltr'>supra</span> <span class='ocrx_word' id='word_1_93' title='bbox 1547 891 1631 948; x_wconf 91' lang='lat' dir='ltr'>quam</span> <span class='ocrx_word' id='word_1_94' title='bbox 1644 875 1719 932; x_wconf 90' lang='lat' dir='ltr'>inira</span> <span class='ocrx_word' id='word_1_95' title='bbox 1729 889 1815 933; x_wconf 86' lang='lat' dir='ltr'>roro·</span> 
     </span>
    </p>
   </div>
   <div class='ocr_carea' id='block_1_3' title="bbox 108 950 1816 1126">
    <p class='ocr_par' dir='ltr' id='par_1_3' title="bbox 108 950 1816 1126">
     <span class='ocr_line' id='line_1_8' title="bbox 149 950 1816 1038; baseline 0.004 -24"><span class='ocrx_word' id='word_1_96' title='bbox 149 980 163 1012; x_wconf 78' lang='lat' dir='ltr'>r</span> <span class='ocrx_word' id='word_1_97' title='bbox 179 950 212 1015; x_wconf 84' lang='lat' dir='ltr'>ln</span> <span class='ocrx_word' id='word_1_98' title='bbox 221 963 313 1018; x_wconf 86' lang='lat' dir='ltr'>muris</span> <span class='ocrx_word' id='word_1_99' title='bbox 325 964 727 1033; x_wconf 85' lang='lat' dir='ltr'>supermajoribuscoiumois</span> <span class='ocrx_word' id='word_1_100' title='bbox 743 968 841 1024; x_wconf 81' lang='lat' dir='ltr'>medie</span> <span class='ocrx_word' id='word_1_101' title='bbox 856 968 936 1023; x_wconf 91' lang='lat' dir='ltr'>navis</span> <span class='ocrx_word' id='word_1_102' title='bbox 990 967 1084 1022; x_wconf 89' lang='lat' dir='ltr'>nidem</span> <span class='ocrx_word' id='word_1_103' title='bbox 1097 967 1301 1022; x_wconf 79' lang='lat' dir='ltr'>exhibentibus</span> <span class='ocrx_word' id='word_1_104' title='bbox 1315 967 1480 1037; x_wconf 89' lang='lat' dir='ltr'>pontiiicum</span> <span class='ocrx_word' id='word_1_105' title='bbox 1493 967 1642 1038; x_wconf 78' lang='lat' dir='ltr'>imagines,</span> <span class='ocrx_word' id='word_1_106' title='bbox 1659 978 1816 1036; x_wconf 89' lang='lat' dir='ltr'>eorumque</span> 
     </span>
     <span class='ocr_line' id='line_1_9' title="bbox 108 1051 1812 1126; baseline 0.002 -22"><span class='ocrx_word' id='word_1_107' title='bbox 108 1055 192 1104; x_wconf 88' lang='lat' dir='ltr'>erant</span> <span class='ocrx_word' id='word_1_108' title='bbox 208 1051 329 1119; x_wconf 80' lang='lat' dir='ltr'>pictura</span> <span class='ocrx_word' id='word_1_109' title='bbox 344 1053 471 1109; x_wconf 85' lang='lat' dir='ltr'>Formosi</span> <span class='ocrx_word' id='word_1_110' title='bbox 485 1065 572 1122; x_wconf 83' lang='lat' dir='ltr'>papae.</span> <span class='ocrx_word' id='word_1_111' title='bbox 588 1056 617 1109; x_wconf 92' lang='lat' dir='ltr'>ln</span> <span class='ocrx_word' id='word_1_112' title='bbox 634 1061 713 1124; x_wconf 90' lang='lat' dir='ltr'>parte</span> <span class='ocrx_word' id='word_1_113' title='bbox 727 1057 841 1111; x_wconf 89' lang='lat' dir='ltr'>dextera</span> <span class='ocrx_word' id='word_1_114' title='bbox 857 1069 935 1126; x_wconf 87' lang='lat' dir='ltr'>egre·</span> <span class='ocrx_word' id='word_1_115' title='bbox 990 1056 1091 1111; x_wconf 90' lang='lat' dir='ltr'>seriem</span> <span class='ocrx_word' id='word_1_116' title='bbox 1104 1055 1275 1121; x_wconf 86' lang='lat' dir='ltr'>ordinatam,</span> <span class='ocrx_word' id='word_1_117' title='bbox 1285 1057 1396 1111; x_wconf 89' lang='lat' dir='ltr'>etnotis</span> <span class='ocrx_word' id='word_1_118' title='bbox 1408 1053 1812 1126; x_wconf 88' lang='lat' dir='ltr'>chronologicisinsignitam:</span> 
     </span>
    </p>
   </div>
   <div class='ocr_carea' id='block_1_4' title="bbox 109 1137 1916 1217">
    <p class='ocr_par' dir='ltr' id='par_1_4' title="bbox 109 1137 1916 1217">
     <span class='ocr_line' id='line_1_10' title="bbox 109 1137 1916 1217; baseline 0.004 -25"><span class='ocrx_word' id='word_1_119' title='bbox 109 1137 217 1193; x_wconf 86' lang='lat' dir='ltr'>diendo</span> <span class='ocrx_word' id='word_1_120' title='bbox 238 1137 386 1194; x_wconf 88' lang='lat' dir='ltr'>basilicam</span> <span class='ocrx_word' id='word_1_121' title='bbox 406 1144 488 1195; x_wconf 91' lang='lat' dir='ltr'>erant</span> <span class='ocrx_word' id='word_1_122' title='bbox 503 1141 634 1197; x_wconf 79' lang='lat' dir='ltr'>historia</span> <span class='ocrx_word' id='word_1_123' title='bbox 649 1144 719 1197; x_wconf 91' lang='lat' dir='ltr'>Novi</span> <span class='ocrx_word' id='word_1_124' title='bbox 739 1144 933 1198; x_wconf 89' lang='lat' dir='ltr'>Testamenti:</span> <span class='ocrx_word' id='word_1_125' title='bbox 991 1157 1041 1199; x_wconf 89' lang='lat' dir='ltr'>nec</span> <span class='ocrx_word' id='word_1_126' title='bbox 1056 1145 1273 1200; x_wconf 85' lang='lat' dir='ltr'>nonincaeteris</span> <span class='ocrx_word' id='word_1_127' title='bbox 1287 1146 1419 1214; x_wconf 88' lang='lat' dir='ltr'>picturis,</span> <span class='ocrx_word' id='word_1_128' title='bbox 1434 1143 1569 1199; x_wconf 88' lang='lat' dir='ltr'>biblicam</span> <span class='ocrx_word' id='word_1_129' title='bbox 1584 1144 1735 1199; x_wconf 90' lang='lat' dir='ltr'>historiam</span> <span class='ocrx_word' id='word_1_130' title='bbox 1749 1140 1818 1199; x_wconf 85' lang='lat' dir='ltr'>reie-</span> <span class='ocrx_word' id='word_1_131' title='bbox 1906 1183 1916 1217; x_wconf 88' lang='lat'>·.</span> 
     </span>
    </p>
   </div>
   <div class='ocr_carea' id='block_1_5' title="bbox 108 1225 1817 3069">
    <p class='ocr_par' dir='ltr' id='par_1_5' title="bbox 108 1225 1817 3069">
     <span class='ocr_line' id='line_1_11' title="bbox 109 1225 1814 1301; baseline 0.004 -22"><span class='ocrx_word' id='word_1_132' title='bbox 109 1225 159 1280; x_wconf 89' lang='lat' dir='ltr'>sed</span> <span class='ocrx_word' id='word_1_133' title='bbox 175 1226 245 1296; x_wconf 91' lang='lat' dir='ltr'>quia</span> <span class='ocrx_word' id='word_1_134' title='bbox 259 1239 359 1282; x_wconf 92' lang='lat' dir='ltr'>murus</span> <span class='ocrx_word' id='word_1_135' title='bbox 368 1226 553 1296; x_wconf 89' lang='lat' dir='ltr'>pendebatur,</span> <span class='ocrx_word' id='word_1_136' title='bbox 567 1235 595 1284; x_wconf 93' lang='lat' dir='ltr'>et</span> <span class='ocrx_word' id='word_1_137' title='bbox 609 1229 705 1285; x_wconf 89' lang='lat' dir='ltr'>iaciiis</span> <span class='ocrx_word' id='word_1_138' title='bbox 719 1236 779 1285; x_wconf 90' lang='lat' dir='ltr'>erat</span> <span class='ocrx_word' id='word_1_139' title='bbox 796 1232 830 1285; x_wconf 90' lang='lat' dir='ltr'>nd</span> <span class='ocrx_word' id='word_1_140' title='bbox 848 1245 878 1286; x_wconf 91' lang='lat' dir='ltr'>se</span> <span class='ocrx_word' id='word_1_141' title='bbox 894 1230 934 1286; x_wconf 92' lang='lat' dir='ltr'>ibi</span> <span class='ocrx_word' id='word_1_142' title='bbox 992 1231 1122 1287; x_wconf 89' lang='lat' dir='ltr'>rentibus</span> <span class='ocrx_word' id='word_1_143' title='bbox 1133 1246 1219 1301; x_wconf 87' lang='lat' dir='ltr'>sopra</span> <span class='ocrx_word' id='word_1_144' title='bbox 1231 1233 1333 1288; x_wconf 89' lang='lat' dir='ltr'>seriem</span> <span class='ocrx_word' id='word_1_145' title='bbox 1347 1232 1513 1301; x_wconf 90' lang='lat' dir='ltr'>pontidcum</span> <span class='ocrx_word' id='word_1_146' title='bbox 1524 1232 1709 1287; x_wconf 88' lang='lat' dir='ltr'>vetustiorem</span> <span class='ocrx_word' id='word_1_147' title='bbox 1724 1248 1732 1299; x_wconf 79' lang='lat'><em>3</em></span> <span class='ocrx_word' id='word_1_148' title='bbox 1746 1229 1814 1286; x_wconf 91' lang='lat' dir='ltr'>etin</span> 
     </span>
     <span class='ocr_line' id='line_1_12' title="bbox 109 1311 1817 1390; baseline 0.004 -23"><span class='ocrx_word' id='word_1_149' title='bbox 109 1311 325 1383; x_wconf 80' lang='lat' dir='ltr'>glutinandum,</span> <span class='ocrx_word' id='word_1_150' title='bbox 360 1317 408 1370; x_wconf 92' lang='lat' dir='ltr'>vix</span> <span class='ocrx_word' id='word_1_151' title='bbox 438 1316 600 1372; x_wconf 79' lang='lat' dir='ltr'>cernebant.</span> <span class='ocrx_word' id='word_1_152' title='bbox 634 1318 754 1388; x_wconf 88' lang='lat' dir='ltr'>hiiquas</span> <span class='ocrx_word' id='word_1_153' title='bbox 797 1319 890 1375; x_wconf 89' lang='lat' dir='ltr'>notavi</span> <span class='ocrx_word' id='word_1_154' title='bbox 927 1334 935 1373; x_wconf 76' lang='grc' dir='ltr'>ι</span> <span class='ocrx_word' id='word_1_155' title='bbox 993 1319 1817 1390; x_wconf 84' lang='lat' dir='ltr'>prophetarumimaginibus,adcoiosseamstaturamsu·</span> 
     </span>
     <span class='ocr_line' id='line_1_13' title="bbox 108 1401 1814 1476; baseline 0.004 -21"><span class='ocrx_word' id='word_1_156' title='bbox 108 1401 252 1472; x_wconf 78' lang='lat' dir='ltr'>Apparuit</span> <span class='ocrx_word' id='word_1_157' title='bbox 262 1405 386 1458; x_wconf 79' lang='lat' dir='ltr'>undecim</span> <span class='ocrx_word' id='word_1_158' title='bbox 399 1406 739 1474; x_wconf 76' lang='lat' dir='ltr'>apostolis-liescemus</span> <span class='ocrx_word' id='word_1_159' title='bbox 757 1408 795 1461; x_wconf 82' lang='lat' dir='ltr'>ml</span> <span class='ocrx_word' id='word_1_160' title='bbox 814 1408 934 1462; x_wconf 83' lang='lat' dir='ltr'>limbum.</span> <span class='ocrx_word' id='word_1_161' title='bbox 993 1409 1221 1476; x_wconf 71' lang='lat' dir='ltr'>mimendensis,</span> <span class='ocrx_word' id='word_1_162' title='bbox 1233 1405 1814 1476; x_wconf 84' lang='lat' dir='ltr'>etienestraruminterstitiasubiaqueari</span> 
     </span>
     <span class='ocr_line' id='line_1_14' title="bbox 109 1492 1813 1573; baseline 0.001 -28"><span class='ocrx_word' id='word_1_163' title='bbox 109 1518 142 1530; x_wconf 86' lang='lat'><em>-</em></span> <span class='ocrx_word' id='word_1_164' title='bbox 161 1493 318 1560; x_wconf 82' lang='lat' dir='ltr'>Baptismus</span> <span class='ocrx_word' id='word_1_165' title='bbox 333 1499 361 1546; x_wconf 83' lang='lat' dir='ltr'>im</span> <span class='ocrx_word' id='word_1_166' title='bbox 375 1494 495 1548; x_wconf 80' lang='lat' dir='ltr'>lordono</span> <span class='ocrx_word' id='word_1_167' title='bbox 510 1499 555 1558; x_wconf 82' lang='lat' dir='ltr'>;et</span> <span class='ocrx_word' id='word_1_168' title='bbox 570 1509 656 1564; x_wconf 92' lang='lat' dir='ltr'>super</span> <span class='ocrx_word' id='word_1_169' title='bbox 669 1503 797 1565; x_wconf 89' lang='lat' dir='ltr'>quartam</span> <span class='ocrx_word' id='word_1_170' title='bbox 810 1502 838 1551; x_wconf 91' lang='lat' dir='ltr'>et</span> <span class='ocrx_word' id='word_1_171' title='bbox 854 1495 935 1565; x_wconf 92' lang='lat' dir='ltr'>quin·</span> <span class='ocrx_word' id='word_1_172' title='bbox 993 1494 1190 1563; x_wconf 72' lang='lat' dir='ltr'>implentibus,</span> <span class='ocrx_word' id='word_1_173' title='bbox 1207 1496 1306 1566; x_wconf 85' lang='lat' dir='ltr'>quales</span> <span class='ocrx_word' id='word_1_174' title='bbox 1321 1502 1476 1567; x_wconf 80' lang='lat' dir='ltr'>supersunt</span> <span class='ocrx_word' id='word_1_175' title='bbox 1493 1497 1522 1551; x_wconf 92' lang='lat' dir='ltr'>in</span> <span class='ocrx_word' id='word_1_176' title='bbox 1538 1494 1658 1551; x_wconf 89' lang='lat' dir='ltr'>basilica</span> <span class='ocrx_word' id='word_1_177' title='bbox 1679 1495 1707 1550; x_wconf 89' lang='lat' dir='ltr'>S.</span> <span class='ocrx_word' id='word_1_178' title='bbox 1720 1492 1813 1573; x_wconf 80' lang='lat' dir='ltr'>Pauli.</span> 
     </span>
     <span class='ocr_line' id='line_1_15' title="bbox 111 1579 1816 1656; baseline 0.003 -22"><span class='ocrx_word' id='word_1_179' title='bbox 111 1585 169 1635; x_wconf 90' lang='lat' dir='ltr'>tam</span> <span class='ocrx_word' id='word_1_180' title='bbox 185 1580 347 1636; x_wconf 89' lang='lat' dir='ltr'>columnam</span> <span class='ocrx_word' id='word_1_181' title='bbox 362 1588 422 1637; x_wconf 91' lang='lat' dir='ltr'>erat</span> <span class='ocrx_word' id='word_1_182' title='bbox 433 1582 594 1638; x_wconf 87' lang='lat' dir='ltr'>Cruciiixus</span> <span class='ocrx_word' id='word_1_183' title='bbox 609 1585 715 1652; x_wconf 89' lang='lat' dir='ltr'>pariter</span> <span class='ocrx_word' id='word_1_184' title='bbox 726 1584 858 1653; x_wconf 89' lang='lat' dir='ltr'>depictus</span> <span class='ocrx_word' id='word_1_185' title='bbox 873 1599 937 1640; x_wconf 90' lang='lat' dir='ltr'>cum</span> <span class='ocrx_word' id='word_1_186' title='bbox 1028 1579 1054 1637; x_wconf 80' lang='lat'>7.</span> <span class='ocrx_word' id='word_1_187' title='bbox 1072 1585 1168 1639; x_wconf 90' lang='lat' dir='ltr'>Nostri</span> <span class='ocrx_word' id='word_1_188' title='bbox 1184 1585 1346 1656; x_wconf 83' lang='lat' dir='ltr'>argumenti</span> <span class='ocrx_word' id='word_1_189' title='bbox 1365 1590 1408 1640; x_wconf 88' lang='lat' dir='ltr'>est</span> <span class='ocrx_word' id='word_1_190' title='bbox 1424 1584 1558 1655; x_wconf 84' lang='lat' dir='ltr'>prosequi</span> <span class='ocrx_word' id='word_1_191' title='bbox 1575 1583 1747 1654; x_wconf 86' lang='lat' dir='ltr'>diligentius</span> <span class='ocrx_word' id='word_1_192' title='bbox 1759 1596 1816 1639; x_wconf 88' lang='lat' dir='ltr'>au-</span> 
     </span>
     <span class='ocr_line' id='line_1_16' title="bbox 110 1669 1816 1744; baseline 0.002 -19"><span class='ocrx_word' id='word_1_193' title='bbox 110 1669 227 1727; x_wconf 91' lang='lat' dir='ltr'>duobus</span> <span class='ocrx_word' id='word_1_194' title='bbox 246 1670 408 1727; x_wconf 84' lang='lat' dir='ltr'>latronibus</span> <span class='ocrx_word' id='word_1_195' title='bbox 425 1690 433 1737; x_wconf 85' lang='grc'><strong><em>;</em></strong></span> <span class='ocrx_word' id='word_1_196' title='bbox 452 1671 525 1728; x_wconf 90' lang='lat' dir='ltr'>inira</span> <span class='ocrx_word' id='word_1_197' title='bbox 541 1686 624 1741; x_wconf 90' lang='lat' dir='ltr'>quem</span> <span class='ocrx_word' id='word_1_198' title='bbox 640 1673 830 1729; x_wconf 79' lang='lat' dir='ltr'>cernebantur</span> <span class='ocrx_word' id='word_1_199' title='bbox 844 1675 939 1744; x_wconf 88' lang='lat' dir='ltr'>capita</span> <span class='ocrx_word' id='word_1_200' title='bbox 993 1673 1155 1727; x_wconf 87' lang='lat' dir='ltr'>ctoritatem</span> <span class='ocrx_word' id='word_1_201' title='bbox 1171 1675 1324 1742; x_wconf 85' lang='lat' dir='ltr'>utriusque</span> <span class='ocrx_word' id='word_1_202' title='bbox 1340 1673 1424 1729; x_wconf 90' lang='lat' dir='ltr'>seriei</span> <span class='ocrx_word' id='word_1_203' title='bbox 1440 1673 1480 1726; x_wconf 91' lang='lat' dir='ltr'>ita</span> <span class='ocrx_word' id='word_1_204' title='bbox 1501 1671 1651 1738; x_wconf 82' lang='lat' dir='ltr'>ordinata,</span> <span class='ocrx_word' id='word_1_205' title='bbox 1670 1671 1816 1728; x_wconf 86' lang='lat' dir='ltr'>recentius</span> 
     </span>
     <span class='ocr_line' id='line_1_17' title="bbox 110 1744 1816 1831; baseline 0.001 -17"><span class='ocrx_word' id='word_1_206' title='bbox 110 1758 318 1829; x_wconf 88' lang='lat' dir='ltr'>antiquissima</span> <span class='ocrx_word' id='word_1_207' title='bbox 330 1758 646 1829; x_wconf 89' lang='lat' dir='ltr'>depictaapostoiorum</span> <span class='ocrx_word' id='word_1_208' title='bbox 659 1761 783 1816; x_wconf 89' lang='lat' dir='ltr'>Simonis</span> <span class='ocrx_word' id='word_1_209' title='bbox 799 1762 914 1818; x_wconf 82' lang='lat' dir='ltr'>etludae</span> <span class='ocrx_word' id='word_1_210' title='bbox 930 1779 936 1816; x_wconf 80' lang='lat' dir='ltr'><strong><em>z</em></strong></span> <span class='ocrx_word' id='word_1_211' title='bbox 954 1744 978 1803; x_wconf 79' lang='grc' dir='ltr'>Β</span> <span class='ocrx_word' id='word_1_212' title='bbox 994 1761 1108 1831; x_wconf 85' lang='lat' dir='ltr'>quidem</span> <span class='ocrx_word' id='word_1_213' title='bbox 1124 1775 1172 1830; x_wconf 92' lang='lat' dir='ltr'>per</span> <span class='ocrx_word' id='word_1_214' title='bbox 1186 1760 1333 1816; x_wconf 77' lang='lat' dir='ltr'>Nicolaum</span> <span class='ocrx_word' id='word_1_215' title='bbox 1351 1760 1387 1816; x_wconf 92' lang='lat' dir='ltr'>lii</span> <span class='ocrx_word' id='word_1_216' title='bbox 1401 1761 1430 1816; x_wconf 90' lang='lat' dir='ltr'>iu</span> <span class='ocrx_word' id='word_1_217' title='bbox 1445 1767 1566 1830; x_wconf 90' lang='lat' dir='ltr'>utraque</span> <span class='ocrx_word' id='word_1_218' title='bbox 1583 1759 1715 1827; x_wconf 88' lang='lat' dir='ltr'>basilica,</span> <span class='ocrx_word' id='word_1_219' title='bbox 1734 1759 1816 1815; x_wconf 91' lang='lat' dir='ltr'>anti-</span> 
     </span>
     <span class='ocr_line' id='line_1_18' title="bbox 110 1846 1815 1920; baseline 0.001 -19"><span class='ocrx_word' id='word_1_220' title='bbox 110 1853 178 1901; x_wconf 87' lang='lat' dir='ltr'>ante</span> <span class='ocrx_word' id='word_1_221' title='bbox 189 1846 418 1903; x_wconf 87' lang='lat' dir='ltr'>accendebantur</span> <span class='ocrx_word' id='word_1_222' title='bbox 434 1847 543 1903; x_wconf 87' lang='lat' dir='ltr'>lumina</span> <span class='ocrx_word' id='word_1_223' title='bbox 559 1848 590 1902; x_wconf 95' lang='lat' dir='ltr'>in</span> <span class='ocrx_word' id='word_1_224' title='bbox 603 1847 675 1904; x_wconf 91' lang='lat' dir='ltr'>iesto</span> <span class='ocrx_word' id='word_1_225' title='bbox 687 1851 850 1905; x_wconf 90' lang='lat' dir='ltr'>eorumdem</span> <span class='ocrx_word' id='word_1_226' title='bbox 866 1863 937 1920; x_wconf 90' lang='lat' dir='ltr'>apo·</span> <span class='ocrx_word' id='word_1_227' title='bbox 994 1851 1093 1919; x_wconf 91' lang='lat' dir='ltr'>quitus</span> <span class='ocrx_word' id='word_1_228' title='bbox 1108 1863 1173 1904; x_wconf 86' lang='lat' dir='ltr'>vero</span> <span class='ocrx_word' id='word_1_229' title='bbox 1189 1863 1238 1918; x_wconf 92' lang='lat' dir='ltr'>per</span> <span class='ocrx_word' id='word_1_230' title='bbox 1250 1851 1413 1905; x_wconf 82' lang='lat' dir='ltr'>Formosum</span> <span class='ocrx_word' id='word_1_231' title='bbox 1432 1849 1461 1904; x_wconf 92' lang='lat' dir='ltr'>in</span> <span class='ocrx_word' id='word_1_232' title='bbox 1477 1850 1621 1918; x_wconf 83' lang='lat' dir='ltr'>Vaticana,</span> <span class='ocrx_word' id='word_1_233' title='bbox 1635 1853 1664 1903; x_wconf 91' lang='lat' dir='ltr'>et</span> <span class='ocrx_word' id='word_1_234' title='bbox 1679 1860 1728 1918; x_wconf 89' lang='lat' dir='ltr'>per</span> <span class='ocrx_word' id='word_1_235' title='bbox 1742 1848 1815 1903; x_wconf 85' lang='lat' dir='ltr'>Leo-</span> 
     </span>
     <span class='ocr_line' id='line_1_19' title="bbox 110 1934 1656 2007; baseline 0.002 -19"><span class='ocrx_word' id='word_1_236' title='bbox 110 1934 262 1990; x_wconf 85' lang='lat' dir='ltr'>stolorum.</span> <span class='ocrx_word' id='word_1_237' title='bbox 280 1937 310 1989; x_wconf 93' lang='lat' dir='ltr'>In</span> <span class='ocrx_word' id='word_1_238' title='bbox 326 1935 416 1991; x_wconf 90' lang='lat' dir='ltr'>altero</span> <span class='ocrx_word' id='word_1_239' title='bbox 431 1949 496 1991; x_wconf 86' lang='lat' dir='ltr'>vero</span> <span class='ocrx_word' id='word_1_240' title='bbox 513 1937 631 2005; x_wconf 89' lang='lat' dir='ltr'>pariete,</span> <span class='ocrx_word' id='word_1_241' title='bbox 647 1951 729 2006; x_wconf 84' lang='lat' dir='ltr'>quern</span> <span class='ocrx_word' id='word_1_242' title='bbox 748 1940 855 2007; x_wconf 90' lang='lat' dir='ltr'>pariter</span> <span class='ocrx_word' id='word_1_243' title='bbox 866 1951 937 2007; x_wconf 91' lang='lat' dir='ltr'>pen·</span> <span class='ocrx_word' id='word_1_244' title='bbox 994 1951 1055 1992; x_wconf 90' lang='lat' dir='ltr'>nem</span> <span class='ocrx_word' id='word_1_245' title='bbox 1067 1938 1198 2006; x_wconf 87' lang='lat' dir='ltr'>Nagnum</span> <span class='ocrx_word' id='word_1_246' title='bbox 1212 1938 1253 1992; x_wconf 93' lang='lat' dir='ltr'>vel</span> <span class='ocrx_word' id='word_1_247' title='bbox 1270 1937 1468 2006; x_wconf 88' lang='lat' dir='ltr'>Symmachum</span> <span class='ocrx_word' id='word_1_248' title='bbox 1481 1938 1511 1992; x_wconf 94' lang='lat' dir='ltr'>in</span> <span class='ocrx_word' id='word_1_249' title='bbox 1529 1936 1656 1991; x_wconf 86' lang='lat' dir='ltr'>Paulina.</span> 
     </span>
     <span class='ocr_line' id='line_1_20' title="bbox 109 2022 1815 2097; baseline 0.001 -19"><span class='ocrx_word' id='word_1_250' title='bbox 109 2023 225 2078; x_wconf 86' lang='lat' dir='ltr'>dentem</span> <span class='ocrx_word' id='word_1_251' title='bbox 239 2023 334 2092; x_wconf 91' lang='lat' dir='ltr'>pulvis</span> <span class='ocrx_word' id='word_1_252' title='bbox 343 2022 484 2079; x_wconf 78' lang='lat' dir='ltr'>offendere</span> <span class='ocrx_word' id='word_1_253' title='bbox 504 2037 558 2079; x_wconf 91' lang='lat' dir='ltr'>non</span> <span class='ocrx_word' id='word_1_254' title='bbox 576 2030 703 2095; x_wconf 91' lang='lat' dir='ltr'>poterat:</span> <span class='ocrx_word' id='word_1_255' title='bbox 726 2026 801 2080; x_wconf 86' lang='lat' dir='ltr'>Arcu</span> <span class='ocrx_word' id='word_1_256' title='bbox 825 2027 936 2097; x_wconf 84' lang='lat' dir='ltr'>diluuii,</span> <span class='ocrx_word' id='word_1_257' title='bbox 1027 2027 1090 2080; x_wconf 89' lang='lat' dir='ltr'>Uta</span> <span class='ocrx_word' id='word_1_258' title='bbox 1109 2025 1193 2081; x_wconf 91' lang='lat' dir='ltr'>nobis</span> <span class='ocrx_word' id='word_1_259' title='bbox 1217 2026 1345 2094; x_wconf 89' lang='lat' dir='ltr'>proxima</span> <span class='ocrx_word' id='word_1_260' title='bbox 1370 2032 1398 2081; x_wconf 94' lang='lat' dir='ltr'>et</span> <span class='ocrx_word' id='word_1_261' title='bbox 1417 2040 1466 2095; x_wconf 90' lang='lat' dir='ltr'>per</span> <span class='ocrx_word' id='word_1_262' title='bbox 1487 2025 1636 2080; x_wconf 88' lang='lat' dir='ltr'>Nicolaum</span> <span class='ocrx_word' id='word_1_263' title='bbox 1658 2025 1695 2080; x_wconf 87' lang='lat' dir='ltr'>tlt</span> <span class='ocrx_word' id='word_1_264' title='bbox 1716 2027 1815 2080; x_wconf 87' lang='lat' dir='ltr'>curata</span> 
     </span>
     <span class='ocr_line' id='line_1_21' title="bbox 110 2110 1815 2184; baseline 0.004 -21"><span class='ocrx_word' id='word_1_265' title='bbox 110 2110 260 2164; x_wconf 76' lang='lat' dir='ltr'>inundatio</span> <span class='ocrx_word' id='word_1_266' title='bbox 277 2127 422 2180; x_wconf 83' lang='lat' dir='ltr'>equorum.</span> <span class='ocrx_word' id='word_1_267' title='bbox 436 2142 470 2153; x_wconf 90' lang='lat'>-·</span> <span class='ocrx_word' id='word_1_268' title='bbox 485 2112 534 2166; x_wconf 87' lang='lat' dir='ltr'>Lot</span> <span class='ocrx_word' id='word_1_269' title='bbox 554 2114 693 2180; x_wconf 74' lang='lat' dir='ltr'>egreditur</span> <span class='ocrx_word' id='word_1_270' title='bbox 712 2114 889 2170; x_wconf 85' lang='lat' dir='ltr'>desudomis.</span> <span class='ocrx_word' id='word_1_271' title='bbox 903 2144 938 2154; x_wconf 88' lang='lat'>—</span> <span class='ocrx_word' id='word_1_272' title='bbox 992 2114 1185 2183; x_wconf 79' lang='lat' dir='ltr'>exordiamur,</span> <span class='ocrx_word' id='word_1_273' title='bbox 1209 2128 1293 2184; x_wconf 91' lang='lat' dir='ltr'>quam</span> <span class='ocrx_word' id='word_1_274' title='bbox 1320 2128 1417 2170; x_wconf 92' lang='lat' dir='ltr'>omnes</span> <span class='ocrx_word' id='word_1_275' title='bbox 1444 2113 1531 2169; x_wconf 92' lang='lat' dir='ltr'>ierme</span> <span class='ocrx_word' id='word_1_276' title='bbox 1552 2113 1723 2169; x_wconf 88' lang='lat' dir='ltr'>recentiores</span> <span class='ocrx_word' id='word_1_277' title='bbox 1752 2121 1815 2183; x_wconf 85' lang='lat' dir='ltr'>post</span> 
     </span>
     <span class='ocr_line' id='line_1_22' title="bbox 109 2198 1815 2273; baseline 0.002 -22"><span class='ocrx_word' id='word_1_278' title='bbox 109 2198 255 2253; x_wconf 79' lang='lat' dir='ltr'>Abrohom</span> <span class='ocrx_word' id='word_1_279' title='bbox 275 2203 330 2254; x_wconf 82' lang='lat' dir='ltr'>tres</span> <span class='ocrx_word' id='word_1_280' title='bbox 342 2200 413 2253; x_wconf 86' lang='lat' dir='ltr'>uidit</span> <span class='ocrx_word' id='word_1_281' title='bbox 432 2206 457 2255; x_wconf 83' lang='lat' dir='ltr'>et</span> <span class='ocrx_word' id='word_1_282' title='bbox 475 2216 559 2257; x_wconf 82' lang='lat' dir='ltr'>unum</span> <span class='ocrx_word' id='word_1_283' title='bbox 580 2201 715 2256; x_wconf 83' lang='lat' dir='ltr'>adorauit.</span> <span class='ocrx_word' id='word_1_284' title='bbox 732 2233 766 2244; x_wconf 95' lang='lat'><em>-</em></span> <span class='ocrx_word' id='word_1_285' title='bbox 789 2204 937 2259; x_wconf 85' lang='lat' dir='ltr'>immolatio</span> <span class='ocrx_word' id='word_1_286' title='bbox 992 2204 1167 2272; x_wconf 85' lang='lat' dir='ltr'>Tempestam</span> <span class='ocrx_word' id='word_1_287' title='bbox 1181 2205 1319 2273; x_wconf 89' lang='lat' dir='ltr'>pictorem</span> <span class='ocrx_word' id='word_1_288' title='bbox 1335 2211 1362 2258; x_wconf 91' lang='lat' dir='ltr'>et</span> <span class='ocrx_word' id='word_1_289' title='bbox 1377 2203 1542 2265; x_wconf 91' lang='lat' dir='ltr'>incisorem,</span> <span class='ocrx_word' id='word_1_290' title='bbox 1556 2201 1656 2258; x_wconf 87' lang='lat' dir='ltr'>relicta</span> <span class='ocrx_word' id='word_1_291' title='bbox 1670 2200 1815 2270; x_wconf 91' lang='lat' dir='ltr'>superiori</span> 
     </span>
     <span class='ocr_line' id='line_1_23' title="bbox 109 2285 1816 2363; baseline 0.002 -22"><span class='ocrx_word' id='word_1_292' title='bbox 109 2287 200 2341; x_wconf 85' lang='lat' dir='ltr'>lsuoc.</span> <span class='ocrx_word' id='word_1_293' title='bbox 216 2289 367 2356; x_wconf 81' lang='lat' dir='ltr'>-ampses</span> <span class='ocrx_word' id='word_1_294' title='bbox 386 2293 412 2342; x_wconf 85' lang='lat' dir='ltr'>et</span> <span class='ocrx_word' id='word_1_295' title='bbox 422 2289 519 2343; x_wconf 84' lang='lat' dir='ltr'>Acron</span> <span class='ocrx_word' id='word_1_296' title='bbox 538 2291 688 2358; x_wconf 81' lang='lat' dir='ltr'>loquuntur</span> <span class='ocrx_word' id='word_1_297' title='bbox 701 2291 739 2344; x_wconf 87' lang='lat' dir='ltr'>ud</span> <span class='ocrx_word' id='word_1_298' title='bbox 757 2292 936 2363; x_wconf 83' lang='lat' dir='ltr'>Pharaonem,</span> <span class='ocrx_word' id='word_1_299' title='bbox 991 2305 1025 2346; x_wconf 85' lang='lat' dir='ltr'>ac</span> <span class='ocrx_word' id='word_1_300' title='bbox 1039 2291 1201 2358; x_wconf 88' lang='lat' dir='ltr'>vetustiori,</span> <span class='ocrx_word' id='word_1_301' title='bbox 1219 2296 1344 2359; x_wconf 89' lang='lat' dir='ltr'>utpotea</span> <span class='ocrx_word' id='word_1_302' title='bbox 1360 2297 1514 2359; x_wconf 91' lang='lat' dir='ltr'>conspectu</span> <span class='ocrx_word' id='word_1_303' title='bbox 1529 2291 1621 2360; x_wconf 85' lang='lat' dir='ltr'>magis</span> <span class='ocrx_word' id='word_1_304' title='bbox 1633 2285 1816 2351; x_wconf 70' lang='lat' dir='ltr'>remotaen-</span> 
     </span>
     <span class='ocr_line' id='line_1_24' title="bbox 109 2376 1817 2446; baseline 0.002 -17"><span class='ocrx_word' id='word_1_305' title='bbox 109 2381 143 2429; x_wconf 87' lang='lat' dir='ltr'>ul</span> <span class='ocrx_word' id='word_1_306' title='bbox 155 2377 277 2430; x_wconf 83' lang='lat' dir='ltr'>dimittet</span> <span class='ocrx_word' id='word_1_307' title='bbox 285 2377 427 2446; x_wconf 81' lang='lat' dir='ltr'>poputum.</span> <span class='ocrx_word' id='word_1_308' title='bbox 444 2408 478 2416; x_wconf 85' lang='lat'>-</span> <span class='ocrx_word' id='word_1_309' title='bbox 490 2380 595 2446; x_wconf 84' lang='lat' dir='ltr'>blopscs</span> <span class='ocrx_word' id='word_1_310' title='bbox 607 2384 631 2432; x_wconf 85' lang='lat' dir='ltr'>et</span> <span class='ocrx_word' id='word_1_311' title='bbox 644 2379 740 2433; x_wconf 83' lang='lat' dir='ltr'>Acron</span> <span class='ocrx_word' id='word_1_312' title='bbox 754 2382 861 2446; x_wconf 74' lang='lat' dir='ltr'>scirpum</span> <span class='ocrx_word' id='word_1_313' title='bbox 873 2397 938 2436; x_wconf 87' lang='lat' dir='ltr'>uer-</span> <span class='ocrx_word' id='word_1_314' title='bbox 993 2379 1153 2440; x_wconf 87' lang='lat' dir='ltr'>cuderunt;</span> <span class='ocrx_word' id='word_1_315' title='bbox 1167 2378 1320 2434; x_wconf 90' lang='lat' dir='ltr'>dolendum</span> <span class='ocrx_word' id='word_1_316' title='bbox 1337 2385 1380 2434; x_wconf 90' lang='lat' dir='ltr'>est</span> <span class='ocrx_word' id='word_1_317' title='bbox 1394 2379 1520 2434; x_wconf 82' lang='lat' dir='ltr'>artifices</span> <span class='ocrx_word' id='word_1_318' title='bbox 1533 2392 1549 2433; x_wconf 93' lang='lat' dir='ltr'>a</span> <span class='ocrx_word' id='word_1_319' title='bbox 1564 2377 1682 2434; x_wconf 85' lang='lat' dir='ltr'>Nicolao</span> <span class='ocrx_word' id='word_1_320' title='bbox 1696 2376 1817 2433; x_wconf 90' lang='lat' dir='ltr'>adbibi-</span> 
     </span>
     <span class='ocr_line' id='line_1_25' title="bbox 110 2467 1817 2537; baseline 0.002 -19"><span class='ocrx_word' id='word_1_321' title='bbox 110 2468 214 2518; x_wconf 84' lang='lat' dir='ltr'>tuntiu</span> <span class='ocrx_word' id='word_1_322' title='bbox 227 2471 385 2534; x_wconf 77' lang='lat' dir='ltr'>serpcmtcm,</span> <span class='ocrx_word' id='word_1_323' title='bbox 403 2484 416 2515; x_wconf 77' lang='lat' dir='ltr'>u</span> <span class='ocrx_word' id='word_1_324' title='bbox 432 2473 487 2522; x_wconf 89' lang='lat' dir='ltr'>etc.</span> <span class='ocrx_word' id='word_1_325' title='bbox 502 2467 638 2536; x_wconf 84' lang='lat' dir='ltr'>Sequitur</span> <span class='ocrx_word' id='word_1_326' title='bbox 653 2469 726 2523; x_wconf 87' lang='lat' dir='ltr'>alias</span> <span class='ocrx_word' id='word_1_327' title='bbox 740 2469 827 2524; x_wconf 80' lang='lat' dir='ltr'>Exodi</span> <span class='ocrx_word' id='word_1_328' title='bbox 843 2468 938 2525; x_wconf 88' lang='lat' dir='ltr'>histo·</span> <span class='ocrx_word' id='word_1_329' title='bbox 993 2473 1047 2531; x_wconf 76' lang='lat' dir='ltr'>toS,</span> <span class='ocrx_word' id='word_1_330' title='bbox 1065 2467 1115 2537; x_wconf 91' lang='lat' dir='ltr'>qui</span> <span class='ocrx_word' id='word_1_331' title='bbox 1132 2467 1203 2523; x_wconf 89' lang='lat' dir='ltr'>satis</span> <span class='ocrx_word' id='word_1_332' title='bbox 1222 2474 1319 2522; x_wconf 92' lang='lat' dir='ltr'>exacte</span> <span class='ocrx_word' id='word_1_333' title='bbox 1334 2467 1522 2524; x_wconf 88' lang='lat' dir='ltr'>reddiderunt</span> <span class='ocrx_word' id='word_1_334' title='bbox 1543 2481 1676 2523; x_wconf 90' lang='lat' dir='ltr'>numeros</span> <span class='ocrx_word' id='word_1_335' title='bbox 1690 2467 1817 2522; x_wconf 83' lang='lat' dir='ltr'>chrono-</span> 
     </span>
     <span class='ocr_line' id='line_1_26' title="bbox 111 2554 1816 2627; baseline 0.001 -19"><span class='ocrx_word' id='word_1_336' title='bbox 111 2554 365 2622; x_wconf 71' lang='lat' dir='ltr'>mesenensem,</span> <span class='ocrx_word' id='word_1_337' title='bbox 381 2554 421 2609; x_wconf 90' lang='lat' dir='ltr'>ibi</span> <span class='ocrx_word' id='word_1_338' title='bbox 436 2555 574 2623; x_wconf 90' lang='lat' dir='ltr'>depictas,</span> <span class='ocrx_word' id='word_1_339' title='bbox 587 2555 617 2609; x_wconf 91' lang='lat' dir='ltr'>in</span> <span class='ocrx_word' id='word_1_340' title='bbox 634 2555 691 2610; x_wconf 88' lang='lat' dir='ltr'>tab.</span> <span class='ocrx_word' id='word_1_341' title='bbox 706 2556 848 2627; x_wconf 88' lang='lat' dir='ltr'>Ciampini</span> <span class='ocrx_word' id='word_1_342' title='bbox 862 2571 892 2613; x_wconf 88' lang='lat' dir='ltr'>x.</span> <span class='ocrx_word' id='word_1_343' title='bbox 907 2559 937 2613; x_wconf 94' lang='lat' dir='ltr'>in</span> <span class='ocrx_word' id='word_1_344' title='bbox 993 2557 1101 2624; x_wconf 88' lang='lat' dir='ltr'>logicos</span> <span class='ocrx_word' id='word_1_345' title='bbox 1122 2556 1151 2611; x_wconf 95' lang='lat' dir='ltr'>in</span> <span class='ocrx_word' id='word_1_346' title='bbox 1167 2557 1240 2611; x_wconf 91' lang='lat' dir='ltr'>serie</span> <span class='ocrx_word' id='word_1_347' title='bbox 1253 2557 1404 2612; x_wconf 84' lang='lat' dir='ltr'>vetustiori</span> <span class='ocrx_word' id='word_1_348' title='bbox 1428 2570 1586 2626; x_wconf 86' lang='lat' dir='ltr'>expressos,</span> <span class='ocrx_word' id='word_1_349' title='bbox 1603 2556 1699 2611; x_wconf 79' lang='lat' dir='ltr'>eadem</span> <span class='ocrx_word' id='word_1_350' title='bbox 1715 2555 1816 2611; x_wconf 83' lang='lat' dir='ltr'>ideae</span> 
     </span>
     <span class='ocr_line' id='line_1_27' title="bbox 109 2642 1815 2715; baseline 0.002 -20"><span class='ocrx_word' id='word_1_351' title='bbox 109 2642 190 2697; x_wconf 88' lang='lat' dir='ltr'>areis</span> <span class='ocrx_word' id='word_1_352' title='bbox 205 2642 354 2712; x_wconf 87' lang='lat' dir='ltr'>quadratis</span> <span class='ocrx_word' id='word_1_353' title='bbox 364 2660 372 2707; x_wconf 72' lang='grc' dir='ltr'><strong>ς</strong></span> <span class='ocrx_word' id='word_1_354' title='bbox 383 2649 443 2698; x_wconf 89' lang='lat' dir='ltr'>tum</span> <span class='ocrx_word' id='word_1_355' title='bbox 457 2643 514 2698; x_wconf 84' lang='lat' dir='ltr'>baec</span> <span class='ocrx_word' id='word_1_356' title='bbox 526 2642 627 2699; x_wconf 86' lang='lat' dir='ltr'>subdit</span> <span class='ocrx_word' id='word_1_357' title='bbox 640 2644 675 2699; x_wconf 92' lang='lat' dir='ltr'>de</span> <span class='ocrx_word' id='word_1_358' title='bbox 685 2645 759 2700; x_wconf 89' lang='lat' dir='ltr'>serie</span> <span class='ocrx_word' id='word_1_359' title='bbox 770 2645 937 2714; x_wconf 84' lang='lat' dir='ltr'>pontiacum</span> <span class='ocrx_word' id='word_1_360' title='bbox 991 2644 1145 2715; x_wconf 81' lang='lat' dir='ltr'>diligentia</span> <span class='ocrx_word' id='word_1_361' title='bbox 1160 2659 1214 2701; x_wconf 90' lang='lat' dir='ltr'>non</span> <span class='ocrx_word' id='word_1_362' title='bbox 1232 2644 1322 2700; x_wconf 85' lang='lat' dir='ltr'>luisse</span> <span class='ocrx_word' id='word_1_363' title='bbox 1338 2645 1465 2700; x_wconf 90' lang='lat' dir='ltr'>imitatos</span> <span class='ocrx_word' id='word_1_364' title='bbox 1478 2650 1643 2701; x_wconf 88' lang='lat' dir='ltr'>ornamenta</span> <span class='ocrx_word' id='word_1_365' title='bbox 1657 2643 1815 2714; x_wconf 89' lang='lat' dir='ltr'>imaginum</span> 
     </span>
     <span class='ocr_line' id='line_1_28' title="bbox 111 2730 1814 2804; baseline 0.001 -21"><span class='ocrx_word' id='word_1_366' title='bbox 111 2731 264 2785; x_wconf 80' lang='lat' dir='ltr'>vetustiori</span> <span class='ocrx_word' id='word_1_367' title='bbox 283 2730 323 2784; x_wconf 93' lang='lat' dir='ltr'>ibi</span> <span class='ocrx_word' id='word_1_368' title='bbox 341 2730 384 2784; x_wconf 87' lang='lat' dir='ltr'>iit.</span> <span class='ocrx_word' id='word_1_369' title='bbox 403 2732 422 2785; x_wconf 91' lang='lat' dir='ltr'>l.</span> <span class='ocrx_word' id='word_1_370' title='bbox 440 2731 470 2784; x_wconf 89' lang='lat' dir='ltr'>L.</span> <span class='ocrx_word' id='word_1_371' title='bbox 993 2749 1056 2804; x_wconf 76' lang='lat' dir='ltr'>quac</span> <span class='ocrx_word' id='word_1_372' title='bbox 1073 2735 1100 2789; x_wconf 94' lang='lat' dir='ltr'>in</span> <span class='ocrx_word' id='word_1_373' title='bbox 1115 2734 1234 2804; x_wconf 88' lang='lat' dir='ltr'>antiqua</span> <span class='ocrx_word' id='word_1_374' title='bbox 1251 2734 1325 2789; x_wconf 91' lang='lat' dir='ltr'>serie</span> <span class='ocrx_word' id='word_1_375' title='bbox 1342 2735 1508 2804; x_wconf 90' lang='lat' dir='ltr'>incorrupta</span> <span class='ocrx_word' id='word_1_376' title='bbox 1532 2733 1627 2789; x_wconf 92' lang='lat' dir='ltr'>adhuc</span> <span class='ocrx_word' id='word_1_377' title='bbox 1649 2735 1814 2802; x_wconf 89' lang='lat' dir='ltr'>supersunt.</span> 
     </span>
     <span class='ocr_line' id='line_1_29' title="bbox 150 2816 1815 2891; baseline 0.001 -20"><span class='ocrx_word' id='word_1_378' title='bbox 150 2837 164 2870; x_wconf 77' lang='lat' dir='ltr'>c</span> <span class='ocrx_word' id='word_1_379' title='bbox 181 2816 257 2872; x_wconf 90' lang='lat' dir='ltr'>inira</span> <span class='ocrx_word' id='word_1_380' title='bbox 272 2818 323 2873; x_wconf 91' lang='lat' dir='ltr'>has</span> <span class='ocrx_word' id='word_1_381' title='bbox 337 2819 465 2886; x_wconf 90' lang='lat' dir='ltr'>picturas</span> <span class='ocrx_word' id='word_1_382' title='bbox 480 2825 561 2875; x_wconf 91' lang='lat' dir='ltr'>erant</span> <span class='ocrx_word' id='word_1_383' title='bbox 580 2821 675 2890; x_wconf 91' lang='lat' dir='ltr'>capita</span> <span class='ocrx_word' id='word_1_384' title='bbox 691 2821 857 2890; x_wconf 82' lang='lat' dir='ltr'>pontificum</span> <span class='ocrx_word' id='word_1_385' title='bbox 871 2835 936 2878; x_wconf 90' lang='lat' dir='ltr'>cum</span> <span class='ocrx_word' id='word_1_386' title='bbox 993 2822 1139 2877; x_wconf 88' lang='lat' dir='ltr'>Vidissent</span> <span class='ocrx_word' id='word_1_387' title='bbox 1150 2822 1274 2891; x_wconf 83' lang='lat' dir='ltr'>proiecto</span> <span class='ocrx_word' id='word_1_388' title='bbox 1288 2836 1338 2877; x_wconf 89' lang='lat' dir='ltr'>nec</span> <span class='ocrx_word' id='word_1_389' title='bbox 1357 2822 1387 2876; x_wconf 90' lang='lat' dir='ltr'>S.</span> <span class='ocrx_word' id='word_1_390' title='bbox 1402 2821 1548 2888; x_wconf 83' lang='lat' dir='ltr'>silvestro,</span> <span class='ocrx_word' id='word_1_391' title='bbox 1571 2834 1622 2876; x_wconf 89' lang='lat' dir='ltr'>nec</span> <span class='ocrx_word' id='word_1_392' title='bbox 1637 2819 1815 2875; x_wconf 90' lang='lat' dir='ltr'>successori-</span> 
     </span>
     <span class='ocr_line' id='line_1_30' title="bbox 111 2906 1817 2981; baseline 0.001 -20"><span class='ocrx_word' id='word_1_393' title='bbox 111 2911 210 2961; x_wconf 91' lang='lat' dir='ltr'>manto</span> <span class='ocrx_word' id='word_1_394' title='bbox 224 2908 505 2976; x_wconf 88' lang='lat' dir='ltr'>morcantiquorum,</span> <span class='ocrx_word' id='word_1_395' title='bbox 522 2922 585 2964; x_wconf 90' lang='lat' dir='ltr'>oum</span> <span class='ocrx_word' id='word_1_396' title='bbox 597 2909 773 2976; x_wconf 89' lang='lat' dir='ltr'>nominibus,</span> <span class='ocrx_word' id='word_1_397' title='bbox 788 2910 865 2966; x_wconf 91' lang='lat' dir='ltr'>verbi</span> <span class='ocrx_word' id='word_1_398' title='bbox 877 2923 938 2981; x_wconf 84' lang='lat' dir='ltr'>gra·</span> <span class='ocrx_word' id='word_1_399' title='bbox 992 2909 1047 2965; x_wconf 93' lang='lat' dir='ltr'>bus</span> <span class='ocrx_word' id='word_1_400' title='bbox 1055 2911 1185 2980; x_wconf 89' lang='lat' dir='ltr'>usquead</span> <span class='ocrx_word' id='word_1_401' title='bbox 1198 2910 1716 2978; x_wconf 78' lang='lat' dir='ltr'>sacuinmChristidecimumaptatas</span> <span class='ocrx_word' id='word_1_402' title='bbox 1727 2906 1817 2963; x_wconf 86' lang='lat' dir='ltr'>inisse</span> 
     </span>
     <span class='ocr_line' id='line_1_31' title="bbox 111 2994 1816 3069; baseline 0.002 -21"><span class='ocrx_word' id='word_1_403' title='bbox 111 2994 153 3048; x_wconf 86' lang='lat' dir='ltr'>tia</span> <span class='ocrx_word' id='word_1_404' title='bbox 166 3011 173 3048; x_wconf 91' lang='lat'>:</span> <span class='ocrx_word' id='word_1_405' title='bbox 187 2994 303 3049; x_wconf 82' lang='lat' dir='ltr'>siricius</span> <span class='ocrx_word' id='word_1_406' title='bbox 318 2996 389 3050; x_wconf 86' lang='lat' dir='ltr'>sedit</span> <span class='ocrx_word' id='word_1_407' title='bbox 402 3013 469 3050; x_wconf 74' lang='lat' dir='ltr'>ania.</span> <span class='ocrx_word' id='word_1_408' title='bbox 490 3010 536 3065; x_wconf 86' lang='lat' dir='ltr'>xv,</span> <span class='ocrx_word' id='word_1_409' title='bbox 551 3013 636 3061; x_wconf 79' lang='lat' dir='ltr'>mem,</span> <span class='ocrx_word' id='word_1_410' title='bbox 653 3011 681 3066; x_wconf 91' lang='lat' dir='ltr'>v,</span> <span class='ocrx_word' id='word_1_411' title='bbox 702 2999 729 3052; x_wconf 92' lang='lat' dir='ltr'>d.</span> <span class='ocrx_word' id='word_1_412' title='bbox 748 3012 785 3052; x_wconf 89' lang='lat' dir='ltr'>xx</span> <span class='ocrx_word' id='word_1_413' title='bbox 800 2998 938 3069; x_wconf 85' lang='lat' dir='ltr'>(Anusto-</span> <span class='ocrx_word' id='word_1_414' title='bbox 992 3011 1008 3052; x_wconf 91' lang='lat' dir='ltr'>a</span> <span class='ocrx_word' id='word_1_415' title='bbox 1024 2998 1180 3067; x_wconf 83' lang='lat' dir='ltr'>majoribus</span> <span class='ocrx_word' id='word_1_416' title='bbox 1194 3000 1301 3055; x_wconf 91' lang='lat' dir='ltr'>nostris</span> <span class='ocrx_word' id='word_1_417' title='bbox 1314 2999 1404 3055; x_wconf 90' lang='lat' dir='ltr'>tiaras</span> <span class='ocrx_word' id='word_1_418' title='bbox 1419 2997 1484 3054; x_wconf 89' lang='lat' dir='ltr'>ilias</span> <span class='ocrx_word' id='word_1_419' title='bbox 1500 2997 1639 3065; x_wconf 79' lang='lat' dir='ltr'>ingentes,</span> <span class='ocrx_word' id='word_1_420' title='bbox 1654 2996 1697 3052; x_wconf 88' lang='lat' dir='ltr'>vei</span> <span class='ocrx_word' id='word_1_421' title='bbox 1712 2995 1816 3061; x_wconf 85' lang='lat' dir='ltr'>nudas,</span> 
     </span>
    </p>
   </div>
   <div class='ocr_carea' id='block_1_6' title="bbox 111 3053 1818 3248">
    <p class='ocr_par' dir='ltr' id='par_1_6' title="bbox 111 3053 1818 3248">
     <span class='ocr_line' id='line_1_32' title="bbox 111 3053 1818 3159; baseline 0.001 -23"><span class='ocrx_word' id='word_1_422' title='bbox 111 3084 170 3137; x_wconf 86' lang='lat' dir='ltr'>sius</span> <span class='ocrx_word' id='word_1_423' title='bbox 191 3084 262 3137; x_wconf 85' lang='lat' dir='ltr'>sedit</span> <span class='ocrx_word' id='word_1_424' title='bbox 274 3086 390 3153; x_wconf 83' lang='lat' dir='ltr'>oum...)</span> <span class='ocrx_word' id='word_1_425' title='bbox 405 3085 481 3138; x_wconf 75' lang='lat' dir='ltr'>Felix</span> <span class='ocrx_word' id='word_1_426' title='bbox 501 3085 571 3139; x_wconf 86' lang='lat' dir='ltr'>sedit</span> <span class='ocrx_word' id='word_1_427' title='bbox 589 3102 655 3139; x_wconf 79' lang='lat' dir='ltr'>ocu.</span> <span class='ocrx_word' id='word_1_428' title='bbox 677 3100 697 3157; x_wconf 86' lang='lat' dir='ltr'>i,</span> <span class='ocrx_word' id='word_1_429' title='bbox 713 3103 822 3141; x_wconf 81' lang='lat' dir='ltr'>meus...</span> <span class='ocrx_word' id='word_1_430' title='bbox 837 3085 936 3156; x_wconf 85' lang='lat' dir='ltr'>(lulius</span> <span class='ocrx_word' id='word_1_431' title='bbox 953 3053 977 3114; x_wconf 76' lang='lat' dir='ltr'>C</span> <span class='ocrx_word' id='word_1_432' title='bbox 993 3086 1035 3141; x_wconf 91' lang='lat' dir='ltr'>vel</span> <span class='ocrx_word' id='word_1_433' title='bbox 1048 3093 1199 3142; x_wconf 89' lang='lat' dir='ltr'>coronatas</span> <span class='ocrx_word' id='word_1_434' title='bbox 1212 3088 1273 3159; x_wconf 89' lang='lat' dir='ltr'>(seu</span> <span class='ocrx_word' id='word_1_435' title='bbox 1295 3088 1445 3159; x_wconf 76' lang='lat' dir='ltr'>pingerent</span> <span class='ocrx_word' id='word_1_436' title='bbox 1458 3087 1615 3157; x_wconf 86' lang='lat' dir='ltr'>coloribus,</span> <span class='ocrx_word' id='word_1_437' title='bbox 1630 3100 1680 3141; x_wconf 87' lang='lat' dir='ltr'>seu</span> <span class='ocrx_word' id='word_1_438' title='bbox 1696 3083 1818 3141; x_wconf 78' lang='lat' dir='ltr'>musivis</span> 
     </span>
     <span class='ocr_line' id='line_1_33' title="bbox 111 3172 1817 3248; baseline 0.001 -22"><span class='ocrx_word' id='word_1_439' title='bbox 111 3172 183 3226; x_wconf 84' lang='lat' dir='ltr'>sedit</span> <span class='ocrx_word' id='word_1_440' title='bbox 196 3188 298 3227; x_wconf 72' lang='lat' dir='ltr'>unic...</span> <span class='ocrx_word' id='word_1_441' title='bbox 321 3174 466 3241; x_wconf 78' lang='lat' dir='ltr'>(Eusebius</span> <span class='ocrx_word' id='word_1_442' title='bbox 489 3175 560 3229; x_wconf 85' lang='lat' dir='ltr'>sedit</span> <span class='ocrx_word' id='word_1_443' title='bbox 578 3182 690 3248; x_wconf 58' lang='lat' dir='ltr'>cum...)</span> <span class='ocrx_word' id='word_1_444' title='bbox 715 3176 841 3232; x_wconf 77' lang='lat' dir='ltr'>ormisda</span> <span class='ocrx_word' id='word_1_445' title='bbox 866 3177 937 3231; x_wconf 86' lang='lat' dir='ltr'>sedit</span> <span class='ocrx_word' id='word_1_446' title='bbox 991 3177 1133 3231; x_wconf 88' lang='lat' dir='ltr'>crustulis</span> <span class='ocrx_word' id='word_1_447' title='bbox 1145 3182 1385 3248; x_wconf 90' lang='lat' dir='ltr'>coagmentarent,</span> <span class='ocrx_word' id='word_1_448' title='bbox 1407 3178 1466 3232; x_wconf 91' lang='lat' dir='ltr'>sive</span> <span class='ocrx_word' id='word_1_449' title='bbox 1478 3179 1565 3232; x_wconf 91' lang='lat' dir='ltr'>etiam</span> <span class='ocrx_word' id='word_1_450' title='bbox 1582 3176 1610 3231; x_wconf 95' lang='lat' dir='ltr'>in</span> <span class='ocrx_word' id='word_1_451' title='bbox 1629 3172 1817 3231; x_wconf 91' lang='lat' dir='ltr'>numismati-</span> 
     </span>
    </p>
   </div>
   <div class='ocr_carea' id='block_1_7' title="bbox 111 3264 1818 3335">
    <p class='ocr_par' dir='ltr' id='par_1_7' title="bbox 111 3264 1818 3335">
     <span class='ocr_line' id='line_1_34' title="bbox 111 3264 1818 3335; baseline 0.002 -21"><span class='ocrx_word' id='word_1_452' title='bbox 111 3277 212 3316; x_wconf 83' lang='lat' dir='ltr'>cmn....</span> <span class='ocrx_word' id='word_1_453' title='bbox 230 3281 243 3312; x_wconf 77' lang='lat' dir='ltr'>u</span> <span class='ocrx_word' id='word_1_454' title='bbox 991 3264 1045 3320; x_wconf 94' lang='lat' dir='ltr'>bus</span> <span class='ocrx_word' id='word_1_455' title='bbox 1055 3265 1294 3320; x_wconf 91' lang='lat' dir='ltr'>cuderentvuhus</span> <span class='ocrx_word' id='word_1_456' title='bbox 1308 3265 1497 3334; x_wconf 82' lang='lat' dir='ltr'>pontificum),</span> <span class='ocrx_word' id='word_1_457' title='bbox 1510 3279 1581 3335; x_wconf 92' lang='lat' dir='ltr'>quas</span> <span class='ocrx_word' id='word_1_458' title='bbox 1594 3265 1648 3332; x_wconf 90' lang='lat' dir='ltr'>ipsi</span> <span class='ocrx_word' id='word_1_459' title='bbox 1662 3277 1715 3319; x_wconf 90' lang='lat' dir='ltr'>suo</span> <span class='ocrx_word' id='word_1_460' title='bbox 1728 3269 1818 3319; x_wconf 88' lang='lat' dir='ltr'>marte</span> 
     </span>
    </p>
   </div>
   <div class='ocr_carea' id='block_1_8' title="bbox 112 3351 1819 4574">
    <p class='ocr_par' dir='ltr' id='par_1_8' title="bbox 112 3351 1819 3599">
     <span class='ocr_line' id='line_1_35' title="bbox 145 3351 1817 3424; baseline 0 -19"><span class='ocrx_word' id='word_1_461' title='bbox 145 3351 270 3406; x_wconf 85' lang='lat' dir='ltr'>Tandem</span> <span class='ocrx_word' id='word_1_462' title='bbox 284 3351 457 3408; x_wconf 87' lang='lat' dir='ltr'>descendens</span> <span class='ocrx_word' id='word_1_463' title='bbox 469 3353 504 3408; x_wconf 91' lang='lat' dir='ltr'>ad</span> <span class='ocrx_word' id='word_1_464' title='bbox 519 3351 683 3409; x_wconf 82' lang='lat' dir='ltr'>inferiorem</span> <span class='ocrx_word' id='word_1_465' title='bbox 699 3355 801 3409; x_wconf 88' lang='lat' dir='ltr'>seriem</span> <span class='ocrx_word' id='word_1_466' title='bbox 818 3367 934 3410; x_wconf 91' lang='lat' dir='ltr'>eorum·</span> <span class='ocrx_word' id='word_1_467' title='bbox 991 3353 1195 3424; x_wconf 91' lang='lat' dir='ltr'>procudebant,</span> <span class='ocrx_word' id='word_1_468' title='bbox 1208 3360 1236 3408; x_wconf 91' lang='lat' dir='ltr'>et</span> <span class='ocrx_word' id='word_1_469' title='bbox 1246 3361 1344 3408; x_wconf 91' lang='lat' dir='ltr'>contra</span> <span class='ocrx_word' id='word_1_470' title='bbox 1358 3354 1441 3409; x_wconf 89' lang='lat' dir='ltr'>iidem</span> <span class='ocrx_word' id='word_1_471' title='bbox 1456 3354 1633 3422; x_wconf 89' lang='lat' dir='ltr'>picturarum</span> <span class='ocrx_word' id='word_1_472' title='bbox 1647 3359 1675 3407; x_wconf 92' lang='lat' dir='ltr'>et</span> <span class='ocrx_word' id='word_1_473' title='bbox 1687 3351 1817 3406; x_wconf 82' lang='lat' dir='ltr'>musivo-</span> 
     </span>
     <span class='ocr_line' id='line_1_36' title="bbox 112 3436 1819 3512; baseline 0.002 -20"><span class='ocrx_word' id='word_1_474' title='bbox 112 3438 173 3494; x_wconf 91' lang='lat' dir='ltr'>dem</span> <span class='ocrx_word' id='word_1_475' title='bbox 191 3440 371 3508; x_wconf 83' lang='lat' dir='ltr'>pontiacum,</span> <span class='ocrx_word' id='word_1_476' title='bbox 390 3442 474 3509; x_wconf 86' lang='lat' dir='ltr'>jussu</span> <span class='ocrx_word' id='word_1_477' title='bbox 494 3441 605 3497; x_wconf 88' lang='lat' dir='ltr'>Nicolai</span> <span class='ocrx_word' id='word_1_478' title='bbox 625 3445 661 3497; x_wconf 90' lang='lat' dir='ltr'>ill</span> <span class='ocrx_word' id='word_1_479' title='bbox 677 3443 706 3498; x_wconf 92' lang='lat' dir='ltr'>in</span> <span class='ocrx_word' id='word_1_480' title='bbox 723 3443 847 3512; x_wconf 89' lang='lat' dir='ltr'>zophoro</span> <span class='ocrx_word' id='word_1_481' title='bbox 861 3449 890 3498; x_wconf 92' lang='lat' dir='ltr'>et</span> <span class='ocrx_word' id='word_1_482' title='bbox 903 3443 933 3498; x_wconf 90' lang='lat' dir='ltr'>iu</span> <span class='ocrx_word' id='word_1_483' title='bbox 991 3456 1053 3496; x_wconf 86' lang='lat' dir='ltr'>rum</span> <span class='ocrx_word' id='word_1_484' title='bbox 1066 3441 1152 3497; x_wconf 88' lang='lat' dir='ltr'>Urbis</span> <span class='ocrx_word' id='word_1_485' title='bbox 1164 3442 1258 3497; x_wconf 92' lang='lat' dir='ltr'>adhuc</span> <span class='ocrx_word' id='word_1_486' title='bbox 1268 3443 1456 3511; x_wconf 87' lang='lat' dir='ltr'>superstitum</span> <span class='ocrx_word' id='word_1_487' title='bbox 1476 3438 1626 3507; x_wconf 85' lang='lat' dir='ltr'>addebant,</span> <span class='ocrx_word' id='word_1_488' title='bbox 1648 3436 1819 3495; x_wconf 80' lang='lat' dir='ltr'>transferen-</span> 
     </span>
     <span class='ocr_line' id='line_1_37' title="bbox 112 3527 1817 3599; baseline 0.002 -18"><span class='ocrx_word' id='word_1_489' title='bbox 112 3527 258 3597; x_wconf 75' lang='lat' dir='ltr'>epistyliis</span> <span class='ocrx_word' id='word_1_490' title='bbox 271 3529 452 3597; x_wconf 87' lang='lat' dir='ltr'>dispositam,</span> <span class='ocrx_word' id='word_1_491' title='bbox 469 3531 508 3585; x_wconf 87' lang='lat' dir='ltr'>ita</span> <span class='ocrx_word' id='word_1_492' title='bbox 520 3530 630 3586; x_wconf 86' lang='lat' dir='ltr'>scribit.</span> <span class='ocrx_word' id='word_1_493' title='bbox 991 3538 1033 3586; x_wconf 90' lang='lat' dir='ltr'>tes</span> <span class='ocrx_word' id='word_1_494' title='bbox 1054 3546 1137 3586; x_wconf 88' lang='lat' dir='ltr'>usum</span> <span class='ocrx_word' id='word_1_495' title='bbox 1153 3534 1247 3585; x_wconf 83' lang='lat' dir='ltr'>aetatis</span> <span class='ocrx_word' id='word_1_496' title='bbox 1261 3545 1330 3595; x_wconf 80' lang='lat' dir='ltr'>sum,</span> <span class='ocrx_word' id='word_1_497' title='bbox 1356 3528 1530 3599; x_wconf 82' lang='lat' dir='ltr'>octingentis</span> <span class='ocrx_word' id='word_1_498' title='bbox 1544 3529 1657 3583; x_wconf 83' lang='lat' dir='ltr'>annisa</span> <span class='ocrx_word' id='word_1_499' title='bbox 1674 3529 1817 3585; x_wconf 89' lang='lat' dir='ltr'>Leoniano</span> 
     </span>
    </p>

    <p class='ocr_par' dir='ltr' id='par_1_9' title="bbox 114 3615 1819 4574">
     <span class='ocr_line' id='line_1_38' title="bbox 147 3615 1812 3690; baseline 0.002 -24"><span class='ocrx_word' id='word_1_500' title='bbox 147 3617 333 3684; x_wconf 78' lang='lat' dir='ltr'>‹lnzopboro</span> <span class='ocrx_word' id='word_1_501' title='bbox 345 3617 646 3688; x_wconf 89' lang='lat' dir='ltr'>musivioperissupra</span> <span class='ocrx_word' id='word_1_502' title='bbox 657 3619 935 3690; x_wconf 80' lang='lat' dir='ltr'>peristyliiscoium-</span> <span class='ocrx_word' id='word_1_503' title='bbox 991 3618 1097 3674; x_wconf 77' lang='lat' dir='ltr'>saeculo</span> <span class='ocrx_word' id='word_1_504' title='bbox 1110 3619 1232 3686; x_wconf 79' lang='lat' dir='ltr'>dissita,</span> <span class='ocrx_word' id='word_1_505' title='bbox 1245 3624 1272 3672; x_wconf 91' lang='lat' dir='ltr'>et</span> <span class='ocrx_word' id='word_1_506' title='bbox 1289 3617 1353 3687; x_wconf 80' lang='lat' dir='ltr'>pius</span> <span class='ocrx_word' id='word_1_507' title='bbox 1374 3630 1458 3685; x_wconf 82' lang='lat' dir='ltr'>quam</span> <span class='ocrx_word' id='word_1_508' title='bbox 1473 3615 1625 3686; x_wconf 88' lang='lat' dir='ltr'>nongentis</span> <span class='ocrx_word' id='word_1_509' title='bbox 1637 3615 1672 3669; x_wconf 87' lang='lat' dir='ltr'>ab</span> <span class='ocrx_word' id='word_1_510' title='bbox 1687 3621 1770 3672; x_wconf 80' lang='lat' dir='ltr'>atate</span> <span class='ocrx_word' id='word_1_511' title='bbox 1781 3615 1812 3672; x_wconf 90' lang='lat' dir='ltr'>S.</span> 
     </span>
     <span class='ocr_line' id='line_1_39' title="bbox 114 3702 1818 3779; baseline 0.002 -21"><span class='ocrx_word' id='word_1_512' title='bbox 114 3716 215 3759; x_wconf 90' lang='lat' dir='ltr'>narum</span> <span class='ocrx_word' id='word_1_513' title='bbox 228 3713 309 3760; x_wconf 91' lang='lat' dir='ltr'>erant</span> <span class='ocrx_word' id='word_1_514' title='bbox 323 3712 390 3761; x_wconf 81' lang='lat' dir='ltr'>rotae</span> <span class='ocrx_word' id='word_1_515' title='bbox 404 3720 468 3762; x_wconf 92' lang='lat' dir='ltr'>cum</span> <span class='ocrx_word' id='word_1_516' title='bbox 486 3709 662 3778; x_wconf 84' lang='lat' dir='ltr'>imaginibus</span> <span class='ocrx_word' id='word_1_517' title='bbox 675 3724 849 3766; x_wconf 90' lang='lat' dir='ltr'>summorum</span> <span class='ocrx_word' id='word_1_518' title='bbox 862 3723 938 3779; x_wconf 93' lang='lat' dir='ltr'>pon·</span> <span class='ocrx_word' id='word_1_519' title='bbox 990 3706 1132 3772; x_wconf 79' lang='lat' dir='ltr'>silvestri,</span> <span class='ocrx_word' id='word_1_520' title='bbox 1146 3707 1181 3760; x_wconf 90' lang='lat' dir='ltr'>ad</span> <span class='ocrx_word' id='word_1_521' title='bbox 1192 3719 1225 3760; x_wconf 89' lang='lat' dir='ltr'>ea</span> <span class='ocrx_word' id='word_1_522' title='bbox 1238 3712 1366 3774; x_wconf 89' lang='lat' dir='ltr'>tempora</span> <span class='ocrx_word' id='word_1_523' title='bbox 1382 3705 1540 3773; x_wconf 89' lang='lat' dir='ltr'>superiora.</span> <span class='ocrx_word' id='word_1_524' title='bbox 1552 3704 1650 3759; x_wconf 86' lang='lat' dir='ltr'>Satius</span> <span class='ocrx_word' id='word_1_525' title='bbox 1663 3702 1766 3759; x_wconf 90' lang='lat' dir='ltr'>inisset</span> <span class='ocrx_word' id='word_1_526' title='bbox 1777 3705 1818 3761; x_wconf 91' lang='lat' dir='ltr'>tn-</span> 
     </span>
     <span class='ocr_line' id='line_1_40' title="bbox 115 3785 1817 3869; baseline 0.001 -23"><span class='ocrx_word' id='word_1_527' title='bbox 115 3791 235 3862; x_wconf 85' lang='lat' dir='ltr'>tibcum,</span> <span class='ocrx_word' id='word_1_528' title='bbox 248 3785 330 3863; x_wconf 91' lang='lat' dir='ltr'>qua&#39;s,</span> <span class='ocrx_word' id='word_1_529' title='bbox 343 3802 374 3850; x_wconf 93' lang='lat' dir='ltr'>ut</span> <span class='ocrx_word' id='word_1_530' title='bbox 388 3795 855 3869; x_wconf 85' lang='lat' dir='ltr'>inquitNapheusVeggius,pingi</span> <span class='ocrx_word' id='word_1_531' title='bbox 868 3798 937 3855; x_wconf 89' lang='lat' dir='ltr'>iecit</span> <span class='ocrx_word' id='word_1_532' title='bbox 991 3797 1101 3867; x_wconf 88' lang='lat' dir='ltr'>spicere</span> <span class='ocrx_word' id='word_1_533' title='bbox 1114 3796 1266 3866; x_wconf 90' lang='lat' dir='ltr'>imaginem</span> <span class='ocrx_word' id='word_1_534' title='bbox 1282 3794 1401 3849; x_wconf 87' lang='lat' dir='ltr'>lionorii</span> <span class='ocrx_word' id='word_1_535' title='bbox 1415 3796 1436 3862; x_wconf 92' lang='lat' dir='ltr'>l,</span> <span class='ocrx_word' id='word_1_536' title='bbox 1461 3793 1587 3861; x_wconf 88' lang='lat' dir='ltr'>ejusdem</span> <span class='ocrx_word' id='word_1_537' title='bbox 1600 3799 1682 3849; x_wconf 71' lang='lat' dir='ltr'>aetate</span> <span class='ocrx_word' id='word_1_538' title='bbox 1695 3793 1817 3864; x_wconf 90' lang='lat' dir='ltr'>positam</span> 
     </span>
     <span class='ocr_line' id='line_1_41' title="bbox 114 3881 1818 3956; baseline 0.001 -22"><span class='ocrx_word' id='word_1_539' title='bbox 114 3881 249 3937; x_wconf 87' lang='lat' dir='ltr'>Nicotaus</span> <span class='ocrx_word' id='word_1_540' title='bbox 262 3884 305 3938; x_wconf 92' lang='lat' dir='ltr'>lli.</span> <span class='ocrx_word' id='word_1_541' title='bbox 319 3886 349 3938; x_wconf 93' lang='lat' dir='ltr'>ln</span> <span class='ocrx_word' id='word_1_542' title='bbox 362 3883 449 3940; x_wconf 89' lang='lat' dir='ltr'>latere</span> <span class='ocrx_word' id='word_1_543' title='bbox 464 3885 585 3940; x_wconf 91' lang='lat' dir='ltr'>sinistro</span> <span class='ocrx_word' id='word_1_544' title='bbox 599 3886 771 3956; x_wconf 90' lang='lat' dir='ltr'>egrediendo</span> <span class='ocrx_word' id='word_1_545' title='bbox 786 3886 935 3942; x_wconf 87' lang='lat' dir='ltr'>basilicam</span> <span class='ocrx_word' id='word_1_546' title='bbox 992 3886 1022 3941; x_wconf 93' lang='lat' dir='ltr'>in</span> <span class='ocrx_word' id='word_1_547' title='bbox 1037 3885 1150 3940; x_wconf 88' lang='lat' dir='ltr'>musivo</span> <span class='ocrx_word' id='word_1_548' title='bbox 1160 3884 1270 3939; x_wconf 88' lang='lat' dir='ltr'>absidis</span> <span class='ocrx_word' id='word_1_549' title='bbox 1280 3883 1307 3938; x_wconf 90' lang='lat' dir='ltr'>S.</span> <span class='ocrx_word' id='word_1_550' title='bbox 1322 3883 1525 3954; x_wconf 77' lang='lat' dir='ltr'>Agnetisextra</span> <span class='ocrx_word' id='word_1_551' title='bbox 1535 3883 1642 3950; x_wconf 86' lang='lat' dir='ltr'>biuros,</span> <span class='ocrx_word' id='word_1_552' title='bbox 1653 3887 1703 3937; x_wconf 91' lang='lat' dir='ltr'>ant</span> <span class='ocrx_word' id='word_1_553' title='bbox 1715 3881 1818 3937; x_wconf 89' lang='lat' dir='ltr'>Leonis</span> 
     </span>
     <span class='ocr_line' id='line_1_42' title="bbox 115 3968 1818 4043; baseline 0.002 -20"><span class='ocrx_word' id='word_1_554' title='bbox 115 3968 190 4039; x_wconf 85' lang='lat' dir='ltr'>Pius,</span> <span class='ocrx_word' id='word_1_555' title='bbox 206 3971 297 4034; x_wconf 87' lang='lat' dir='ltr'>Soter,</span> <span class='ocrx_word' id='word_1_556' title='bbox 322 3970 501 4035; x_wconf 85' lang='lat' dir='ltr'>Eieutherus,</span> <span class='ocrx_word' id='word_1_557' title='bbox 523 3974 630 4042; x_wconf 87' lang='lat' dir='ltr'>Victor,</span> <span class='ocrx_word' id='word_1_558' title='bbox 647 3974 829 4043; x_wconf 87' lang='lat' dir='ltr'>zephirinus,</span> <span class='ocrx_word' id='word_1_559' title='bbox 845 3975 936 4031; x_wconf 75' lang='lat' dir='ltr'>datii·</span> <span class='ocrx_word' id='word_1_560' title='bbox 991 3975 1070 4030; x_wconf 90' lang='lat' dir='ltr'>tertii</span> <span class='ocrx_word' id='word_1_561' title='bbox 1083 3975 1112 4029; x_wconf 89' lang='lat' dir='ltr'>in</span> <span class='ocrx_word' id='word_1_562' title='bbox 1128 3973 1258 4029; x_wconf 91' lang='lat' dir='ltr'>triclinio</span> <span class='ocrx_word' id='word_1_563' title='bbox 1277 3973 1420 4028; x_wconf 90' lang='lat' dir='ltr'>Leoniano</span> <span class='ocrx_word' id='word_1_564' title='bbox 1432 3973 1466 4027; x_wconf 92' lang='lat' dir='ltr'>ad</span> <span class='ocrx_word' id='word_1_565' title='bbox 1485 3973 1672 4026; x_wconf 74' lang='lat' dir='ltr'>lateranense</span> <span class='ocrx_word' id='word_1_566' title='bbox 1692 3971 1818 4040; x_wconf 84' lang='lat' dir='ltr'>patriar-</span> 
     </span>
     <span class='ocr_line' id='line_1_43' title="bbox 115 4058 1817 4133; baseline 0.001 -21"><span class='ocrx_word' id='word_1_567' title='bbox 115 4063 185 4127; x_wconf 90' lang='lat' dir='ltr'>stus,</span> <span class='ocrx_word' id='word_1_568' title='bbox 201 4058 344 4124; x_wconf 89' lang='lat' dir='ltr'>Urbanus,</span> <span class='ocrx_word' id='word_1_569' title='bbox 357 4061 511 4132; x_wconf 84' lang='lat' dir='ltr'>hntherus,</span> <span class='ocrx_word' id='word_1_570' title='bbox 530 4063 694 4122; x_wconf 74' lang='lat' dir='ltr'>horatianos.</span> <span class='ocrx_word' id='word_1_571' title='bbox 709 4064 858 4133; x_wconf 82' lang='lat' dir='ltr'>Favianns,</span> <span class='ocrx_word' id='word_1_572' title='bbox 872 4064 937 4120; x_wconf 89' lang='lat' dir='ltr'>Cor·</span> <span class='ocrx_word' id='word_1_573' title='bbox 991 4064 1102 4131; x_wconf 90' lang='lat' dir='ltr'>chium,</span> <span class='ocrx_word' id='word_1_574' title='bbox 1118 4067 1168 4118; x_wconf 92' lang='lat' dir='ltr'>aut</span> <span class='ocrx_word' id='word_1_575' title='bbox 1184 4060 1330 4117; x_wconf 85' lang='lat' dir='ltr'>Pascbaiis</span> <span class='ocrx_word' id='word_1_576' title='bbox 1356 4062 1453 4130; x_wconf 90' lang='lat' dir='ltr'>primi,</span> <span class='ocrx_word' id='word_1_577' title='bbox 1471 4060 1581 4129; x_wconf 89' lang='lat' dir='ltr'>tripiici</span> <span class='ocrx_word' id='word_1_578' title='bbox 1599 4060 1628 4113; x_wconf 94' lang='lat' dir='ltr'>in</span> <span class='ocrx_word' id='word_1_579' title='bbox 1651 4059 1709 4114; x_wconf 86' lang='lat' dir='ltr'>aedc</span> <span class='ocrx_word' id='word_1_580' title='bbox 1732 4059 1817 4114; x_wconf 85' lang='lat' dir='ltr'>Sacra</span> 
     </span>
     <span class='ocr_line' id='line_1_44' title="bbox 116 4145 1818 4220; baseline 0.001 -20"><span class='ocrx_word' id='word_1_581' title='bbox 116 4145 209 4202; x_wconf 85' lang='lat' dir='ltr'>neilus</span> <span class='ocrx_word' id='word_1_582' title='bbox 222 4165 229 4201; x_wconf 92' lang='lat'>:</span> <span class='ocrx_word' id='word_1_583' title='bbox 244 4161 331 4217; x_wconf 88' lang='lat' dir='ltr'>supra</span> <span class='ocrx_word' id='word_1_584' title='bbox 348 4151 496 4218; x_wconf 89' lang='lat' dir='ltr'>peristviio</span> <span class='ocrx_word' id='word_1_585' title='bbox 508 4151 649 4206; x_wconf 78' lang='lat' dir='ltr'>Africanae</span> <span class='ocrx_word' id='word_1_586' title='bbox 664 4151 804 4207; x_wconf 84' lang='lat' dir='ltr'>columnae</span> <span class='ocrx_word' id='word_1_587' title='bbox 821 4154 933 4219; x_wconf 75' lang='lat' dir='ltr'>Lucius,</span> <span class='ocrx_word' id='word_1_588' title='bbox 992 4152 1103 4207; x_wconf 90' lang='lat' dir='ltr'>musivo</span> <span class='ocrx_word' id='word_1_589' title='bbox 1120 4165 1204 4220; x_wconf 90' lang='lat' dir='ltr'>opere</span> <span class='ocrx_word' id='word_1_590' title='bbox 1223 4149 1335 4220; x_wconf 92' lang='lat' dir='ltr'>abipso</span> <span class='ocrx_word' id='word_1_591' title='bbox 1355 4163 1528 4219; x_wconf 89' lang='lat' dir='ltr'>expressam,</span> <span class='ocrx_word' id='word_1_592' title='bbox 1549 4148 1662 4204; x_wconf 85' lang='lat' dir='ltr'>scilicet</span> <span class='ocrx_word' id='word_1_593' title='bbox 1677 4148 1706 4202; x_wconf 92' lang='lat' dir='ltr'>in</span> <span class='ocrx_word' id='word_1_594' title='bbox 1721 4146 1818 4203; x_wconf 91' lang='lat' dir='ltr'>titulis</span> 
     </span>
     <span class='ocr_line' id='line_1_45' title="bbox 115 4233 1818 4311; baseline 0.001 -23"><span class='ocrx_word' id='word_1_595' title='bbox 115 4233 284 4303; x_wconf 88' lang='lat' dir='ltr'>Stephanus,</span> <span class='ocrx_word' id='word_1_596' title='bbox 306 4237 414 4305; x_wconf 75' lang='lat' dir='ltr'>sixtus,</span> <span class='ocrx_word' id='word_1_597' title='bbox 435 4238 600 4309; x_wconf 83' lang='lat' dir='ltr'>Dionysius,</span> <span class='ocrx_word' id='word_1_598' title='bbox 618 4240 707 4306; x_wconf 85' lang='lat' dir='ltr'>Felix,</span> <span class='ocrx_word' id='word_1_599' title='bbox 733 4241 934 4311; x_wconf 81' lang='lat' dir='ltr'>Eutichianus,</span> <span class='ocrx_word' id='word_1_600' title='bbox 990 4240 1018 4294; x_wconf 84' lang='lat' dir='ltr'>S.</span> <span class='ocrx_word' id='word_1_601' title='bbox 1037 4240 1181 4309; x_wconf 88' lang='lat' dir='ltr'>Praxedis,</span> <span class='ocrx_word' id='word_1_602' title='bbox 1195 4253 1227 4294; x_wconf 90' lang='lat' dir='ltr'>ac</span> <span class='ocrx_word' id='word_1_603' title='bbox 1240 4239 1267 4303; x_wconf 89' lang='lat' dir='ltr'>S,</span> <span class='ocrx_word' id='word_1_604' title='bbox 1288 4238 1422 4306; x_wconf 76' lang='lat' dir='ltr'>Caecilia,</span> <span class='ocrx_word' id='word_1_605' title='bbox 1449 4243 1477 4292; x_wconf 91' lang='lat' dir='ltr'>ct</span> <span class='ocrx_word' id='word_1_606' title='bbox 1490 4238 1519 4292; x_wconf 91' lang='lat' dir='ltr'>in</span> <span class='ocrx_word' id='word_1_607' title='bbox 1538 4235 1708 4292; x_wconf 83' lang='lat' dir='ltr'>diaconias.</span> <span class='ocrx_word' id='word_1_608' title='bbox 1722 4235 1818 4291; x_wconf 86' lang='lat' dir='ltr'>Nariae</span> 
     </span>
     <span class='ocr_line' id='line_1_46' title="bbox 115 4320 1819 4398; baseline -0.001 -22"><span class='ocrx_word' id='word_1_609' title='bbox 115 4320 208 4391; x_wconf 83' lang='lat' dir='ltr'>Caius,</span> <span class='ocrx_word' id='word_1_610' title='bbox 224 4325 416 4381; x_wconf 81' lang='lat' dir='ltr'>Marcellinus.</span> <span class='ocrx_word' id='word_1_611' title='bbox 432 4328 481 4381; x_wconf 91' lang='lat' dir='ltr'>isti</span> <span class='ocrx_word' id='word_1_612' title='bbox 500 4333 565 4382; x_wconf 91' lang='lat' dir='ltr'>octo</span> <span class='ocrx_word' id='word_1_613' title='bbox 579 4328 726 4397; x_wconf 89' lang='lat' dir='ltr'>pontiiices</span> <span class='ocrx_word' id='word_1_614' title='bbox 740 4335 822 4384; x_wconf 90' lang='lat' dir='ltr'>crant</span> <span class='ocrx_word' id='word_1_615' title='bbox 838 4330 866 4384; x_wconf 91' lang='lat' dir='ltr'>in</span> <span class='ocrx_word' id='word_1_616' title='bbox 883 4343 936 4398; x_wconf 90' lang='lat' dir='ltr'>pa·</span> <span class='ocrx_word' id='word_1_617' title='bbox 992 4329 1022 4382; x_wconf 93' lang='lat' dir='ltr'>in</span> <span class='ocrx_word' id='word_1_618' title='bbox 1038 4329 1183 4396; x_wconf 81' lang='lat' dir='ltr'>bombica,</span> <span class='ocrx_word' id='word_1_619' title='bbox 1199 4327 1325 4396; x_wconf 86' lang='lat' dir='ltr'>aliisque</span> <span class='ocrx_word' id='word_1_620' title='bbox 1338 4325 1473 4396; x_wconf 89' lang='lat' dir='ltr'>operibus</span> <span class='ocrx_word' id='word_1_621' title='bbox 1486 4326 1601 4380; x_wconf 91' lang='lat' dir='ltr'>excusis</span> <span class='ocrx_word' id='word_1_622' title='bbox 1612 4323 1687 4392; x_wconf 89' lang='lat' dir='ltr'>apud</span> <span class='ocrx_word' id='word_1_623' title='bbox 1696 4322 1819 4391; x_wconf 86' lang='lat' dir='ltr'>Ciampr·</span> 
     </span>
     <span class='ocr_line' id='line_1_47' title="bbox 117 4408 1818 4494; baseline 0.002 -31"><span class='ocrx_word' id='word_1_624' title='bbox 117 4409 183 4465; x_wconf 89' lang='lat' dir='ltr'>riete</span> <span class='ocrx_word' id='word_1_625' title='bbox 196 4408 303 4467; x_wconf 84' lang='lat' dir='ltr'>frontis</span> <span class='ocrx_word' id='word_1_626' title='bbox 315 4413 424 4483; x_wconf 88' lang='lat' dir='ltr'>tempii.</span> <span class='ocrx_word' id='word_1_627' title='bbox 438 4416 590 4470; x_wconf 89' lang='lat' dir='ltr'>Narceilus</span> <span class='ocrx_word' id='word_1_628' title='bbox 602 4429 688 4485; x_wconf 91' lang='lat' dir='ltr'>super</span> <span class='ocrx_word' id='word_1_629' title='bbox 700 4417 789 4473; x_wconf 90' lang='lat' dir='ltr'>altera</span> <span class='ocrx_word' id='word_1_630' title='bbox 804 4416 936 4473; x_wconf 86' lang='lat' dir='ltr'>columna</span> <span class='ocrx_word' id='word_1_631' title='bbox 952 4433 979 4494; x_wconf 72' lang='grc' dir='ltr'>Ι)</span> <span class='ocrx_word' id='word_1_632' title='bbox 994 4421 1070 4477; x_wconf 76' lang='lat' dir='ltr'>num.</span> <span class='ocrx_word' id='word_1_633' title='bbox 1087 4417 1234 4471; x_wconf 88' lang='lat' dir='ltr'>Vidissent</span> <span class='ocrx_word' id='word_1_634' title='bbox 1248 4423 1307 4471; x_wconf 93' lang='lat' dir='ltr'>tum</span> <span class='ocrx_word' id='word_1_635' title='bbox 1328 4416 1490 4470; x_wconf 89' lang='lat' dir='ltr'>decessores</span> <span class='ocrx_word' id='word_1_636' title='bbox 1509 4413 1650 4480; x_wconf 86' lang='lat' dir='ltr'>silvestri,</span> <span class='ocrx_word' id='word_1_637' title='bbox 1665 4418 1725 4468; x_wconf 92' lang='lat' dir='ltr'>tum</span> <span class='ocrx_word' id='word_1_638' title='bbox 1748 4425 1818 4467; x_wconf 90' lang='lat' dir='ltr'>suc-</span> 
     </span>
     <span class='ocr_line' id='line_1_48' title="bbox 116 4497 1818 4574; baseline 0.002 -22"><span class='ocrx_word' id='word_1_639' title='bbox 116 4497 257 4569; x_wconf 83' lang='lat' dir='ltr'>hiricana,</span> <span class='ocrx_word' id='word_1_640' title='bbox 286 4501 437 4569; x_wconf 83' lang='lat' dir='ltr'>Eusebius,</span> <span class='ocrx_word' id='word_1_641' title='bbox 466 4505 619 4560; x_wconf 89' lang='lat' dir='ltr'>Niltiades.</span> <span class='ocrx_word' id='word_1_642' title='bbox 654 4506 789 4562; x_wconf 89' lang='lat' dir='ltr'>Silvester</span> <span class='ocrx_word' id='word_1_643' title='bbox 816 4506 938 4562; x_wconf 90' lang='lat' dir='ltr'>habebat</span> <span class='ocrx_word' id='word_1_644' title='bbox 992 4519 1119 4560; x_wconf 89' lang='lat' dir='ltr'>cessores</span> <span class='ocrx_word' id='word_1_645' title='bbox 1131 4506 1261 4574; x_wconf 89' lang='lat' dir='ltr'>usquead</span> <span class='ocrx_word' id='word_1_646' title='bbox 1278 4504 1359 4559; x_wconf 90' lang='lat' dir='ltr'>dnem</span> <span class='ocrx_word' id='word_1_647' title='bbox 1375 4506 1442 4558; x_wconf 92' lang='lat' dir='ltr'>noni</span> <span class='ocrx_word' id='word_1_648' title='bbox 1463 4503 1599 4560; x_wconf 87' lang='lat' dir='ltr'>aChristo</span> <span class='ocrx_word' id='word_1_649' title='bbox 1609 4499 1818 4565; x_wconf 82' lang='lat' dir='ltr'>sarculi,nudis</span> 
     </span>
    </p>
   </div>
   <div class='ocr_carea' id='block_1_9' title="bbox 117 4587 939 5191">
    <p class='ocr_par' dir='ltr' id='par_1_10' title="bbox 117 4587 939 5191">
     <span class='ocr_line' id='line_1_49' title="bbox 117 4587 939 4663; baseline 0.011 -22"><span class='ocrx_word' id='word_1_650' title='bbox 117 4587 214 4645; x_wconf 87' lang='lat' dir='ltr'>tiaram</span> <span class='ocrx_word' id='word_1_651' title='bbox 227 4604 291 4645; x_wconf 89' lang='lat' dir='ltr'>cum</span> <span class='ocrx_word' id='word_1_652' title='bbox 309 4604 364 4646; x_wconf 92' lang='lat' dir='ltr'>una</span> <span class='ocrx_word' id='word_1_653' title='bbox 380 4598 490 4648; x_wconf 88' lang='lat' dir='ltr'>tantum</span> <span class='ocrx_word' id='word_1_654' title='bbox 506 4607 619 4648; x_wconf 89' lang='lat' dir='ltr'>corona.</span> <span class='ocrx_word' id='word_1_655' title='bbox 631 4594 689 4649; x_wconf 81' lang='lat' dir='ltr'>diii</span> <span class='ocrx_word' id='word_1_656' title='bbox 702 4601 767 4650; x_wconf 91' lang='lat' dir='ltr'>anie</span> <span class='ocrx_word' id='word_1_657' title='bbox 782 4596 874 4663; x_wconf 89' lang='lat' dir='ltr'>ipsum</span> <span class='ocrx_word' id='word_1_658' title='bbox 891 4595 939 4650; x_wconf 91' lang='lat' dir='ltr'>ha·</span> 
     </span>
     <span class='ocr_line' id='line_1_50' title="bbox 118 4673 938 4750; baseline 0.009 -20"><span class='ocrx_word' id='word_1_659' title='bbox 118 4673 217 4732; x_wconf 88' lang='lat' dir='ltr'>bebant</span> <span class='ocrx_word' id='word_1_660' title='bbox 230 4677 391 4734; x_wconf 84' lang='lat' dir='ltr'>diademata</span> <span class='ocrx_word' id='word_1_661' title='bbox 407 4695 470 4734; x_wconf 90' lang='lat' dir='ltr'>cum</span> <span class='ocrx_word' id='word_1_662' title='bbox 489 4681 577 4750; x_wconf 85' lang='lat' dir='ltr'>pallio</span> <span class='ocrx_word' id='word_1_663' title='bbox 589 4696 665 4736; x_wconf 88' lang='lat' dir='ltr'>more</span> <span class='ocrx_word' id='word_1_664' title='bbox 680 4684 788 4737; x_wconf 83' lang='lat' dir='ltr'>Graeco.</span> <span class='ocrx_word' id='word_1_665' title='bbox 800 4683 865 4737; x_wconf 90' lang='lat' dir='ltr'>Post</span> <span class='ocrx_word' id='word_1_666' title='bbox 877 4682 938 4737; x_wconf 91' lang='lat' dir='ltr'>Sil-</span> 
     </span>
     <span class='ocr_line' id='line_1_51' title="bbox 117 4766 936 4840; baseline 0.011 -23"><span class='ocrx_word' id='word_1_667' title='bbox 117 4766 936 4840; x_wconf 85' lang='lat' dir='ltr'>vestrumquisanctisunthabebantdiadematarotunda,</span> 
     </span>
     <span class='ocr_line' id='line_1_52' title="bbox 117 4854 939 4923; baseline 0.01 -18"><span class='ocrx_word' id='word_1_668' title='bbox 117 4860 143 4905; x_wconf 91' lang='lat' dir='ltr'>et</span> <span class='ocrx_word' id='word_1_669' title='bbox 157 4854 260 4909; x_wconf 87' lang='lat' dir='ltr'>tiaram</span> <span class='ocrx_word' id='word_1_670' title='bbox 275 4869 340 4910; x_wconf 91' lang='lat' dir='ltr'>cum</span> <span class='ocrx_word' id='word_1_671' title='bbox 356 4869 411 4912; x_wconf 91' lang='lat' dir='ltr'>una</span> <span class='ocrx_word' id='word_1_672' title='bbox 422 4870 536 4921; x_wconf 90' lang='lat' dir='ltr'>corona,</span> <span class='ocrx_word' id='word_1_673' title='bbox 553 4858 789 4923; x_wconf 86' lang='lat' dir='ltr'>Narcus,luiius.</span> <span class='ocrx_word' id='word_1_674' title='bbox 806 4858 939 4914; x_wconf 89' lang='lat' dir='ltr'>Liberius</span> 
     </span>
     <span class='ocr_line' id='line_1_53' title="bbox 121 4938 938 5016; baseline 0.01 -23"><span class='ocrx_word' id='word_1_675' title='bbox 121 4938 235 4997; x_wconf 90' lang='lat' dir='ltr'>babebat</span> <span class='ocrx_word' id='word_1_676' title='bbox 249 4948 360 4998; x_wconf 77' lang='lat' dir='ltr'>mnium</span> <span class='ocrx_word' id='word_1_677' title='bbox 381 4945 513 5001; x_wconf 90' lang='lat' dir='ltr'>diadema</span> <span class='ocrx_word' id='word_1_678' title='bbox 530 4949 601 5016; x_wconf 89' lang='lat' dir='ltr'>quad</span> <span class='ocrx_word' id='word_1_679' title='bbox 609 4951 712 5001; x_wconf 91' lang='lat' dir='ltr'>ratum.</span> <span class='ocrx_word' id='word_1_680' title='bbox 727 4946 817 5015; x_wconf 85' lang='lat' dir='ltr'>Felix,</span> <span class='ocrx_word' id='word_1_681' title='bbox 833 4949 938 5001; x_wconf 89' lang='lat' dir='ltr'>Dama-</span> 
     </span>
     <span class='ocr_line' id='line_1_54' title="bbox 117 5030 936 5105; baseline 0.011 -24"><span class='ocrx_word' id='word_1_682' title='bbox 117 5041 172 5096; x_wconf 87' lang='lat' dir='ltr'>sus,</span> <span class='ocrx_word' id='word_1_683' title='bbox 184 5030 319 5100; x_wconf 79' lang='lat' dir='ltr'>siricius,</span> <span class='ocrx_word' id='word_1_684' title='bbox 334 5039 362 5087; x_wconf 92' lang='lat' dir='ltr'>et</span> <span class='ocrx_word' id='word_1_685' title='bbox 374 5033 554 5090; x_wconf 75' lang='lat' dir='ltr'>Anastasius.</span> <span class='ocrx_word' id='word_1_686' title='bbox 565 5035 656 5105; x_wconf 82' lang='lat' dir='ltr'>Supra</span> <span class='ocrx_word' id='word_1_687' title='bbox 671 5035 799 5105; x_wconf 88' lang='lat' dir='ltr'>picturas</span> <span class='ocrx_word' id='word_1_688' title='bbox 810 5035 936 5090; x_wconf 86' lang='lat' dir='ltr'>Formosi</span> 
     </span>
     <span class='ocr_line' id='line_1_55' title="bbox 118 5119 936 5191; baseline 0.009 -21"><span class='ocrx_word' id='word_1_689' title='bbox 118 5124 193 5172; x_wconf 88' lang='lat' dir='ltr'>erant</span> <span class='ocrx_word' id='word_1_690' title='bbox 207 5119 352 5188; x_wconf 81' lang='lat' dir='ltr'>prophetae</span> <span class='ocrx_word' id='word_1_691' title='bbox 373 5128 481 5177; x_wconf 91' lang='lat' dir='ltr'>stantes</span> <span class='ocrx_word' id='word_1_692' title='bbox 495 5125 567 5187; x_wconf 83' lang='lat' dir='ltr'>(vide</span> <span class='ocrx_word' id='word_1_693' title='bbox 580 5127 609 5177; x_wconf 85' lang='lat' dir='ltr'>iu</span> <span class='ocrx_word' id='word_1_694' title='bbox 626 5125 680 5177; x_wconf 86' lang='lat' dir='ltr'>tob.</span> <span class='ocrx_word' id='word_1_695' title='bbox 697 5137 716 5177; x_wconf 88' lang='lat' dir='ltr'>x</span> <span class='ocrx_word' id='word_1_696' title='bbox 731 5123 877 5191; x_wconf 80' lang='lat' dir='ltr'>ciampini,</span> <span class='ocrx_word' id='word_1_697' title='bbox 895 5123 936 5177; x_wconf 89' lang='lat' dir='ltr'>lit.</span> 
     </span>
    </p>
   </div>
   <div class='ocr_carea' id='block_1_10' title="bbox 992 4588 1819 5191">
    <p class='ocr_par' dir='ltr' id='par_1_11' title="bbox 992 4588 1819 5191">
     <span class='ocr_line' id='line_1_56' title="bbox 993 4588 1819 4663; baseline -0.008 -14"><span class='ocrx_word' id='word_1_698' title='bbox 993 4593 1139 4663; x_wconf 89' lang='lat' dir='ltr'>capitibus</span> <span class='ocrx_word' id='word_1_699' title='bbox 1154 4594 1193 4649; x_wconf 92' lang='lat' dir='ltr'>ita</span> <span class='ocrx_word' id='word_1_700' title='bbox 1207 4593 1349 4661; x_wconf 89' lang='lat' dir='ltr'>exhiberi,</span> <span class='ocrx_word' id='word_1_701' title='bbox 1366 4597 1396 4648; x_wconf 94' lang='lat' dir='ltr'>nt</span> <span class='ocrx_word' id='word_1_702' title='bbox 1407 4591 1500 4647; x_wconf 91' lang='lat' dir='ltr'>solum</span> <span class='ocrx_word' id='word_1_703' title='bbox 1517 4596 1714 4647; x_wconf 91' lang='lat' dir='ltr'>ornamentum</span> <span class='ocrx_word' id='word_1_704' title='bbox 1728 4588 1819 4644; x_wconf 92' lang='lat' dir='ltr'>cleri-</span> 
     </span>
     <span class='ocr_line' id='line_1_57' title="bbox 992 4677 1817 4750; baseline -0.008 -12"><span class='ocrx_word' id='word_1_705' title='bbox 992 4682 1065 4738; x_wconf 90' lang='lat' dir='ltr'>calis</span> <span class='ocrx_word' id='word_1_706' title='bbox 1077 4689 1202 4737; x_wconf 72' lang='lat' dir='ltr'>tonsura.</span> <span class='ocrx_word' id='word_1_707' title='bbox 1216 4696 1265 4737; x_wconf 89' lang='lat' dir='ltr'>seu</span> <span class='ocrx_word' id='word_1_708' title='bbox 1281 4694 1392 4736; x_wconf 78' lang='lat' dir='ltr'>coronae</span> <span class='ocrx_word' id='word_1_709' title='bbox 1406 4681 1436 4735; x_wconf 94' lang='lat' dir='ltr'>in</span> <span class='ocrx_word' id='word_1_710' title='bbox 1453 4677 1706 4750; x_wconf 90' lang='lat' dir='ltr'>propriiscapiiiia</span> <span class='ocrx_word' id='word_1_711' title='bbox 1717 4680 1817 4732; x_wconf 91' lang='lat' dir='ltr'>osten-</span> 
     </span>
     <span class='ocr_line' id='line_1_58' title="bbox 992 4764 1817 4839; baseline -0.008 -15"><span class='ocrx_word' id='word_1_712' title='bbox 992 4772 1071 4838; x_wconf 88' lang='lat' dir='ltr'>dant,</span> <span class='ocrx_word' id='word_1_713' title='bbox 1093 4768 1191 4839; x_wconf 90' lang='lat' dir='ltr'>quales</span> <span class='ocrx_word' id='word_1_714' title='bbox 1210 4774 1348 4837; x_wconf 90' lang='lat' dir='ltr'>apparent</span> <span class='ocrx_word' id='word_1_715' title='bbox 1367 4768 1498 4838; x_wconf 71' lang='lat' dir='ltr'>genuinae</span> <span class='ocrx_word' id='word_1_716' title='bbox 1522 4767 1580 4822; x_wconf 80' lang='lat' dir='ltr'>illae</span> <span class='ocrx_word' id='word_1_717' title='bbox 1598 4772 1684 4834; x_wconf 87' lang='lat' dir='ltr'>atque</span> <span class='ocrx_word' id='word_1_718' title='bbox 1704 4764 1817 4819; x_wconf 80' lang='lat' dir='ltr'>intactae</span> 
     </span>
     <span class='ocr_line' id='line_1_59' title="bbox 994 4850 1818 4926; baseline -0.011 -14"><span class='ocrx_word' id='word_1_719' title='bbox 994 4854 1143 4926; x_wconf 86' lang='lat' dir='ltr'>imagines,</span> <span class='ocrx_word' id='word_1_720' title='bbox 1157 4856 1185 4909; x_wconf 94' lang='lat' dir='ltr'>in</span> <span class='ocrx_word' id='word_1_721' title='bbox 1200 4855 1355 4910; x_wconf 84' lang='lat' dir='ltr'>basilicas.</span> <span class='ocrx_word' id='word_1_722' title='bbox 1367 4854 1447 4909; x_wconf 85' lang='lat' dir='ltr'>Pauli</span> <span class='ocrx_word' id='word_1_723' title='bbox 1460 4852 1676 4922; x_wconf 80' lang='lat' dir='ltr'>saeculoquinto</span> <span class='ocrx_word' id='word_1_724' title='bbox 1689 4850 1818 4919; x_wconf 83' lang='lat' dir='ltr'>pictae,et</span> 
     </span>
     <span class='ocr_line' id='line_1_60' title="bbox 994 4938 1817 5014; baseline -0.009 -15"><span class='ocrx_word' id='word_1_725' title='bbox 994 4944 1136 5014; x_wconf 81' lang='lat' dir='ltr'>perductae</span> <span class='ocrx_word' id='word_1_726' title='bbox 1150 4956 1166 4997; x_wconf 92' lang='lat' dir='ltr'>a</span> <span class='ocrx_word' id='word_1_727' title='bbox 1179 4944 1207 4997; x_wconf 86' lang='lat' dir='ltr'>S.</span> <span class='ocrx_word' id='word_1_728' title='bbox 1223 4944 1303 4997; x_wconf 88' lang='lat' dir='ltr'>Petro</span> <span class='ocrx_word' id='word_1_729' title='bbox 1314 4944 1347 4998; x_wconf 88' lang='lat' dir='ltr'>ad</span> <span class='ocrx_word' id='word_1_730' title='bbox 1359 4942 1555 4998; x_wconf 91' lang='lat' dir='ltr'>innocentium</span> <span class='ocrx_word' id='word_1_731' title='bbox 1572 4940 1705 5009; x_wconf 91' lang='lat' dir='ltr'>primum.</span> <span class='ocrx_word' id='word_1_732' title='bbox 1722 4938 1817 4993; x_wconf 89' lang='lat' dir='ltr'>Orna-</span> 
     </span>
     <span class='ocr_line' id='line_1_61' title="bbox 994 5029 1818 5102; baseline -0.008 -14"><span class='ocrx_word' id='word_1_733' title='bbox 994 5039 1086 5088; x_wconf 91' lang='lat' dir='ltr'>menta</span> <span class='ocrx_word' id='word_1_734' title='bbox 1100 5031 1191 5102; x_wconf 88' lang='lat' dir='ltr'>igitur</span> <span class='ocrx_word' id='word_1_735' title='bbox 1207 5030 1381 5100; x_wconf 82' lang='lat' dir='ltr'>pontificalia</span> <span class='ocrx_word' id='word_1_736' title='bbox 1396 5030 1489 5084; x_wconf 76' lang='lat' dir='ltr'>aetatis</span> <span class='ocrx_word' id='word_1_737' title='bbox 1502 5029 1611 5085; x_wconf 91' lang='lat' dir='ltr'>Nicolai</span> <span class='ocrx_word' id='word_1_738' title='bbox 1625 5030 1670 5098; x_wconf 91' lang='lat' dir='ltr'>ili,</span> <span class='ocrx_word' id='word_1_739' title='bbox 1685 5041 1735 5097; x_wconf 91' lang='lat' dir='ltr'>per</span> <span class='ocrx_word' id='word_1_740' title='bbox 1748 5038 1818 5096; x_wconf 86' lang='lat' dir='ltr'>pro-</span> 
     </span>
     <span class='ocr_line' id='line_1_62' title="bbox 994 5115 1816 5191; baseline -0.009 -13"><span class='ocrx_word' id='word_1_741' title='bbox 994 5118 1462 5191; x_wconf 87' lang='lat' dir='ltr'>lepsimtranslataetsuperaddita</span> <span class='ocrx_word' id='word_1_742' title='bbox 1472 5118 1603 5176; x_wconf 87' lang='lat' dir='ltr'>Silvestri</span> <span class='ocrx_word' id='word_1_743' title='bbox 1616 5117 1730 5188; x_wconf 85' lang='lat' dir='ltr'>saeculo,</span> <span class='ocrx_word' id='word_1_744' title='bbox 1742 5115 1816 5172; x_wconf 91' lang='lat' dir='ltr'>nibil</span> 
     </span>
    </p>
   </div>
   <div class='ocr_carea' id='block_1_11' title="bbox 118 5194 1830 5638">
    <p class='ocr_par' dir='ltr' id='par_1_12' title="bbox 118 5194 1818 5370">
     <span class='ocr_line' id='line_1_63' title="bbox 118 5194 1815 5282; baseline 0 -23"><span class='ocrx_word' id='word_1_745' title='bbox 118 5203 143 5259; x_wconf 85' lang='lat' dir='ltr'>C.</span> <span class='ocrx_word' id='word_1_746' title='bbox 157 5206 199 5278; x_wconf 88' lang='lat' dir='ltr'>b.)</span> <span class='ocrx_word' id='word_1_747' title='bbox 213 5209 408 5279; x_wconf 88' lang='lat' dir='ltr'>totadenique</span> <span class='ocrx_word' id='word_1_748' title='bbox 423 5212 485 5280; x_wconf 92' lang='lat' dir='ltr'>ipsa</span> <span class='ocrx_word' id='word_1_749' title='bbox 505 5213 630 5268; x_wconf 80' lang='lat' dir='ltr'>Formosi</span> <span class='ocrx_word' id='word_1_750' title='bbox 650 5213 762 5282; x_wconf 87' lang='lat' dir='ltr'>pictura</span> <span class='ocrx_word' id='word_1_751' title='bbox 778 5211 873 5281; x_wconf 89' lang='lat' dir='ltr'>inepta</span> <span class='ocrx_word' id='word_1_752' title='bbox 888 5224 939 5266; x_wconf 90' lang='lat' dir='ltr'>sa·</span> <span class='ocrx_word' id='word_1_753' title='bbox 993 5210 1177 5266; x_wconf 91' lang='lat' dir='ltr'>auctoritatis</span> <span class='ocrx_word' id='word_1_754' title='bbox 1190 5209 1316 5279; x_wconf 84' lang='lat' dir='ltr'>antiquae</span> <span class='ocrx_word' id='word_1_755' title='bbox 1327 5194 1505 5264; x_wconf 80' lang='lat' dir='ltr'>transierunt</span> <span class='ocrx_word' id='word_1_756' title='bbox 1520 5209 1550 5265; x_wconf 90' lang='lat' dir='ltr'>in</span> <span class='ocrx_word' id='word_1_757' title='bbox 1565 5209 1690 5265; x_wconf 90' lang='lat' dir='ltr'>eamdem</span> <span class='ocrx_word' id='word_1_758' title='bbox 1702 5207 1815 5262; x_wconf 89' lang='lat' dir='ltr'>seriem.</span> 
     </span>
     <span class='ocr_line' id='line_1_64' title="bbox 119 5293 1818 5370; baseline 0.004 -25"><span class='ocrx_word' id='word_1_759' title='bbox 119 5293 162 5360; x_wconf 87' lang='lat' dir='ltr'>tis,</span> <span class='ocrx_word' id='word_1_760' title='bbox 177 5303 206 5352; x_wconf 91' lang='lat' dir='ltr'>et</span> <span class='ocrx_word' id='word_1_761' title='bbox 220 5296 352 5370; x_wconf 89' lang='lat' dir='ltr'>barbara,</span> <span class='ocrx_word' id='word_1_762' title='bbox 369 5306 396 5354; x_wconf 93' lang='lat' dir='ltr'>et</span> <span class='ocrx_word' id='word_1_763' title='bbox 410 5300 581 5356; x_wconf 89' lang='lat' dir='ltr'>decolorata.</span> <span class='ocrx_word' id='word_1_764' title='bbox 596 5319 609 5350; x_wconf 74' lang='lat' dir='ltr'>a</span> <span class='ocrx_word' id='word_1_765' title='bbox 994 5300 1071 5355; x_wconf 78' lang='lat' dir='ltr'>Notae</span> <span class='ocrx_word' id='word_1_766' title='bbox 1082 5312 1147 5353; x_wconf 91' lang='lat' dir='ltr'>vero</span> <span class='ocrx_word' id='word_1_767' title='bbox 1160 5297 1378 5369; x_wconf 79' lang='lat' dir='ltr'>chronologicae,</span> <span class='ocrx_word' id='word_1_768' title='bbox 1397 5307 1579 5354; x_wconf 85' lang='lat' dir='ltr'>numerantes</span> <span class='ocrx_word' id='word_1_769' title='bbox 1592 5308 1691 5365; x_wconf 90' lang='lat' dir='ltr'>annos,</span> <span class='ocrx_word' id='word_1_770' title='bbox 1708 5308 1818 5352; x_wconf 83' lang='lat' dir='ltr'>menses</span> 
     </span>
    </p>

    <p class='ocr_par' dir='ltr' id='par_1_13' title="bbox 119 5384 1830 5638">
     <span class='ocr_line' id='line_1_65' title="bbox 149 5384 1819 5459; baseline 0.002 -21"><span class='ocrx_word' id='word_1_771' title='bbox 149 5384 237 5439; x_wconf 82' lang='lat' dir='ltr'>Naeca</span> <span class='ocrx_word' id='word_1_772' title='bbox 256 5387 399 5442; x_wconf 86' lang='lat' dir='ltr'>Grimaidi</span> <span class='ocrx_word' id='word_1_773' title='bbox 411 5389 508 5444; x_wconf 91' lang='lat' dir='ltr'>codice</span> <span class='ocrx_word' id='word_1_774' title='bbox 523 5404 571 5459; x_wconf 91' lang='lat' dir='ltr'>per</span> <span class='ocrx_word' id='word_1_775' title='bbox 584 5404 635 5445; x_wconf 92' lang='lat' dir='ltr'>nos</span> <span class='ocrx_word' id='word_1_776' title='bbox 645 5391 787 5459; x_wconf 84' lang='lat' dir='ltr'>descripta</span> <span class='ocrx_word' id='word_1_777' title='bbox 797 5387 939 5444; x_wconf 82' lang='lat' dir='ltr'>sufficient</span> <span class='ocrx_word' id='word_1_778' title='bbox 993 5390 1093 5446; x_wconf 89' lang='lat' dir='ltr'>acdies</span> <span class='ocrx_word' id='word_1_779' title='bbox 1101 5389 1179 5443; x_wconf 89' lang='lat' dir='ltr'>sedis</span> <span class='ocrx_word' id='word_1_780' title='bbox 1191 5388 1349 5457; x_wconf 85' lang='lat' dir='ltr'>unicuique</span> <span class='ocrx_word' id='word_1_781' title='bbox 1362 5387 1489 5456; x_wconf 91' lang='lat' dir='ltr'>pontiiici</span> <span class='ocrx_word' id='word_1_782' title='bbox 1503 5388 1676 5457; x_wconf 88' lang='lat' dir='ltr'>assignatos,</span> <span class='ocrx_word' id='word_1_783' title='bbox 1688 5392 1716 5440; x_wconf 91' lang='lat' dir='ltr'>et</span> <span class='ocrx_word' id='word_1_784' title='bbox 1728 5385 1756 5441; x_wconf 93' lang='lat' dir='ltr'>in</span> <span class='ocrx_word' id='word_1_785' title='bbox 1768 5398 1819 5440; x_wconf 86' lang='lat' dir='ltr'>ve-</span> 
     </span>
     <span class='ocr_line' id='line_1_66' title="bbox 119 5469 1830 5546; baseline 0.001 -23"><span class='ocrx_word' id='word_1_786' title='bbox 119 5469 148 5523; x_wconf 91' lang='lat' dir='ltr'>ad</span> <span class='ocrx_word' id='word_1_787' title='bbox 164 5473 375 5544; x_wconf 89' lang='lat' dir='ltr'>percipiendam</span> <span class='ocrx_word' id='word_1_788' title='bbox 389 5477 552 5533; x_wconf 90' lang='lat' dir='ltr'>methodum</span> <span class='ocrx_word' id='word_1_789' title='bbox 565 5485 683 5534; x_wconf 90' lang='lat' dir='ltr'>ornatus</span> <span class='ocrx_word' id='word_1_790' title='bbox 696 5480 800 5534; x_wconf 91' lang='lat' dir='ltr'>veteris</span> <span class='ocrx_word' id='word_1_791' title='bbox 812 5476 940 5533; x_wconf 76' lang='lat' dir='ltr'>basilicae</span> <span class='ocrx_word' id='word_1_792' title='bbox 994 5483 1070 5533; x_wconf 92' lang='lat' dir='ltr'>tusta</span> <span class='ocrx_word' id='word_1_793' title='bbox 1086 5476 1160 5532; x_wconf 87' lang='lat' dir='ltr'>serie</span> <span class='ocrx_word' id='word_1_794' title='bbox 1173 5476 1268 5532; x_wconf 90' lang='lat' dir='ltr'>adhuc</span> <span class='ocrx_word' id='word_1_795' title='bbox 1279 5477 1460 5546; x_wconf 89' lang='lat' dir='ltr'>superstites,</span> <span class='ocrx_word' id='word_1_796' title='bbox 1476 5488 1540 5530; x_wconf 90' lang='lat' dir='ltr'>curn</span> <span class='ocrx_word' id='word_1_797' title='bbox 1554 5474 1680 5529; x_wconf 89' lang='lat' dir='ltr'>eamdem</span> <span class='ocrx_word' id='word_1_798' title='bbox 1695 5473 1830 5530; x_wconf 79' lang='lat' dir='ltr'>fideliter.</span> 
     </span>
     <span class='ocr_line' id='line_1_67' title="bbox 120 5557 1817 5638; baseline 0.002 -26"><span class='ocrx_word' id='word_1_799' title='bbox 120 5557 256 5617; x_wconf 76' lang='lat' dir='ltr'>Vaticana</span> <span class='ocrx_word' id='word_1_800' title='bbox 272 5563 356 5634; x_wconf 89' lang='lat' dir='ltr'>piane</span> <span class='ocrx_word' id='word_1_801' title='bbox 380 5565 504 5622; x_wconf 88' lang='lat' dir='ltr'>similem</span> <span class='ocrx_word' id='word_1_802' title='bbox 525 5568 639 5624; x_wconf 91' lang='lat' dir='ltr'>ornatui</span> <span class='ocrx_word' id='word_1_803' title='bbox 655 5568 782 5623; x_wconf 77' lang='lat' dir='ltr'>Pauline</span> <span class='ocrx_word' id='word_1_804' title='bbox 800 5565 937 5638; x_wconf 76' lang='lat' dir='ltr'>basilice,</span> <span class='ocrx_word' id='word_1_805' title='bbox 994 5564 1277 5635; x_wconf 78' lang='lat' dir='ltr'>reierantiquantum</span> <span class='ocrx_word' id='word_1_806' title='bbox 1288 5565 1426 5636; x_wconf 90' lang='lat' dir='ltr'>consequi</span> <span class='ocrx_word' id='word_1_807' title='bbox 1442 5564 1509 5620; x_wconf 89' lang='lat' dir='ltr'>iicet</span> <span class='ocrx_word' id='word_1_808' title='bbox 1521 5574 1554 5618; x_wconf 85' lang='lat' dir='ltr'>ex</span> <span class='ocrx_word' id='word_1_809' title='bbox 1568 5562 1607 5619; x_wconf 90' lang='lat' dir='ltr'>iis</span> <span class='ocrx_word' id='word_1_810' title='bbox 1623 5563 1753 5620; x_wconf 87' lang='lat' dir='ltr'>numeris</span> <span class='ocrx_word' id='word_1_811' title='bbox 1765 5560 1817 5632; x_wconf 92' lang='lat' dir='ltr'>qui</span> 
     </span>
    </p>
   </div>
   <div class='ocr_carea' id='block_1_12' title="bbox 0 0 1959 6132">
    <p class='ocr_par' dir='ltr' id='par_1_14' title="bbox 0 0 1959 6132">
     <span class='ocr_line' id='line_1_68' title="bbox 0 0 1959 6132; baseline 0 0"><span class='ocrx_word' id='word_1_812' title='bbox 0 0 1959 6132; x_wconf 95' lang='lat' dir='ltr'> </span> 
     </span>
    </p>
   </div>
  </div>
 </body>
</html>
