3892 6136
136 293 206 352 ⁴025
580 297 740 353 itisroitin
758 299 803 353 DE
825 298 914 354 vitis
934 297 1017 354 uoti.
1039 298 1139 355 PONT.
1154 329 1191 340 -
1205 302 1234 356 S.
1255 303 1394 359 PETRUS.
1771 313 1841 374 ⁴026

131 429 188 477 etc.
199 422 432 496 Urbedigressus
443 425 721 497 Constantinopolim
732 429 820 484 uenit.
836 427 960 482 »Annus
974 427 1001 486 A
1018 427 1146 492 proxime
1160 427 1197 481 ab
1208 427 1397 482 institutione
1426 427 1558 483 llomane
1586 431 1745 488 cathedrae:
1763 435 1839 505 quod

130 495 313 550 aeraeCbristi
340 495 550 553 communile
566 512 615 567 per
641 512 693 553 nos
715 512 749 553 ex
774 498 912 568 catalogo,
931 504 959 552 et
1016 495 1177 554 Eusebiano
1196 497 1335 554 chronico
1360 496 1446 567 paulo
1469 507 1534 554 ante
1559 501 1696 567 producto
1721 505 1841 562 mirifice

129 566 459 637 documentisgenuinis
472 568 602 624 Romame
614 569 746 625 Ecclesiae
756 570 885 625 tributus
895 569 956 624 sedi
987 630 990 635 ,
1015 570 1162 638 congruit.

130 636 291 705 pontihcali
308 651 323 691 a
339 639 366 691 D.
384 640 463 693 Petro
480 639 509 692 in
526 640 598 695 Urbe
610 647 718 704 erectae,
739 642 781 697 uti
805 646 851 696 est
875 642 957 711 ilge-

128 708 225 763 simus
237 708 356 777 quintus
366 716 432 763 ante
444 711 573 778 Apostoli
595 712 774 782 martyrium,
799 711 914 766 Vestino
929 716 957 766 et
1235 690 1354 732 E'USOEM
1370 690 1446 732 Nm
1459 691 1620 735 mmm·

130 779 232 833 Nervae
247 779 418 835 consulibus
431 788 505 835 recte
518 782 706 849 assignatum,
719 784 759 838 ita
770 781 957 838 estlttbante
1048 781 1429 838 tinent—Antiocheam.
1442 785 1527 840 Deest
1541 786 1570 840 in
1601 787 1731 862 catalogo
1752 791 1840 849 bibe-

72 897 75 905 .
128 849 312 932 consulatum
325 850 474 906 Philoxeni
486 857 513 906 et
530 852 622 918 Probi,
641 854 670 908 in
692 852 958 923 proiectioneioan·
1013 853 1111 908 riano:
1127 853 1246 909 additur
1260 855 1288 908 in
1303 855 1526 923 posterioribus.
1538 855 1636 928 Aliqui
1664 866 1765 928 putant
1779 877 1840 919 me-

128 921 179 975 nis
194 933 291 989 primi,
305 922 399 977 liomae
418 928 446 976 et
471 923 718 994 Constantinopoli
746 931 820 981 recte
843 939 957 993 suppu-
1013 924 1148 993 tropolim
1167 925 1321 992 provinciae
1331 926 1474 992 itomanac,
1488 926 1542 982 sub
1588 942 1625 984 ua
1638 929 1756 988 Galilaea
1769 947 1840 990 cen-

127 997 234 1046 tatum.
1012 995 1138 1062 sebatur,
1148 995 1331 1067 subrogatam
1339 994 1430 1051 luisse
1441 997 1529 1053 natali
1545 943 1616 1068 siau,
1633 1001 1663 1056 in
1684 1005 1841 1062 tetrarchia

165 1062 359 1132 comprobant
372 1064 469 1133 ltaque
478 1071 602 1120 veterum
614 1066 753 1138 catalogi,
765 1073 793 1122 et
804 1065 955 1134 Chronica,
1014 1067 1090 1136 regis
1102 1067 1191 1120 exteri
1205 1067 1371 1122 constituto.
1388 1066 1447 1122 hlii
1470 1069 1638 1138 opinantur,
1654 1076 1840 1141 posteriorem

128 1133 252 1203 perinde
262 1134 295 1189 ad
310 1136 480 1191 documenta
504 1137 628 1208 genuina
656 1139 788 1193 Romanae
812 1137 956 1205 Ecclesiae,
1013 1143 1122 1192 aetatem
1141 1137 1179 1191 ita
1190 1137 1333 1206 appellare
1343 1137 1469 1193 voluisse
1482 1140 1594 1197 Petrum
1614 1153 1649 1196 ex
1671 1145 1839 1216 episcopatu

128 1204 361 1275 chronologiam,
391 1206 587 1275 apostolorum
611 1209 753 1279 principis
779 1210 903 1263 llomana
926 1208 956 1262 in
1015 1208 1055 1265 ibi
1074 1209 1538 1277 persepteuniumadministrato3
1553 1213 1720 1282 cumepisco
1743 1216 1842 1273 usba-

125 1276 196 1331 sede
207 1275 381 1332 recteluisse
393 1277 590 1340 constitutam,
606 1285 633 1334 et
645 1281 675 1334 in
689 1281 812 1349 picturis
825 1278 958 1334 basilica·
1014 1279 1115 1336 beatur
1128 1281 1241 1348 primus
1266 1279 1341 1334 inter
1369 1279 1454 1335 cives.
1476 1281 1527 1337 llis
1546 1288 1670 1339 attamen
1691 1230 1839 1344 ingentius

127 1360 195 1402 rum
210 1360 372 1416 expressam
398 1361 538 1403 annornm
548 1347 594 1419 95,
623 1351 763 1405 mensium
786 1349 814 1419 D,
841 1357 869 1404 et
891 1350 958 1404 die·
1015 1350 1161 1420 prael'eram
1174 1351 1288 1405 tertiam
1298 1353 1837 1427 causam,atosephoiiacoltigendam.

126 1431 193 1473 rum
210 1415 241 1472 7.
1012 1422 1288 1477 Nare-attudeorum
1307 1421 1466 1478 historicus
1482 1422 1557 1479 libro
1568 1439 1621 1487 xii,
1636 1439 1697 1494 cap.
1723 1424 1750 1491 3,
1764 1430 1839 1485 inter

164 1491 195 1544 Si
221 1489 313 1559 placet
336 1490 423 1545 etiam
464 1491 632 1547 conilrmare
668 1493 707 1547 ita
744 1490 955 1562 comprobatam
1013 1492 1493 1559 caeteroshonores,suaenationis
1520 1495 1687 1552 hominibus
1709 1498 1840 1556 decretos

124 1559 345 1632 chronologiam
359 1574 392 1615 ex
405 1562 511 1630 epocha
521 1562 851 1619 fundationiscatbedrae
860 1562 958 1617 hntio-
1014 1564 1178 1634 privilegiis
1192 1562 1405 1618 seleucidarum
1424 1579 1457 1620 ac
1476 1566 1677 1636 Romanorum,
1693 1573 1838 1627 numerari

124 1631 236 1698 ebenae,
250 1646 265 1686 a
281 1632 474 1701 scriptoribus
483 1634 613 1702 antiquis
621 1635 747 1703 eiusdem
758 1635 839 1690 urbis
851 1633 956 1689 litteris
1013 1636 1098 1689 etiam
1115 1636 1164 1702 jus
1178 1634 1306 1689 civitatis
1320 1634 1513 1704 Antiochenae,
1531 1637 1571 1692 ita
1583 1638 1627 1693 eis
1637 1639 1789 1710 tributum,
1807 1648 1840 1698 ut

125 1702 259 1771 proditae,
272 1708 395 1757 attexam
411 1704 536 1759 cxloan.
556 1705 665 1759 blalulae
677 1706 848 1761 antiocheni
868 1705 957 1759 cliro·
1014 1705 1075 1774 pari
1091 1705 1257 1761 conditione
1272 1718 1336 1760 cum
1348 1706 1498 1763 Graecisac
1513 1709 1716 1766 Macedonibus
1728 1711 1767 1766 ibi
1785 1713 1840 1768 de-

130 1773 295 1856 nographia
311 1787 375 1844 pag.
390 1771 439 1829 3ll
456 1775 526 1829 edit.
543 1776 736 1832 Londinensis
747 1777 799 1831 boc
825 1776 958 1832 testimo·
974 1800 999 1861 B
1014 1784 1119 1901 fierent.
1135 1778 1285 1857 Praeterea.
1297 1774 1381 1831 relert
1398 1778 1426 1831 id
1444 1778 1626 1849 privilegium
1642 1788 1698 1836 tam
1713 1790 1838 1838 sanctea

123 1844 554 1915 iiiumzhlezloiqrqeieuapa,
586 1854 639 1902 eto.
674 1868 687 1899 ti
722 1849 825 1902 Eodem
862 1854 957 1902 autem
1038 1846 1554 1916 omanisprincipibusconlirmatum
1582 1848 1709 1908 luisseet
1736 1859 1839 1909 custo-

125 1915 366 1971 TiberioCaesare
377 1921 500 1998 quatuor
522 1923 586 1985 post
604 1918 699 1980 annis,
716 1931 800 1988 quain
828 1917 957 1972 Salvator
1013 1920 1118 1983 ditum,
1134 1925 1165 1973 ut
1183 1917 1466 1986 subvespasianoac
1490 1920 1555 1975 Tito
1581 1920 1781 1988 Alexandrini,
1808 1931 1838 1979 et

123 1994 226 2042 noster
234 1987 316 2042 iesus
327 1986 461 2041 Christus
476 1995 624 2043 surrectus
639 2002 655 2043 a
672 1989 793 2044 mortuis
808 1989 838 2043 in
852 1988 956 2044 coelum
1013 1989 1219 2044 Antiochenses
1234 1987 1342 2043 frustra
1354 1990 1525 2046 tentaverint
1540 1991 1568 2046 ld
1589 1992 1666 2059 juris
1681 1993 1770 2050 adimi
1783 1995 1838 2050 iu-

122 2057 400 2127 assumptusluerat
426 2057 492 2128 lquo
519 2060 605 2114 etiam
644 2066 769 2129 tempore
791 2059 896 2115 Paulus
926 2059 957 2114 in
1012 2060 1093 2115 daeis.
1107 2059 1199 2127 Quare
1214 2072 1269 2114 iion
1287 2060 1368 2114 modo
1382 2060 1439 2115 iiia
1466 2061 1540 2116 Petri
1561 2069 1719 2132 constante,
1739 2078 1837 2122 verum

122 2128 263 2183 Ciliciam
279 2128 533 2200 transmigraverat
545 2130 645 2185 relicta
668 2131 821 2187 Antiochia
845 2132 955 2200 blagna,
1012 2132 1098 2186 etlam
1114 2131 1317 2200 postcjusdem
1330 2131 1499 2201 martyrium
1514 2134 1760 2205 (iosepboaequali
1774 2137 1838 2205 ejus

123 2199 307 2255 ubirerbum
328 2200 379 2255 Dei
397 2199 586 2269 primuscum
612 2201 739 2258 Darnaba
761 2201 953 2271 predicasset,
1012 2204 1088 2257 aetall
1105 2203 1132 2257 id
1151 2201 1352 2271 perscribente)
1372 2203 1536 2257 antiocheni
1562 2207 1630 2257 cives
1661 2205 1838 2262 habebantur

123 2284 216 2341 prope
229 2270 384 2326 Pantheum
415 2273 444 2326 in
472 2272 536 2326 rico
561 2272 726 2344 Singoniol:
751 2286 794 2337 eo,
824 2272 952 2342 inquam,
1010 2273 1111 2328 ludael.
1123 2273 1215 2340 Quare
1230 2273 1315 2327 ctiam
1331 2274 1442 2328 Petrum
1474 2274 1840 2342 apostolumnationeiu-

122 2349 254 2411 tempore
269 2342 415 2397 Petrusab
443 2342 648 2413 llierosolymis
672 2343 823 2399 discedens
848 2342 954 2398 hntio-
1010 2344 1225 2399 daeumexiico
1250 2342 1402 2398 Bethsaida
1427 2344 1639 2400 Antiochenum
1666 2346 1838 2417 ciiemdici,

121 2413 326 2468 chiumienit:
362 2413 411 2468 nbi
437 2413 617 2483 promulgato
643 2415 796 2485 Evangelio
824 2415 951 2483 episcopi
1009 2421 1038 2469 et
1053 2414 1151 2469 haberi
1167 2415 1279 2484 optimo
1289 2414 1355 2482 jure
1368 2428 1449 2484 posse
1462 2429 1496 2470 ac
1513 2416 1616 2481 debere
1644 2430 1725 2474 nemo
1750 2432 1840 2488 nega-

123 2497 234 2540 munus
249 2483 385 2553 suscepit,
402 2491 466 2545 etc..
484 2485 527 2540 uti
544 2486 603 2541 hacc
617 2485 747 2541 Clemens
767 2492 795 2541 et
815 2486 952 2541 Tatianus
1009 2485 1090 2540 ierit.
1110 2485 1322 2554 Verbalosephi
1338 2492 1406 2540 sunt
1433 2485 1592 2542 referenda.
1619 2486 1743 2557 capuae
1770 2490 1839 2546 libri

121 2554 336 2624 sapientissimi
347 2555 557 2626 chronographi
568 2556 676 2612 litteris
692 2557 915 2626 prodiderunt»
1008 2569 1063 2621 xii,
1081 2557 1121 2611 ita
1132 2556 1255 2611 claudit:
1271 2576 1283 2606 i
1302 2557 1363 2610 ileu
1376 2562 1444 2612 sunt
1457 2558 1486 2611 in
1510 2558 1672 2613 ludaeorum
1702 2560 1838 2617 bonorem

159 2625 347 2695 Opportunus
361 2632 405 2681 est
421 2626 500 2681 locus
510 2627 557 2682 hic
570 2627 951 2684 inserendiobseriiationem
1009 2640 1025 2682 a
1042 2627 1228 2696 Philadelpho
1243 2626 1382 2681 exhibita.
1401 2630 1499 2683 »Tum
1524 2629 1641 2685 inchoat
1660 2638 1746 2699 caput
1761 2630 1778 2687 3
1792 2632 1838 2688 bis

122 2697 183 2751 riri
201 2697 231 2751 iii
243 2697 346 2765 primis
360 2697 448 2766 docti,
465 2711 528 2767 quie
540 2697 687 2755 illustrare
699 2699 804 2768 poterit
825 2700 953 2754 chrono—
1009 2712 1073 2767 quae
1093 2703 1273 2768 sequnntur:
1292 2698 1368 2752 «Sed
1383 2698 1455 2753 etab
1474 2699 1550 2755 Asiae
1563 2700 1680 2771 regibus
1704 2701 1837 2758 honorati

121 2767 242 2837 logiam,
254 2766 830 2826 ctfundationemsedishiitioclienaenon
844 2771 950 2838 minus,
1010 2773 1079 2824 sunt
1095 2776 1208 2838 propter
1220 2772 1349 2823 navatam
1362 2769 1391 2822 in
1406 2769 1512 2825 militia
1536 2770 1637 2826 bonnm
1667 2785 1700 2827 ac
1724 2772 1835 2829 tidelem

122 2851 213 2908 quam
223 2839 355 2894 liomanae
368 2844 397 2893 ot
410 2838 620 2895 Alexandrinae.
1009 2852 1134 2909 operam.
1147 2841 1275 2908 Namque
1289 2839 1425 2895 Seleucus
1451 2848 1638 2911 cognomento
1666 2844 1792 2900 Nicanor
1805 2845 1835 2899 in

161 2908 290 2964 Perdidit
309 2910 565 2966 reverendissimus
582 2913 614 2965 P.
646 2911 714 2970 abb.
745 2910 951 2967 Dacchinusin
1008 2910 1594 2978 conditisaseperisiametinierioiem
1615 2913 1725 2983 Syriam
1752 2914 1837 2970 urbi·
1932 2939 1941 2949 =

121 2979 240 3035 erudita
266 2981 470 3037 dissertatione
493 2982 528 3037 de
555 2981 726 3052 Originibus
749 2983 951 3038 ecclesiastice
1008 2982 1175 3050 businipsc
1190 2982 1308 3048 donique
1323 2984 1465 3049 metropoli
1488 2985 1636 3038 Antiochia
1650 2985 1700 3052 J'us
1717 2988 1836 3040 ciuitatis

120 3050 296 3106 hierarchiae
312 3049 447 3122 paglill,
464 3052 610 3123 antiquum
628 3054 706 3109 illam
726 3053 871 3123 Apollonii
889 3067 951 3108 nar·
1007 3055 1046 3106 eis
1069 3052 1154 3113 dedit,
1181 3051 1331 3120 voluitque
1347 3054 1463 3120 purii'lii
1491 3067 1555 3109 eum
1577 3055 1780 3111 Macedonibus
1803 3070 1836 3113 ac

120 3122 265 3178 rationem
282 3124 317 3177 de
331 3124 509 3179 duodenario
531 3138 672 3181 annorum
686 3138 804 3180 numero
821 3126 951 3194 interpo-
968 3162 992 3226 c
1007 3124 1116 3179 Grecis
1128 3122 1280 3175 conditione
1291 3123 1412 3190 degere:
1430 3139 1483 3191 quo
1492 3125 1558 3193 Jure
1577 3141 1651 3179 nune
1670 3141 1776 3194 quoque
1788 3143 1835 3180 ui-

123 3194 222 3249 uendo
239 3194 314 3248 inter
328 3193 530 3250 hscensionem
541 3196 668 3256 Domini,
696 3202 724 3250 et
748 3195 951 3265 protectionem
1008 3199 1076 3248 uuirt
1087 3194 1163 3248 inter
1175 3205 1224 3247 eos
1238 3193 1377 3246 homines.
1398 3195 1573 3264 argumento
1584 3201 1636 3257 est,
1650 3196 1835 3264 quialudaeis

119 3262 318 3334 apostolorum
331 3265 366 3318 ab
376 3265 580 3336 Hierosolymis
605 3268 634 3321 in
646 3267 816 3337 prouincias,
832 3279 954 3322 commo·
1009 3272 1126 3320 externo
1139 3263 1200 3318 oleo
1217 3261 1382 3317 nolentibus
1394 3265 1447 3330 uti,
1459 3273 1535 3320 certa
1564 3265 1684 3333 pecunia
1705 3280 1756 3335 pro
1771 3281 1803 3322 eo
1818 3280 1835 3323 a

122 3336 208 3404 dius,
225 3335 439 3392 acieriusesse
453 3339 661 3407 exponendam,
674 3343 734 3394 tum
750 3351 783 3392 ex
808 3339 836 3392 ii
849 3338 953 3393 Grece
1009 3332 1238 3406 gymnasiarchis
1254 3333 1405 3402 penditur:
1422 3348 1504 3405 quem
1525 3349 1629 3390 morem
1645 3349 1710 3391 cum
1725 3338 1835 3393 Antio·-

118 3406 263 3462 dictionis
287 3409 443 3478 χωρισθῆναε
453 3421 537 3477 quam
552 3408 687 3464 adhibuit
712 3408 862 3475 Eusebius,
891 3416 951 3465 tum
1009 3407 1124 3462 chensis
1139 3404 1262 3475 populus
1276 3405 1405 3472 proximo
1419 3405 1494 3462 bello
1506 3406 1643 3477 abrogare
1655 3406 1751 3491 vellet,
1777 3421 1834 3464 non

118 3490 156 3533 ex
169 3478 382 3544 comparatione
396 3479 539 3534 dictorum
554 3493 570 3534 a
589 3480 822 3549 aiuloaposiolo,
840 3480 870 3534 in
886 3481 952 3549 epi·
1009 3479 1142 3546 permisit
1165 3475 1325 3535 Mucianus,
1341 3477 1390 3544 qui
1406 3483 1466 3532 tum
1482 3478 1570 3547 Syrie
1584 3479 1738 3547 provinciae
1758 3493 1834 3548 pra-

118 3548 197 3604 stola
213 3549 246 3604 ad
262 3548 485 3620 Galatasagente
499 3552 534 3606 ile
548 3550 641 3619 primo
652 3551 773 3606 adventu
784 3564 837 3605 suo
856 3550 952 3606 lliero·
1009 3554 1079 3603 erat.
1095 3548 1203 3603 Deinde
1218 3548 1376 3614 imperante
1387 3549 1567 3616 Vespasiano.
1578 3549 1748 3618 etTitoelus
1762 3550 1833 3616 lilio,

119 3619 272 3690 solymam.
304 3621 453 3746 utrimque
466 3622 542 3677 eiiim
555 3620 681 3693 collegit,
700 3627 873 3691 preceptum
889 3621 951 3677 illis
1007 3618 1196 3700 Alexandrini
1208 3622 1236 3671 ct
1251 3617 1457 3673 Antiochenses
1479 3625 1611 3689 rogantes
1623 3619 1712 3674 adimi
1726 3620 1833 3676 ludaeis

118 3702 178 3746 non
192 3689 291 3758 luisse,
307 3704 342 3745 nc
365 3705 396 3760 pe
418 3705 459 3747 em
487 3691 646 3761 prolerrent
670 3700 750 3747 extra
776 3691 950 3762 ierusalem,
1002 3691 1172 3759 jusciuium,
1190 3695 1342 3756 impetrare
1356 3691 1384 3744 id
1397 3702 1452 3744 non
1483 3696 1652 3758 potueruut:
1682 3690 1833 3747 manifesto

118 3761 217 3830 sedssne
233 3761 539 3817 Ecclesiaslundarent
551 3763 626 3817 intra
642 3763 670 3818 iil
682 3764 829 3833 temporis,
842 3765 877 3818 ab
890 3765 953 3818 ilie·
1008 3764 1201 3816 Romanorum
1218 3759 1366 3826 aequitatis
1381 3765 1408 3815 et
1434 3760 1680 3830 magnanimitatis
1708 3761 1831 3821 iudicio.

119 3833 328 3902 rosolymitana
351 3846 408 3888 non
431 3833 630 3903 dependentes.
662 3835 691 3889 ld
715 3834 791 3889 enim
805 3835 950 3904 interpre-
1007 3834 1054 3887 sed
1071 3833 1214 3902 praecipue
1230 3829 1356 3897 ipsorum
1373 3831 1537 3900 principum
1552 3831 1601 3900 qui
1625 3845 1690 3886 cum
1705 3844 1738 3888 eo
1759 3833 1833 3888 bello

118 3903 242 3959 tandum
264 3906 417 3975 χωρισθῆναι
443 3911 487 3971 τῆς
511 3904 683 3975 Ἰερονσαλὴμ.
710 3905 746 3959 ab
773 3905 949 3961 Hierusalem
1008 3903 1114 3959 multos
1127 3901 1239 3957 labores
1256 3901 1452 3968 pertulissent,
1463 3909 1491 3957 et
1513 3899 1618 3957 infensi
1647 3908 1743 3958 essent
1769 3918 1835 3972 per·

117 3976 270 4042 sepreperi,
284 3977 420 4044 seperari,
436 3976 555 4043 sejungi,
578 3989 627 4031 seu
651 3975 768 4032 alteram
794 3976 949 4032 Ecclesiam
1009 3975 1145 4030 tinacitei
1157 3970 1374 4042 rebellantibus,
1389 3973 1463 4028 nihil
1473 3979 1565 4028 minen
1579 3973 1615 4029 de
1626 3974 1692 4041 jure
1704 3974 1832 4044 ipsorum

119 4044 253 4111 lundare,
271 4045 377 4115 quaeab
390 4047 647 4117 hierosolymitana
664 4047 783 4102 minime
795 4048 949 4115 pendereta
1008 4048 1188 4101 diminutum
1202 4041 1373 4098 voluerunt:
1391 4044 1540 4113 idqueuec
1557 4045 1606 4099 ire
1625 4045 1759 4114 propiiae,
1783 4059 1833 4101 nec

118 4122 264 4187 quatenus
276 4117 352 4172 intra
364 4117 515 4172 duodecim
537 4131 628 4173 annos
641 4126 669 4174 et
680 4119 875 4188 apostolorum
886 4119 951 4174 col-
1005 4116 1120 4172 duobus
1136 4112 1251 4185 populis
1261 4120 1360 4170 contra
1373 4128 1421 4171 eos
1434 4114 1521 4171 licere
1534 4116 1611 4185 passi
1633 4122 1711 4185 sunt,
1741 4117 1835 4186 majo-

118 4186 240 4258 legium,
264 4188 312 4243 ciii
338 4189 438 4243 Petrus
464 4196 591 4257 preerat,
622 4195 757 4260 tanquam
788 4203 866 4245 cuiae
878 4189 950 4258 legis
1007 4183 1505 4243 remrationemhabentesveterum
1531 4187 1626 4259 gentis
1653 4187 1832 4255 meritorum,

118 4259 288 4328 synedrium
302 4260 394 4328 majus
409 4260 615 4330 hierosolymis
623 4265 734 4315 tantum
746 4262 865 4329 sederet,
877 4260 951 4316 toti·
1029 4272 1093 4315 uam
1106 4255 1256 4328 praesentis
1271 4256 1450 4324 oliensionis,
1473 4264 1524 4313 aut
1543 4259 1654 4329 gratie,
1682 4272 1767 4328 quam
1779 4259 1832 4314 boc

120 4342 179 4400 que
197 4330 361 4385 iudaeoium
373 4331 551 4386 credentium
568 4332 655 4386 cetui
675 4332 725 4401 jus
751 4334 870 4400 diceret,
895 4339 949 4386 etc.
1007 4275 1166 4400 pactoapud
1183 4330 1235 4384 hos
1245 4329 1367 4396 populos
1379 4329 1453 4384 inire
1470 4336 1615 4399 poterant:
1632 4328 1761 4385 dicentes
1773 4343 1832 4399 eos,

116 4401 300 4456 Constituere
314 4407 409 4456 autem
426 4403 585 4472 principem
598 4402 718 4458 alteiam
731 4404 886 4459 Ecclesiam
899 4403 950 4458 iibi
1009 4402 1059 4470 qul
1075 4409 1175 4456 contra
1188 4410 1245 4454 rem
1260 4399 1412 4455 llomanam
1429 4413 1507 4455 arma
1519 4400 1654 4465 tulerant,
1679 4402 1835 4470 satissup-

116 4472 317 4540 apostolorum
337 4473 481 4542 quispiam
515 4475 635 4539 sederet,
659 4474 719 4529 lieri
742 4489 798 4530 non
830 4479 949 4544 poterat,
1010 4467 1831 4540 pliciorumexsoliisse:eosvero,quinihilpeccassent,

117 4542 193 4614 quin
206 4551 233 4598 et
246 4543 318 4598 alibi
329 4544 482 4612 apostolici
495 4545 609 4615 collegii
624 4546 793 4613 jurisdictio
810 4545 952 4615 plenissi-
966 4542 993 4603 D
1009 4558 1064 4600 non
1075 4541 1797 4611 esseaequiimspoliarisuispiivilegiiseijuribus.
1818 4560 1831 4591 ι

118 4620 364 4680 meexerceretur,
374 4616 480 4686 etquin
492 4617 704 4672 soladesinerct
718 4630 779 4672 esse
790 4617 949 4687 Hierosoly·
1043 4617 1129 4670 Linea
1144 4614 1171 4670 3.
1186 4643 1223 4654 —
1251 4614 1393 4678 inpressos
1409 4611 1502 4665 urbem
1527 4613 1637 4666 Domum
1652 4612 1703 4664 sub
1728 4613 1833 4668 Nerone

120 4685 229 4740 mitani
247 4685 384 4757 Ecclesia,
401 4702 464 4757 quae
477 4688 589 4743 caeteris
603 4694 736 4757 praeesset
747 4706 754 4757 3
765 4688 839 4757 quod
854 4704 951 4758 seqre·
1006 4687 1119 4741 desere.
1136 4685 1221 4740 initio
1237 4682 1350 4740 scilicet
1361 4682 1544 4750 principatus
1559 4681 1683 4747 Claudii,
1711 4682 1832 4737 Neronis

116 4759 193 4824 pori,
207 4757 325 4825 sejungi,
337 4760 514 4827 soporo-iique
540 4757 576 4812 ab
595 4758 772 4813 Hierusalem
803 4767 874 4828 erat,
898 4760 948 4815 ubi
1005 4759 1091 4813 Drusi
1108 4756 1173 4822 tilii,
1185 4751 1587 4823 cujusstlrpitamlamiliare
1600 4751 1833 4836 luitncognomen·

120 4842 174 4898 pro
198 4828 360 4884 ludaeorum
389 4842 465 4884 more
488 4828 708 4884 iurisdictionis
733 4830 892 4898 plenitudo,
921 4837 949 4886 et
1006 4835 1065 4885 tum
1077 4830 1225 4888 Neronum,
1239 4824 1344 4883 sabina
1359 4825 1457 4894 lingua
1474 4825 1573 4890 fortem
1592 4823 1768 4892 significans,
1786 4828 1831 4878 te-

116 4912 202 4968 apex.
217 4900 293 4955 ticet
307 4900 399 4970 igitur
423 4899 587 4955 cathedram
607 4900 798 4970 episcopalem
822 4902 950 4957 dedisset
1006 4901 1100 4956 stibus
1110 4900 1248 4955 Suetonio
1262 4903 1290 4952 et
1302 4894 1414 4978 Gellio,
1429 4902 1460 4952 ut
1474 4893 1526 4949 Od.
1539 4892 1578 4963 l.,
1595 4893 1648 4948 lib.
1669 4909 1715 4976 ir,
1738 4894 1831 4976 liora-

116 4971 270 5039 apostolus
283 4972 382 5026 l‘etrus
396 4970 584 5026 antiochenis
595 4971 630 5026 ad
650 4971 733 5026 tidem
759 4971 868 5026 Christi
884 4986 949 5028 con·
1006 4972 1066 5026 tius
1081 4971 1127 5026 bis
1142 4975 1222 5026 vocet
1232 4972 1354 5025 Nerones
1366 4979 1429 5034 equs
1446 4971 1583 5035 agnatos:
1596 4963 1715 5020 etdlius
1730 4966 1829 5020 Domi-

116 5042 213 5097 iersis
223 5048 288 5096 ante
304 5043 473 5098 sexennium
486 5041 658 5111 completum
670 5056 687 5098 a
698 5043 808 5099 Christi
833 5045 948 5099 Domini
1006 5043 1066 5097 tius
1078 5043 1188 5098 ascitus
1200 5039 1352 5113 ingeniem
1361 5037 1510 5092 Claudiam
1518 5037 1589 5092 Nero
1604 5037 1644 5091 sit
1658 5035 1830 5105 appellatus,

117 5112 315 5182 ascensione,
330 5114 426 5181 potuit
453 5113 647 5169 nihilominus
668 5114 751 5170 illius
766 5115 950 5184 episcopatus
1008 5120 1092 5183 prout
1104 5113 1151 5167 liic
1162 5113 1248 5167 etiam
1266 5110 1434 5166 nominatur
1448 5108 1500 5162 liu.
1514 5105 1542 5175 8,
1554 5107 1596 5162 iel
1610 5107 1635 5162 si
1649 5107 1684 5162 de
1705 5105 1831 5189 Domitio

115 5183 355 5253 jurisdictionem
382 5190 411 5239 et
436 5183 545 5239 limites
572 5186 699 5241 nondum
718 5187 880 5258 designare,
900 5187 948 5241 sed
1006 5187 1116 5240 Nerone
1131 5183 1223 5238 intelli
1248 5183 1280 5250 it,
1298 5179 1485 5251 posteriorem
1507 5179 1660 5234 adrentum
1676 5179 1751 5233 Petri
1763 5190 1830 5233 cum

117 5266 264 5310 reservare
297 5255 331 5310 ad
363 5256 594 5311 duodecennium
626 5257 802 5324 absolutum,
835 5258 949 5328 quaudo
1007 5199 1276 5326 prioreconluniffit.
1634 5321 1639 5333 ,

121 5327 241 5381 Domum
253 5324 482 5395 prolectusanno
497 5323 531 5382 lo
543 5327 625 5395 jiiiita
638 5336 764 5384 nostram
778 5329 949 5385 sententiam
1041 5329 1081 5382 De
1091 5325 1266 5383 testimoniis
1277 5329 1419 5404 veterum,⁸
1442 5319 1698 5404 comprobantibus
1721 5319 1825 5403 adieri·

118 5396 150 5451 in
166 5398 292 5451 llomana
304 5397 369 5452 sede
395 5398 604 5467 plenitudinem
618 5401 772 5467 pastoralis
782 5399 868 5456 olllcii
879 5413 952 5455 coii-
1007 5406 1068 5454 tum
1087 5397 1280 5466 apostolorum
1294 5394 1437 5464 principis
1452 5406 1481 5448 in
1504 5392 1605 5448 Urbem
1626 5405 1688 5446 aerae
1702 5390 1831 5462 vulgaris

115 5467 394 5536 tulit,etprimatiim
407 5470 647 5538 superuniiersas
662 5471 820 5525 Ecclesias:
835 5472 950 5526 eodem·
1007 5469 1117 5525 Christi
1129 5463 1256 5533 annoto,
1266 5465 1458 5536 satisegimus
1468 5465 1497 5519 lii
1514 5464 1589 5519 notis
1604 5462 1827 5546 chronologicis

117 5553 176 5609 que
190 5551 277 5606 anno,
293 5540 334 5593 iel
351 5540 480 5608 proxime
497 5542 625 5596 insecuto
647 5541 742 5608 potuit
766 5541 949 5597 antiochenae
1003 5541 1134 5608 occasio,
1151 5544 1179 5593 et
1192 5539 1265 5593 ratio
1280 5539 1407 5602 itineris,
1423 5542 1509 5604 atque
1534 5535 1693 5604 hospitium
1707 5534 1829 5603 apostoli

116 5610 197 5664 sedis
210 5608 431 5678 amplitudinem
446 5612 575 5667 Orientis
587 5610 777 5667 attributione
801 5613 906 5681 metiri,
923 5620 950 5670 et
1007 5619 1037 5674 in
1054 5610 1126 5667 Urbe
1138 5609 1272 5665 ridentur
1293 5609 1340 5664 liic
1364 5607 1541 5678 attingenda.
1562 5606 1660 5677 Neque
1675 5605 1706 5661 in
1728 5605 1830 5688 Urbem

115 5680 322 5737 alexandrinae
338 5683 539 5737 auctoritatem
565 5684 741 5738 constituere
757 5697 844 5753 supra
862 5685 952 5739 meri·
1011 5685 1104 5751 modo,
1134 5681 1183 5737 sed
1207 5682 1281 5737 etin
1310 5679 1478 5736 remotiores
1502 5676 1667 5734 Occidentis
1699 5689 1830 5748 regiones

114 5752 250 5809 diunales
267 5753 440 5823 provincias,
456 5754 649 5824 aquindecim
661 5753 860 5811 Orientalibus
875 5769 956 5825 sepa·
1010 5753 1253 5832 (quandoquidem
1266 5754 1340 5822 apud
1357 5752 1509 5806 Britannos
1527 5762 1642 5822 quoque
1667 5748 1830 5830 excurrisse

115 5831 206 5896 ratas,
224 5824 255 5879 in
271 5823 351 5880 illam
366 5825 516 5895 Euodium,
532 5826 563 5881 in
579 5826 651 5884 hanc
674 5827 801 5886 blarcuni
812 5827 949 5898 ablegans
1010 5834 1126 5891 Petrum
1141 5825 1234 5897 aliqui
1245 5821 1401 5895 putandam
1416 5821 1593 5893 pervenerit,
1616 5818 1763 5878 donnibd
1777 5821 1844 5869 ees
