3892 6136
559 292 736 353 APPENDIX
752 288 801 354 AD
818 291 1101 353 CHRONOLOGIAM.
1488 248 1491 253 ι
1623 294 1679 361 ahc

88 438 120 485 ac
135 424 234 482 studio
246 423 368 483 alterius
381 424 524 497 principis
533 424 686 483 Alexandri
711 424 842 487 cardi-A
856 427 925 485 licet
937 429 987 487 illa
1002 443 1117 503 quoque
1131 429 1264 488 mutilata
1279 429 1368 488 fuerit
1392 431 1535 500 superius.
1556 429 1680 491 Exhibet

92 497 277 555 serenissima
300 504 382 570 gente
407 498 558 554 Farnesia:
585 498 669 568 cuius
693 495 803 552 bencd-
856 501 933 557 enim
949 515 1038 575 genus
1051 503 1193 572 quoddam
1205 501 1345 560 fastorum
1362 503 1508 573 persimile
1521 504 1679 575 municipa-

100 569 269 625 liberalitati
279 577 307 624 et
318 583 394 626 curae
403 575 549 639 acceptum
569 568 802 626 referuntatates
857 570 1045 632 libusveluti
1063 574 1222 641 Casinensi,
1250 575 1328 631 edito
1358 576 1388 631 in
1410 575 1487 630 notis
1513 576 1620 630 nostris
1643 577 1678 632 ad

88 642 174 699 decus
188 640 364 711 praecipuum
377 641 509 698 Romanae
523 641 661 705 historiae,
679 647 738 697 tum
752 653 802 696 sa·
856 642 883 697 S.
899 643 1069 702 Clementem
1083 644 1169 706 infra,
1183 647 1309 719 aliisque
1324 647 1398 716 apud
1415 647 1569 702 Gruterum
1583 653 1611 702 et
1621 646 1679 702 Fa-

88 727 112 768 m
125 711 260 783 profanae.
856 712 982 771 brottum
995 716 1125 789 aliosque
1134 718 1316 788 antiquarios
1331 717 1471 773 videndis.
1498 717 1680 787 Quemadmo

88 784 186 840 iminis
200 783 292 854 igitur
318 783 494 854 gratiaduos
507 797 541 840 ex
555 785 664 856 ingenti
682 796 802 842 numero
855 786 923 840 duan
939 787 1015 843 enim
1037 789 1066 843 in
1077 788 1200 844 coloniis
1210 795 1238 845 ct
1253 791 1282 845 in
1296 788 1464 859 municipiis
1488 789 1612 857 solemne
1621 796 1681 844 erat

88 869 96 911 r
113 854 234 925 lapides,
247 856 379 911 Latinum
400 870 501 926 unum,
517 855 639 912 alterum
651 859 799 914 Graecum:
858 862 899 924 ut,
916 858 1045 929 exemplo
1061 858 1159 930 populi
1175 861 1294 916 Romani
1307 860 1465 930 Quiritum,
1483 861 1680 916 inciderentur

88 933 217 996 epertnm
234 927 800 997 anteannossepteminlittoreAntiati,
858 930 1013 996 quotannis
1024 931 1141 987 nomina
1165 931 1318 987 consulum
1344 931 1559 988 ordinariorum
1586 932 1680 986 lloma

89 1003 143 1053 aet
154 995 355 1052 sollicitudine
365 999 511 1054 memorati
521 1000 678 1056 cardinalis
686 999 800 1065 Albani,
858 998 1022 1056 ineuntium
1037 1002 1235 1072 magistratum
1251 1002 1489 1072 Kal.lanuarii,a
1509 1001 1681 1074 quibusan·

88 1069 296 1124 aesanctissimi
316 1070 405 1136 pratris
432 1071 575 1126 laetificet
602 1071 802 1127 adhortatione
857 1069 887 1124 ni
915 1072 1128 1129 nomenclatura
1149 1072 1305 1142 petebatur,
1328 1074 1432 1131 deinde
1466 1080 1682 1129 recenserentur

88 1139 147 1196 lida
163 1139 294 1195 historiae
305 1139 482 1196 firmamenta
493 1142 693 1212 conquirentis
704 1160 712 1203 a
725 1142 802 1197 hunc
857 1143 1219 1201 nominatelduumvirum
1230 1144 1679 1214 incoloniis,velqnatuorvirum

88 1226 109 1266 m
126 1211 235 1281 pridem
248 1217 358 1279 notum,
372 1218 400 1265 et
418 1217 484 1267 alate
511 1225 601 1268 annos
629 1220 762 1268 centenos
775 1217 802 1267 et
855 1214 915 1285 juri
931 1215 1091 1271 dicendoin
1118 1216 1299 1283 municipiis,
1332 1224 1383 1271 aut
1407 1215 1678 1286 quinquennalium,

88 1298 103 1349 t,
128 1288 155 1337 et
178 1283 252 1351 ‹puod
283 1283 420 1345 excurrit,
450 1283 585 1338 edituma
613 1285 735 1340 Grutero
767 1296 801 1338 ex
856 1286 941 1356 (quod
958 1287 1153 1356 conspicimus
1165 1289 1194 1342 in
1218 1287 1429 1357 Casinatiiaita
1458 1286 1509 1341 hoc
1528 1287 1557 1341 in
1586 1285 1682 1355 lapide

90 1355 259 1408 transmissa
274 1352 386 1413 scheda,
404 1355 554 1422 desumpta
566 1367 599 1408 ex
616 1355 702 1410 libris
715 1353 800 1409 Anti·
857 1371 890 1412 cx
902 1358 999 1412 ruinis
1012 1358 1093 1412 Antii
1104 1357 1207 1415 effosso
1225 1359 1332 1429 signati
1349 1364 1416 1415 sunt
1439 1358 1559 1412 Romani
1572 1371 1681 1412 consu-

88 1424 573 1480 lmBeriaardinicardinallshlaffaei
589 1425 800 1497 :lnquatamen
858 1428 898 1482 les
913 1429 1055 1484 ordinarii
1069 1429 1143 1484 serie
1170 1430 1349 1499 continuata,
1377 1430 1462 1498 cujus
1491 1427 1679 1499 fragmentum

92 1499 136 1551 tor
150 1496 189 1550 ita
203 1496 307 1550 vitiose
323 1496 486 1550 reddiderat
508 1495 663 1552 nonnullos
689 1510 799 1562 tersus,
856 1503 1002 1568 superstes
1014 1500 1316 1557 inchoataconsulatu
1328 1501 1378 1556 Cn.
1393 1500 1542 1555 Acerronia
1557 1497 1680 1569 Proculi,

89 1571 136 1622 tus
151 1566 587 1635 occultaveritpretiosissimum
597 1568 800 1623 documentum
854 1577 882 1626 et
896 1574 924 1625 C.
942 1571 1037 1626 Pontii
1052 1572 1178 1643 Nigrini,
1191 1572 1344 1628 emortuali
1369 1570 1489 1635 Tiberii,
1511 1584 1573 1625 aerae
1586 1574 1680 1626 autern

90 1638 211 1703 riorum,
231 1638 260 1691 in
281 1638 331 1691 illo
354 1651 493 1693 marmore
516 1640 707 1708 compositum
735 1652 799 1693 crum
853 1640 1025 1697 Christianae
1037 1640 1081 1706 36,
1097 1647 1125 1698 et
1139 1644 1277 1714 prcrtlngit
1287 1644 1321 1698 ad
1345 1642 1527 1698 consulatum
1545 1642 1680 1713 quintum

88 1715 127 1764 atu
137 1708 213 1764 Galli
228 1713 255 1763 et
266 1708 368 1776 flacci,
379 1710 800 1779 adeoquecumcaterisomni·
853 1711 963 1767 Tiberii
979 1712 1103 1781 Claudii,
1122 1714 1231 1783 collega
1251 1714 1383 1783 Orphito,
1414 1726 1476 1768 arae
1501 1712 1609 1768 Christi
1636 1709 1679 1767 lb.

87 1779 796 1852 chisOcientaliumetOccidentaliumpopulorum
812 1801 839 1860 Β
854 1783 1059 1855 Singulisaero
1073 1783 1127 1839 snb
1146 1785 1278 1856 collegiis
1296 1785 1447 1840 consulum
1476 1783 1612 1855 leguntur
1632 1783 1681 1838 in-

88 1853 188 1908 ,omani
201 1870 207 1906 :
222 1852 296 1920 quod
314 1851 397 1907 modo
413 1853 554 1922 integrum
579 1857 607 1907 et
623 1853 799 1908 custoditum
854 1855 914 1910 cisa
926 1854 1040 1910 nomina
1065 1869 1114 1910 serr
1141 1857 1354 1926 magistrorum,
1382 1857 1425 1911 vel
1458 1869 1508 1925 pro
1524 1856 1681 1925 magistro-

88 1929 179 1994 retypo
194 1925 309 1978 Romam
326 1923 435 1992 perlato
457 1924 485 1977 iu
504 1937 630 1980 raauseum
646 1924 798 1987 Albanum,
856 1941 930 1995 rnna,
947 1925 996 1996 qui
1014 1928 1172 1996 quantannis
1200 1926 1381 1997 eligebantur
1404 1927 1437 1982 ad
1463 1925 1616 1982 caramuel
1638 1925 1672 1980 ad

88 1994 153 2050 cirne
173 1994 317 2063 sculptum
331 1995 488 2064 cernimus,
503 2002 530 2049 et
557 2002 719 2064 opportune
731 2008 801 2064 pro·
856 1998 1013 2067 impensam
1031 1997 1163 2053 ludorum
1176 2012 1192 2052 e
1204 2001 1365 2068 corporatis
1375 1997 1481 2065 vernis,
1512 1998 1573 2052 sine
1587 1996 1681 2050 llber-

88 2067 240 2122 caderes
256 2066 473 2121 universashoc
501 2066 612 2135 duplici
642 2066 801 2135 specimine
854 2068 1153 2141 tisdomusAugustae
1174 2070 1203 2124 in
1231 2069 1341 2125 Antiati
1366 2082 1480 2125 secessu
1509 2066 1681 2138 degentibus

88 2137 175 2205 indas,
190 2143 218 2192 et
228 2137 420 2193 stabiliendas
431 2137 460 2192 in
472 2138 580 2193 nostris
591 2138 699 2194 tabulis
712 2138 801 2193 chro-
854 2138 948 2211 (quem
963 2154 979 2195 a
992 2138 1102 2195 Tiberii
1113 2141 1238 2196 atateau
1249 2140 1407 2197 Adrianum
1435 2139 1594 2210 principem
1622 2136 1682 2192 fre-

88 2209 129 2278 is,
143 2215 171 2265 et
183 2208 391 2279 antiquitatum
416 2208 606 2279 genuinarum
629 2209 801 2266 auctoritate
856 2216 1024 2281 quentatum
1033 2210 1069 2266 ab
1081 2212 1221 2284 Augustis
1231 2212 1342 2267 ostendi
1369 2212 1397 2266 ln
1414 2208 1536 2280 epistola
1548 2207 1681 2278 delapide

88 2292 135 2335 nos
149 2279 279 2350 singulos
291 2280 477 2336 confirmatis.
855 2281 965 2338 Antiati
978 2295 1013 2338 ex
1040 2283 1207 2338 testimonio
1225 2290 1351 2339 veterum
1381 2278 1567 2352 scriptorum)
1582 2286 1610 2335 et
1624 2279 1680 2335 ad-

88 2365 116 2407 sr
129 2351 220 2422 igitur
230 2352 353 2420 primum
364 2352 475 2408 Latinis
493 2350 601 2407 litteris
611 2351 798 2421 insculptum,
855 2353 944 2408 dictis
959 2352 1098 2423 peculiari
1110 2352 1213 2420 officio,
1225 2360 1253 2410 et
1267 2353 1383 2424 opificio
1410 2351 1573 2480 Siffmfflm’
1590 2355 1621 2407 ut
1634 2349 1682 2404 vi-

88 2423 253 2478 terisAntii
282 2422 437 2478 ruderibus
467 2429 621 2494 repertum,
650 2429 693 2480 est
719 2421 800 2491 frag·
854 2424 949 2493 detur,
967 2424 1090 2481 iudomo
1105 2426 1244 2497 Augusta.
1258 2425 1340 2482 Clare
1350 2426 1433 2481 admo
1457 2437 1504 2479 um
1533 2421 1680 2491 conspici-

88 2507 102 2548 n
117 2493 220 2549 tabulce
230 2492 391 2563 amplioris,
413 2495 443 2549 in
460 2507 515 2564 qua
538 2494 713 2564 dispositum
727 2507 799 2549 con·
854 2500 903 2551 tur
913 2497 1069 2551 Venuauuu
1081 2498 1150 2552 Dies
1168 2497 1271 2553 fesrus
1294 2497 1334 2553 ita
1349 2496 1481 2565 signatus
1495 2494 1524 2549 in
1539 2491 1589 2548 illo
1603 2505 1681 2547 mar·

88 2579 122 2621 ur
151 2564 355 2620 Kalendarium
383 2565 542 2633 lulianum,
579 2566 608 2620 in
649 2566 798 2622 columnas
854 2567 1482 2638 morediedoctobris3etintermagistros
1508 2563 1681 2620 subconsu-

88 2636 124 2690 im
138 2636 328 2692 distributum
345 2650 394 2705 per
403 2638 520 2692 totidem
541 2638 609 2692 anni
636 2650 755 2704 menses,
769 2644 798 2692 et
852 2636 912 2692 latu
926 2637 990 2692 Tib.
1002 2638 1117 2694 Claudii
1130 2639 1251 2695 Caesaris
1263 2648 1291 2695 et
1300 2638 1410 2695 Vitellii
1438 2639 1462 2693 ll
1487 2636 1560 2707 (cerua
1599 2633 1680 2689 Chri-

89 2707 260 2763 tumdictlm
278 2708 379 2763 iisdem
389 2707 796 2777 planelitterisindlcantibus
850 2709 951 2764 stianae
961 2706 1005 2779 tc)
1020 2709 1127 2779 legitur
1143 2712 1315 2766 Lusiuacuus
1327 2722 1452 2765 eparcus
1467 2708 1515 2764 Dei
1543 2705 1589 2762 sui
1608 2706 1682 2761 Ven-

88 2784 146 2847 ¹cos,
164 2778 296 2846 nefastos,
313 2785 339 2834 et
369 2778 540 2849 comitiales,
563 2792 672 2835 necnon
685 2786 795 2834 etatem
850 2793 932 2835 uani:
951 2794 1035 2851 quem
1050 2780 1163 2837 scilicet
1172 2782 1288 2852 genium
1303 2795 1387 2838 suum
1412 2780 1561 2837 tutelarem
1576 2782 1603 2832 et
1631 2789 1683 2847 pa·

88 2862 115 2904 er
126 2850 237 2921 cyclum
254 2856 488 2922 catagrammum,
523 2865 587 2921 qnae
615 2849 750 2923 leguntur
765 2850 794 2904 in
850 2855 965 2906 tronum
980 2851 1124 2923 elegerant
1142 2855 1285 2923 corporati
1303 2853 1352 2908 isti
1373 2865 1465 2907 vernae
1491 2857 1518 2906 et
1539 2849 1588 2905 die
1612 2844 1683 2903 festo

88 2933 156 2989 ano,
175 2936 224 2989 per
240 2922 313 2977 alios
326 2928 354 2976 et
366 2936 414 2991 per
427 2937 479 2977 nos
501 2922 580 2978 edito
601 2928 629 2978 et
653 2921 795 2991 explicato
851 2922 991 2992 peculiari
1005 2922 1199 2978 celebrabant.
1215 2923 1336 2994 Opilicia
1348 2929 1377 2978 et
1406 2921 1599 2993 professiones
1614 2932 1683 2988 pro-

88 2991 143 3046 adc
159 2992 329 3048 Kalendario
344 3002 371 3048 et
390 2994 474 3063 Cyclo
485 2994 616 3049 Caesaris.
852 2994 921 3063 priae
932 2993 1115 3050 libertorusm
1132 3001 1159 3048 et
1170 3007 1321 3050 vernarum
1337 2994 1440 3049 domus
1467 2993 1602 3069 Augustae
1628 2989 1683 3045 ob

88 3076 113 3118 rr
146 3061 216 3118 testa
243 3065 385 3132 precipua
415 3066 606 3121 homanorum
632 3069 661 3119 ct
687 3062 797 3119 indicia
851 3065 1270 3134 servanturpassimadjunctae
1289 3063 1456 3120 nornirribus
1481 3061 1680 3143 singulorum:

88 3133 266 3204 m,leguntur
282 3135 311 3190 in
333 3135 384 3190 hoc
407 3136 518 3191 Antiati
543 3136 670 3206 propriis
693 3134 798 3190 diebus
813 3162 837 3224 C
852 3140 1028 3191 suntantem
1042 3137 1098 3191 illae
1114 3137 1223 3206 Pisaea,
1256 3138 1448 3202 luscunanius,
1476 3137 1600 3199 hiessen,
1625 3133 1682 3186 Te·

88 3206 334 3277 agestaprmcipua
342 3207 506 3275 principum
520 3205 638 3261 familiae
663 3207 799 3275 luliae,ct
851 3220 998 3274 conrnune,
1023 3209 1183 3274 Toeranaus,
1220 3208 1455 3275 Parrucnranrus,
1481 3207 1681 3272 DrsccnsArcn,

87 3277 158 3332 idem
187 3278 354 3344 ascitorum,
396 3277 516 3347 natales,
541 3277 685 3345 funera,a
720 3277 797 3333 lulio
852 3279 1054 3346 Sceucrcus,n
1102 3279 1353 3341 §creciacensi
1395 3278 1568 3338 Coniunctus,
1615 3278 1681 3343 etc,

97 3348 238 3403 dictatore
247 3349 281 3404 ad
298 3354 406 3403 aetatem
418 3349 531 3404 Claudii
542 3367 550 3416 3
563 3349 638 3403 inter
650 3362 713 3419 quae
725 3347 796 3404 illud
852 3349 916 3404 aliae
932 3361 1046 3419 quoque
1059 3347 1216 3403 nobiliores
1226 3354 1382 3406 occurrunt
1394 3349 1501 3409 Pteron,
1521 3347 1680 3413 Arniensis,

88 3432 125 3474 are
135 3431 190 3474 non
204 3421 231 3488 pi
253 3417 799 3491 eatqcouuioeoacgusucocsignamr
854 3423 986 3488 habacue,
1011 3435 1029 3475 a
1059 3420 1248 3475 Bracrorucca.
1282 3421 1386 3477 Verum
1414 3420 1472 3474 hac
1498 3415 1682 3487 expendenda

91 3489 221 3545 lausanae
235 3437 421 3546 {Caesaris
431 3492 510 3546 Diem
524 3489 709 3547 emortualem
718 3490 799 3546 lucii
854 3493 1037 3548 reseruemus¹
1053 3490 1241 3560 explicationi
1271 3490 1410 3561 peculiari
1438 3489 1557 3559 hujusce
1578 3499 1685 3542 monu-

88 3562 324 3631 snuncprimum
344 3576 378 3616 ear
410 3562 463 3617 hnc
486 3562 595 3617 ,initiati
626 3561 799 3618 lialendario
855 3563 1236 3632 menatsuolococdendaa.

88 3631 147 3697 ,ita
165 3632 292 3702 proxime
307 3633 474 3688 definiverat
498 3633 576 3688 card.
604 3633 742 3688 Norisius
770 3633 799 3687 in
890 3634 1087 3702 Claronologiae
1103 3634 1246 3690 utilitates
1261 3633 1310 3690 hic
1323 3631 1520 3689 tantummodo
1543 3636 1611 3686 sunt
1636 3632 1681 3683 at-

89 3703 158 3765 Pis,
175 3717 242 3829 pag.
256 3701 320 3768 265,
336 3711 367 3759 ut
379 3705 618 3759 demonstraverit
637 3703 748 3759 obitum
760 3703 801 3759 il·
856 3704 1007 3774 fingendae.
1024 3705 1137 3774 Epaocha
1164 3719 1265 3775 pugnae
1290 3710 1319 3760 et
1346 3716 1479 3759 vrcrcnne
1501 3703 1682 3782 Rullusaurce

88 3773 192 3843 incipis
224 3774 803 3842 ebertalicuieadlebusinterceptisin-
857 3774 898 3830 ibi
914 3775 1048 3830 adnotata
1060 3775 1213 3847 legiturad
1228 3777 1304 3831 diem
1320 3789 1423 3832 nonam
1437 3773 1684 3843 mensrsAugustr

88 3849 106 3900 at
116 3842 148 3901 al
161 3847 298 3916 Augusti,
311 3852 409 3902 contra
420 3847 565 3902 salianum
578 3853 606 3901 et
618 3846 800 3912 Ricciolium,
857 3848 944 3901 Davus
955 3847 1015 3900 luc.
1030 3847 1193 3902 Priansaure
1207 3860 1289 3904 vicar.
1303 3848 1367 3903 llaec
1394 3847 1484 3903 nullis
1512 3854 1684 3901 monumen-

87 3924 175 3972 tentcs
194 3917 228 3971 ad
257 3917 450 3973 Decembrem.
491 3916 639 3972 Norisiani
672 3917 800 3986 computi
856 3917 986 3972 tiscerta
1007 3915 1145 3974 hactenus
1172 3919 1353 3982 reddebatur,
1383 3919 1450 3974 licet
1478 3915 1683 3995 felicissimum

95 3992 125 4043 et
136 3987 262 4044 felicitas
283 3989 336 4044 hoc
358 4002 498 4044 marmore
522 3988 703 4058 comprobata
728 3989 801 4043 tanti
857 3987 1007 4058 ingenium
1022 4001 1075 4043 em.
1088 3989 1247 4046 cardinalis
1266 3990 1374 4047 Norisii
1390 4004 1424 4046 ex
1436 3988 1685 4046 collatisauctori·

88 4064 130 4128 tet,
145 4061 180 4115 ad
205 4060 421 4131 chronologiam
434 4066 465 4114 ut
491 4061 611 4129 ipsemet
635 4059 747 4123 scribit,
776 4059 801 4114 si
857 4058 965 4131 latibus
981 4065 1105 4115 veterum
1126 4062 1299 4130 scriptorum
1322 4062 1546 4133 quamproxime
1561 4056 1685 4114 adillam

88 4130 621 4201 sdemprincipistantumattinceret.
643 4129 803 4199 Quodindc
858 4131 996 4186 acesserit
1021 4132 1050 4186 in
1081 4133 1192 4201 Epochn
1225 4133 1493 4204 Syromacedonum,
1528 4130 1684 4196 disserte,

88 4205 176 4270 uitur,
191 4203 243 4258 hoc
257 4204 391 4259 ducimus
408 4203 498 4258 multo
524 4172 617 4272 picris
631 4201 802 4258 habendum.
858 4216 918 4271 cap.
935 4199 961 4257 5.
976 4203 1093 4257 l‘raestat
1104 4209 1229 4259 attamen
1249 4203 1385 4260 omnibus
1406 4202 1588 4260 documentis
1611 4206 1687 4255 tem-

90 4273 473 4345 niturautemaugmentum
492 4274 604 4330 dductae
629 4273 803 4330 industriam
860 4286 960 4343 porum
971 4273 1062 4329 hocin
1073 4273 1511 4346 lapideconsignatisscriesilla
1521 4271 1684 4353 consulunt.

88 4358 105 4399 n
120 4345 250 4401 excitans
265 4346 298 4400 ad
320 4345 486 4406 pontificum
510 4344 805 4415 nostrorumepochas
860 4359 923 4414 quae
937 4345 1002 4414 plus
1017 4359 1101 4414 uuam
1121 4347 1226 4417 viginti
1243 4348 1323 4417 paria
1340 4347 1431 4402 incisa
1444 4345 1536 4403 fuisse
1560 4343 1688 4400 ostendat

88 4416 177 4472 indas.
192 4417 312 4472 Perinde
322 4418 398 4472 enim
414 4424 533 4486 possunt
544 4431 578 4473 ea
592 4416 699 4473 tabulis
714 4416 806 4482 depo·
860 4415 930 4470 huic
945 4418 1079 4473 marmori
1094 4432 1181 4487 supra
1201 4419 1253 4473 hoc
1275 4424 1410 4473 semestre
1437 4418 1563 4487 spatium
1584 4422 1688 4472 exten-

93 4486 175 4543 mSS.
190 4495 345 4557 martyrum
372 4496 401 4543 et
419 4488 596 4557 poratidcum,
624 4501 720 4544 annuo
745 4487 806 4543 ritu
861 4487 1045 4543 sunaalulio
1071 4490 1106 4544 ad
1137 4488 1325 4544 Decembrem.
1346 4489 1548 4544 Totidemcum
1570 4485 1689 4542 referret

88 4559 153 4614 lesia
164 4565 393 4628 memoratarum,
421 4561 484 4615 dies
507 4560 669 4616 earumdem
684 4559 804 4625 firmari,
820 4553 848 4616 D
862 4557 1022 4628 precedens
1047 4566 1182 4614 semestre
1207 4559 1386 4627 deperditum
1401 4571 1417 4613 a
1433 4572 1529 4614 mense
1550 4558 1688 4612 ianuario

99 4629 125 4685 si
137 4631 331 4700 adjungantur
345 4638 529 4686 monumenta
547 4635 575 4685 et
585 4633 804 4700 comparentur‘.
860 4630 895 4685 ad
910 4629 1038 4689 lunium,
1049 4630 1237 4698 consequitur
1251 4635 1281 4684 ut
1295 4629 1363 4683 anni
1377 4630 1507 4684 continui
1527 4628 1686 4698 plusquam

88 4699 172 4756 iiten
202 4714 342 4757 marmore
374 4703 522 4757 Antiatum
551 4701 725 4773 recognosci,
753 4701 805 4756 illo
860 4699 1686 4827 anadragintaactotidempariaconsulumnobisosten·

88 4784 107 4826 n
129 4779 292 4842 conspecto,
309 4773 386 4829 diem
400 4779 492 4828 tamen
504 4773 602 4830 obitus
630 4774 660 4828 L.
685 4773 806 4828 Caesaris
880 4778 1024 4827 creature
1040 4772 1131 4840 primo
1143 4769 1252 4826 Christi
1281 4769 1386 4826 seculo
1404 4784 1453 4840 per
1478 4771 1597 4827 unicum
1609 4769 1687 4824 hunc

102 4840 193 4899 fnisse
206 4844 359 4900 deductum
375 4845 537 4914 aequalibus
562 4858 597 4900 ex
624 4844 805 4900 documentis
861 4842 995 4911 lapidem,
1008 4843 1116 4907 integer
1140 4843 1166 4898 si
1177 4843 1211 4898 ad
1228 4855 1280 4897 nos
1295 4843 1487 4913 pervenisset:
1503 4840 1683 4912 quibuscum

88 4926 107 4967 aa
122 4920 150 4970 et
166 4929 349 4971 nuuamorum
367 4930 415 4986 per·
427 4916 575 4973 Norisinm
590 4921 701 4971 mature
711 4914 805 4970 consi·
859 4913 926 4968 addi
941 4918 1054 4983 possent
1066 4927 1100 4969 ex
1110 4926 1250 4968 marmore
1260 4913 1389 4969 Casinati
1405 4927 1503 4969 notem
1519 4911 1569 4967 illa
1584 4923 1686 4966 consu·

98 5002 106 5053 3
120 4987 195 5055 quod
213 4989 372 5055 prestitum
395 4987 533 5044 similiter
558 4987 759 5058 cognoscimus
775 4985 804 5040 in
860 4984 918 5039 lum
930 4983 1002 5040 colle
1022 4985 1093 5040 iaex
1106 4985 1242 5051 Capitone
1253 4991 1281 5039 et
1293 4983 1366 5040 Rufo
1393 4978 1566 5055 (carisiaci)
1580 4981 1613 5036 ad
1631 4981 1688 5036 Ve-

91 5057 242 5114 scribenda
256 5059 304 5114 die
314 5075 413 5128 pupae
437 5059 611 5125 Pharsalica,
636 5057 705 5113 licet
730 5070 805 5112 nunc
860 5055 987 5123 spactant
999 5001 1031 5112 51
1046 5063 1074 5111 et
1091 5056 1149 5111 Titi
1160 5054 1307 5125 Vfcbristi
1325 5052 1370 5125 Ἰό)
1383 5055 1508 5113 feliciter
1520 5057 1687 5136 praeservata

88 5129 273 5185 ndeclarata
307 5131 346 5185 sit
376 5131 429 5185 hoc
458 5131 487 5185 in
515 5130 610 5185 eodem
647 5128 805 5199 fragmento
860 5131 890 5182 et
903 5125 1025 5183 inferius
1039 5127 1177 5197 impressa
1195 5127 1225 5182 io
1246 5127 1322 5183 notis
1350 5130 1385 5185 ad
1398 5128 1425 5183 S.
1445 5127 1626 5187 Clementem,
1640 5138 1688 5179 ta-

90 5199 147 5255 arii
160 5201 195 5256 ad
211 5201 314 5256 dicmv
328 5201 394 5256 ldus
409 5201 543 5272 Augusti,
556 5214 621 5256 cum
635 5213 691 5257 non
720 5200 806 5270 igno·
861 5198 993 5254 dercmus
1004 5197 1093 5255 fastos
1102 5198 1268 5255 consulares
1282 5198 1347 5268 plus
1360 5198 1573 5271 quamdimidii
1587 5196 1687 5279 saeculi

88 5286 104 5324 ·.
862 5269 963 5324 intera
987 5268 1152 5326 Christiana
1181 5270 1323 5340 principis
1346 5270 1460 5327 duobus
1495 5267 1687 5326 marmoribus

88 5341 169 5397 ,imus
189 5343 309 5411 reperiri
326 5343 523 5399 tantummodo
544 5343 671 5412 potuisse
699 5347 806 5412 partem
862 5340 953 5395 musci
973 5340 1076 5396 Albani
1104 5341 1312 5410 comprobatos.
1336 5342 1497 5411 Supersunt
1517 5347 1641 5397 attamen
1652 5353 1688 5394 cx

88 5415 276 5484 amarmoris,
303 5429 366 5485 quae
387 5417 515 5471 continet
538 5429 586 5470 sex
609 5427 718 5470 menses
737 5413 806 5468 anni
862 5411 913 5467 illo
929 5424 1048 5467 numero
1061 5412 1264 5480 compluresin
1287 5412 1410 5484 Antiati,
1439 5420 1470 5470 ut
1485 5424 1562 5468 aenea
1588 5408 1686 5493 tabula

107 5487 305 5553 posterioresa
319 5488 397 5543 lulio
415 5488 449 5542 ad
484 5486 674 5552 Decembrem,
702 5497 807 5554 eosque
860 5483 1046 5552 demonstrat,
1062 5482 1185 5538 fideliter
1199 5497 1331 5554 expressa
1356 5498 1390 5541 ex
1414 5485 1617 5554 archetypam
1638 5482 1686 5537 hac

88 5562 181 5626 tegros
203 5570 267 5612 cum
295 5558 391 5615 tabula
420 5557 605 5629 sequioribus
628 5555 762 5612 aetatibus
776 5556 805 5611 in
864 5554 1013 5610 inserenda
1026 5554 1195 5623 speciminis
1209 5556 1300 5627 gratia
1316 5570 1350 5612 ex
1371 5556 1540 5613 collectione
1562 5566 1686 5609 marmo-

91 5633 170 5683 secta
182 5634 233 5684 aut
244 5629 388 5686 confracta
403 5629 535 5685 decadem
557 5629 668 5685 dicrum
693 5633 807 5698 postre-
862 5640 924 5682 rum
939 5625 1149 5682 Latinorumad
1166 5627 1380 5698 chronologiam
1393 5627 1611 5698 pertinentium.

88 5700 200 5756 miserit
214 5701 242 5755 in
257 5702 383 5772 singulis
400 5700 555 5756 mensibus.
896 5697 1033 5767 Produco,
1049 5697 1226 5768 elapidibus
1237 5697 1481 5768 Graectsejusdcm
1504 5697 1596 5756 musei
1612 5695 1687 5752 emi-

88 5775 109 5826 et
130 5772 253 5840 pretium
269 5770 637 5842 huiusmonumenti,licet
655 5767 805 5840 confracti,
861 5768 1026 5825 nantissimi
1038 5769 1193 5828 Alexandri
1204 5770 1283 5827 card.
1299 5769 1414 5842 Albani,
1441 5771 1564 5828 alterum
1592 5769 1686 5824 docu-

88 5841 294 5914 lambelequac
306 5858 394 5914 supra
407 5842 612 5901 Kalendarlum
627 5842 804 5913 extenditur,
861 5846 986 5898 mentum
1001 5845 1030 5897 et
1051 5840 1261 5900 firmamentum
1283 5841 1499 5914 chronologia,
1515 5841 1702 5907 conbanem
