3892 6136
113 206 169 268 229

700 212 835 269 APPENI)
854 212 901 269 ab
918 213 1069 271 DISSERT.
1090 215 1243 272 ancuu.

1770 216 1824 282 iao

148 336 216 390 llaec
233 334 333 405 itaque
351 349 385 391 ex
400 337 497 391 codiee
511 337 694 408 Farnesiano,
715 339 843 396 omnium
863 339 943 395 anti·
955 338 984 396 Α
1001 343 1082 412 gines
1104 345 1304 415 episcoporum
1322 348 1377 402 as.
1394 347 1560 418 Asprenate,
1576 347 1669 418 primo
1685 350 1824 421 Neapoli-

114 424 272 495 quissimo,
283 423 354 479 duxi
364 424 551 481 exscribenda
561 433 588 481 et
596 427 766 496 exhibenda,
782 428 816 482 ad
829 429 885 482 vim
897 429 944 483 de

116 512 340 568 monstrationis
355 513 550 582 complendam
567 515 595 569 in
610 517 787 586 argumentis
802 516 942 572 llolstenii

115 606 143 658 et
156 598 360 655 schelestratii
375 614 437 670 quae
452 601 581 656 indicant
596 600 687 657 tontes
703 605 843 673 genuinos
857 605 944 659 histo·

117 690 167 744 rim
180 688 372 759 pontificalis.

151 787 200 842 Xl.
223 787 287 841 Non
306 785 377 841 levia
396 800 510 856 quoqvxe
525 795 665 843 momenta
692 789 791 845 solidae
814 792 946 846 veritatis

117 874 248 930 addenda
270 880 341 930 sunt
360 888 395 929 ex
411 874 524 930 duobus
539 877 690 932 codicibus
707 878 882 934 Florentinis
898 880 947 934 hi-

117 961 270 1018 bliothecae
286 963 313 1017 S.
336 964 440 1033 blanci,
464 977 535 1033 quos
551 970 582 1019 ut
594 965 760 1036 evolverem,
777 967 944 1037 conferrem,

118 1051 354 1116 transcriberem,
372 1052 401 1106 in
417 1065 449 1108 ea
465 1053 602 1121 temporis
613 1055 747 1125 angustia
761 1069 817 1125 qua
834 1070 947 1126 preme-

118 1138 168 1194 bar
195 1145 347 1195 maturans
372 1140 496 1196 reditum
525 1154 618 1196 meum
645 1143 673 1197 in
697 1142 810 1213 Urbem,
832 1158 945 1213 operam

119 1241 234 1298 quoque
250 1242 332 1283 suam
342 1229 518 1284 amicissime
528 1229 873 1287 contuleruntadmodum
889 1247 943 1288 rev.

120 1317 215 1371 Patres
231 1316 348 1372 ordinis
363 1318 595 1387 Praedicatorum,
620 1324 698 1373 tanto
714 1320 811 1376 studio
833 1320 945 1376 incitati

119 1405 153 1460 ad
179 1403 254 1460 bene
278 1406 445 1460 merendum
477 1407 512 1461 de
540 1406 657 1475 litteris,
692 1415 831 1478 quantum
860 1411 945 1466 ctiam

120 1494 149 1549 iu
185 1493 261 1548 Urbe
298 1495 473 1564 experimur,
508 1495 575 1550 dum
609 1495 815 1552 bibliothecam
856 1500 947 1554 Casa-

121 1588 267 1639 uatensem
305 1582 481 1638 adeuntibus
522 1589 662 1652 patentem
705 1585 850 1655 exhibent,
894 1602 946 1657 pro

1000 437 1131 487 tanarum
1148 434 1291 504 episcopo,
1306 436 1409 491 seriem
1421 450 1616 492 successorum
1630 439 1786 511 ordientes,
1796 446 1824 496 et

1001 519 1183 588 singulorum
1204 523 1372 580 nominibus
1388 524 1549 596 insignitae:
1576 541 1638 595 quae
1661 527 1779 595 picturae
1792 530 1823 584 in

1002 609 1315 680 ingressucuemeterii3
1332 610 1490 682 perindeac
1503 612 1533 667 in
1544 612 1720 671 suburbanis
1730 616 1824 673 Romae

1000 703 1029 752 et
1043 700 1151 768 cryptis
1165 706 1251 768 atque
1263 700 1407 756 cubiculis
1421 707 1588 771 martyrum,
1600 702 1669 758 olim
1680 702 1822 776 coloratas,

1001 788 1207 855 superinducto
1221 798 1282 857 ptest
1297 790 1409 860 aliquot
1419 790 1523 847 saecula
1540 791 1633 862 primo
1645 805 1678 848 ac
1698 793 1823 850 secundo

1000 875 1089 930 calcis
1112 878 1318 947 integumento,
1338 879 1500 948 conspicuae
1519 885 1588 935 sunt
1603 879 1653 936 ubi
1668 878 1826 953 fragmenta

1002 967 1171 1034 posterioris
1192 968 1381 1036 integumenti
1401 968 1581 1024 exciderunt.
1608 968 1739 1025 Orbiculi
1760 983 1825 1028 vero

1003 1054 1054 1109 has
1079 1055 1218 1126 imagines
1244 1057 1443 1125 episcoporum
1469 1057 1648 1114 includentes
1672 1059 1826 1115 imitantur

1002 1143 1123 1212 speeiem
1150 1143 1266 1198 illorum
1286 1144 1336 1214 qui
1351 1145 1453 1200 seriem
1470 1145 1637 1214 pontificum
1651 1147 1776 1203 retinent
1796 1147 1826 1205 in

1002 1230 1122 1287 basilica
1137 1232 1165 1286 S.
1182 1233 1262 1287 Pauli
1279 1233 1325 1287 via
1339 1231 1477 1301 Ostiensi,
1494 1239 1523 1288 et
1539 1234 1567 1288 in
1581 1234 1709 1303 zophoro
1721 1237 1827 1292 veteris

1002 1315 1122 1372 basilica
1157 1319 1299 1372 vaticanae
1332 1318 1557 1375 observabantur
1584 1326 1736 1391 antequam
1775 1322 1827 1378 di-

1003 1413 1135 1461 rueretur
1157 1405 1211 1461 sub
1232 1408 1320 1461 Paulo
1338 1409 1369 1474 V,
1384 1421 1506 1477 quorum
1533 1409 1558 1462 si
1574 1408 1702 1478 exempla
1724 1410 1824 1480 requi-

1002 1507 1049 1547 ras
1073 1494 1166 1548 Romae
1190 1494 1225 1549 ab
1250 1502 1348 1550 octavo
1376 1500 1404 1550 et
1434 1508 1510 1551 nono
1528 1495 1644 1567 saeculo,
1669 1497 1741 1552 satis
1768 1499 1825 1561 erit

1005 1581 1034 1636 in
1062 1580 1148 1636 titulo
1177 1583 1205 1635 S.
1242 1583 1380 1638 Praxedis
1408 1582 1557 1639 observare
1581 1585 1740 1641 oratorium
1768 1586 1828 1642 sive

121 1670 265 1727 constanti
295 1670 412 1742 ingenio
434 1685 520 1725 sicne
550 1671 632 1726 illius
660 1671 787 1743 familia,
812 1676 846 1729 ad
864 1689 946 1729 men·
962 1659 988 1718 Β
1003 1671 1140 1739 capellam
1167 1671 1193 1724 S.
1219 1672 1382 1731 Zenonisa
1406 1671 1436 1725 S.
1457 1671 1613 1726 Paschalil
1638 1672 1776 1729 similiter
1798 1674 1826 1728 in

122 1764 162 1814 tes
206 1758 359 1814 hominum
396 1758 499 1828 pietate
539 1773 571 1814 ac
609 1760 742 1816 doctrina
778 1764 946 1818 excolendas

122 1852 204 1903 nata.

155 1945 216 2000 xit.
243 1945 369 2001 Duorum
385 1944 527 2011 codicum,
551 1961 624 2016 quos
641 1947 806 2002 liolstenius
819 1949 893 2003 vidit
915 1962 948 2004 ac

121 2033 234 2090 ceteris
250 2032 392 2088 indicavit
407 2033 437 2087 in
454 2033 626 2089 bibliotheca
640 2035 803 2091 Florentino
816 2037 844 2091 S.
860 2037 947 2092 blanci

122 2129 259 2191 tanquam
284 2122 448 2190 praestantia
464 2123 609 2191 proximos
628 2125 841 2194 aFarnesiano,
859 2139 948 2180 unum

122 2211 198 2266 dixit
208 2211 586 2280 antiquioremetscriptum
599 2212 706 2268 litteris
715 2213 947 2284 longobardicis.

122 2299 215 2355 codex
243 2303 289 2353 est
315 2297 548 2354 membranaceus
573 2298 707 2355 informa
731 2307 835 2356 octavae
860 2302 950 2370 partis

123 2385 186 2443 lolii
205 2392 238 2442 ut
249 2392 360 2451 vocant,
375 2391 403 2440 et
413 2388 564 2442 vetustatis
579 2402 639 2443 sua
653 2389 822 2444 documenta
838 2389 951 2459 praefert

123 2474 950 2545 nonmodoinscripturatextusttbripontificalis‚vevum

122 2566 207 2620 etiam
221 2564 253 2618 in
267 2563 403 2633 catalogo
425 2565 624 2633 episcoporum
644 2567 836 2635 Neapolitanae
851 2568 952 2622 Eccle-

124 2654 183 2717 siae,
197 2653 251 2722 qui
268 2652 455 2722 praemittitur
468 2652 542 2707 l'itis
561 2654 726 2723 pontldcum
747 2655 948 2726 Romanorum,

123 2741 281 2809 etindicat,
294 2741 325 2794 ni
336 2739 429 2809 i'allor,
441 2741 476 2796 ad
487 2741 640 2797 Ecclesiam
648 2743 862 2812 Neapolitanam
875 2743 951 2799 hunc

125 2828 401 2898 librumaliquando
418 2830 600 2899 pertinuisse,
611 2836 663 2885 aut
673 2832 850 2901 descriptum
861 2831 952 2887 luisse

126 2918 248 2974 asimili
272 2918 380 2986 codice,
397 2918 447 2986 qui
463 2919 497 2973 ad
518 2919 643 2974 eamdem
665 2919 819 2976 Ecclesiam
838 2927 953 2989 specta-

128 3014 178 3062 tel.

1004 1756 1097 1812 tronto
1107 1763 1282 1820 exornatam,
1291 1764 1320 1812 et
1333 1758 1362 1813 in
1372 1758 1507 1829 hypogaeo
1519 1758 1672 1829 utriusque
1684 1759 1826 1816 diaconiae

1003 1845 1029 1898 S.
1045 1844 1140 1899 blavia
1162 1844 1191 1898 in
1208 1844 1253 1898 via
1269 1846 1345 1908 Lata,
1366 1845 1433 1899 ets.
1451 1845 1561 1901 Nicolai
1578 1845 1736 1901 incarcere
1755 1845 1829 1903 lul-

1005 1932 1081 1986 liano
1095 1931 1296 2000 prophetarum
1314 1932 1454 2002 imagines
1465 1931 1759 2002 orbiculisejusmodl
1775 1934 1827 1988 in-

1003 2019 1100 2075 clusas
1120 2026 1149 2074 et
1167 2019 1314 2075 coloribus
1331 2018 1503 2090 efformatas,
1526 2020 1637 2075 additis
1658 2020 1829 2076 nominibus

1004 2109 1195 2180 singulorum.
1222 2108 1356 2177 Reperies
1379 2109 1454 2178 apud
1472 2109 1621 2177 praesulem
1645 2107 1828 2178 ciampinum

1003 2204 1081 2254 tomo
1105 2199 1128 2252 lt
1150 2198 1280 2252 Ueterum
1295 2197 1546 2265 monimentorum,
1564 2196 1714 2267 plerasque
1731 2208 1767 2252 ex
1782 2195 1829 2251 his

1004 2286 1092 2340 aeneis
1102 2285 1211 2340 tabulis
1222 2286 1346 2352 incisas3
1358 2290 1388 2339 et
1399 2284 1474 2353 apud
1487 2285 1628 2350 eumdem,
1638 2290 1715 2339 tomo
1726 2286 1748 2340 l.
1765 2298 1827 2353 cap.

1004 2372 1049 2443 il,
1074 2375 1104 2428 in
1119 2373 1232 2428 musivo
1249 2373 1329 2428 tituli
1344 2373 1371 2427 S.
1396 2371 1508 2427 Sabinae
1521 2372 1574 2428 sub
1596 2372 1750 2429 Coelestino
1765 2374 1786 2434 l,
1802 2378 1830 2428 et

1006 2463 1036 2518 in
1046 2460 1338 2517 basilicaeLiberianae
1351 2474 1419 2516 arcu
1438 2458 1607 2530 triumphali
1618 2460 1766 2516 etmusivo
1776 2460 1830 2516 sub

1005 2553 1092 2608 Xisto
1116 2552 1161 2620 lll,
1188 2550 1298 2605 videbis
1323 2562 1429 2605 morem
1450 2550 1490 2604 ita
1512 2554 1654 2605 servatum
1680 2556 1782 2619 quarto
1802 2556 1831 2606 et

1007 2642 1109 2712 quinto
1133 2640 1237 2695 saeculo
1251 2653 1315 2694 aerae
1334 2638 1515 2693 Christiana.
1538 2639 1607 2693 Nam
1628 2638 1768 2709 imagines
1782 2638 1828 2695 SS.

1006 2727 1200 2797 apostolorum
1217 2713 1291 2782 Petri
1307 2731 1335 2780 et
1348 2724 1429 2780 Pauli
1446 2726 1475 2779 in
1492 2723 1634 2780 orbiculis
1650 2724 1791 2780 coloratas
1803 2730 1831 2781 et

1007 2815 1092 2871 altari
1107 2815 1258 2885 impositas
1272 2828 1321 2884 pro
1336 2814 1423 2869 veteri
1438 2812 1646 2869 consuetudine
1655 2812 1774 2869 exhibet
1783 2826 1832 2869 no·
1936 2836 1939 2841 ·

1007 2910 1098 2961 strum
1113 2906 1255 2958 musivum
1270 2902 1366 2972 quinti
1380 2902 1490 2971 saculi,
1505 2902 1535 2957 in
1545 2901 1666 2957 basilica
1680 2900 1831 2957 tiberiana

966 2977 991 3040 C
1006 3007 1023 3048 a
1037 2994 1122 3048 xisto
1136 2994 1171 3047 lli
1186 2997 1393 3047 constructum.
1407 2989 1498 3058 Quam
1513 2990 1751 3046 consuetudinem
1772 2991 1833 3047 iio-v

159 3107 234 3162 xm,
260 3106 516 3178 p0„00313103„s
540 3107 589 3163 ine
607 3107 859 3178 Neapolitanomm
871 3111 953 3164 ang,
1008 3096 1059 3137 mas
1074 3083 1177 3137 docent
1191 3082 1278 3137 etiam
1292 3081 1396 3137 saecula
1412 3080 1580 3180 superiora,
1597 3091 1662 3180 nam
1677 3079 1707 3134 in
1725 3079 1833 3180 ‘vitreis

117 3183 228 3250 ,mum
251 3192 362 3249 mse„
379 3194 535 3264 plfflmum
552 3196 586 3250 ,d
607 3196 848 3252 mmmmm
872 3199 954 3252 chro-
1007 3171 1149 3227 orbiculis
1163 3176 1245 3226 atate
1258 3167 1833 3239 martyrumaurovnterrasdadelineatas

129 3284 274 3349 mmm,
296 3283 439 3336 historiam
464 3288 490 3337 α
504 3286 696 3353 antiquitatem
711 3287 806 3355 opens
829 3287 954 3342 Anam,
1008 3266 1106 3314 nostra
1121 3259 1282 3314 coemeteria
1297 3258 1463 3314 suburbana
1475 3271 1598 3327 persaepe
1606 3257 1730 3313 ollerunt
1738 3269 1833 3312 sacras

132 3370 212 3426 siani.
229 3370 361 3442 Singulis
373 3371 449 3426 enim
461 3372 604 3441 episcopis
616 3373 814 3442 Neapolitanis
826 3374 955 3446 assignat

134 3470 216 3515 annos
243 3459 437 3529 episcopatus,
471 3459 638 3531 plerumque
671 3462 757 3517 etiam
786 3476 895 3518 menses
922 3476 954 3518 ac

135 3545 189 3602 dies
203 3567 210 3601 ε
230 3552 293 3603 tum
305 3547 386 3603 addit
400 3549 515 3603 nomina
540 3549 708 3618 pontificum
724 3551 914 3606 Romanorum
928 3556 956 3605 et

136 3634 337 3704 imperatorum
348 3637 402 3706 qui
415 3650 464 3705 per
472 3637 584 3691 eosdem
597 3651 688 3694 annos
701 3638 836 3693 vixerunt
846 3657 854 3703 ς
865 3652 956 3708 eoque

138 3725 245 3780 nomine
261 3725 400 3779 contestis
408 3729 451 3779 est
463 3725 655 3797 chronologia
670 3726 823 3795 portaticis
836 3726 955 3795 plurimi

138 3808 292 3881 iaciendas,
302 3813 458 3881 praesertim
469 3826 534 3867 cum
544 3813 738 3869 adnotaverim
750 3814 779 3869 in
790 3813 955 3884 praelatione

139 3902 237 3968 prioris
260 3901 330 3956 tomi
349 3902 436 3970 hujus
450 3902 588 3957 editionis
604 3917 721 3959 numero
733 3901 778 3970 26,
791 3903 819 3958 in
836 3903 956 3958 ecclesia

139 3989 238 4045 Nolana
258 3991 379 4060 ejusque
394 3990 590 4045 vetustissima
612 3991 732 4046 basilica
747 3999 774 4046 et
795 3992 957 4047 caemeterio

139 4076 159 4130 S.
174 4078 280 4133 Felicis
300 4078 329 4132 in
340 4078 436 4132 Pincis
450 4079 539 4149 dicto,
555 4078 710 4148 plurimum
721 4086 857 4135 exornata
871 4080 958 4135 musi·

139 4165 174 4219 vis
194 4165 332 4236 operibus
345 4179 377 4221 ac
389 4165 520 4222 versibus
533 4181 550 4224 a
565 4168 593 4222 B.
612 4167 742 4236 Paulino,
758 4167 851 4223 adhuc
869 4182 958 4237 supe-

1011 3348 1150 3418 imagines
1158 3345 1516 3402 cumnominibusChristi
1526 3345 1769 3413 Dominiejusque
1779 3343 1835 3397 vir·

1010 3437 1088 3508 ginis
1116 3434 1226 3502 matris,
1243 3434 1450 3504 apostolorum,
1476 3439 1632 3501 martyrum
1649 3429 1834 3500 aliorumque

1010 3531 1185 3594 sanctorum,
1207 3535 1278 3593 quas
1298 3521 1458 3590 hringhins
1476 3520 1505 3575 in
1527 3520 1615 3575 Roma
1633 3517 1833 3585 subterranea,

1010 3614 1158 3671 Fabrettus
1168 3615 1197 3667 in
1212 3617 1287 3667 tomo
1298 3608 1533 3676 inscriptionum,
1544 3612 1573 3663 et
1584 3607 1714 3664 omnium
1724 3605 1835 3677 elegan-

1010 3703 1122 3758 tissime
1138 3698 1297 3755 illustravit
1308 3696 1461 3765 Philippus
1482 3695 1631 3751 Bonarroti
1643 3693 1835 3750 senatorFlo-

1011 3790 1152 3856 rentinus,
1171 3787 1200 3842 in
1215 3786 1313 3841 studio
1333 3784 1382 3839 liei
1398 3784 1577 3854 antiquariae
1592 3794 1715 3853 persaepe
1727 3781 1835 3838 emeri-

1010 3873 1286 3946 tusOlympiadibus
1302 3873 1488 3928 nomendare.
1505 3871 1667 3926 Novissime
1678 3869 1764 3924 etiam
1776 3883 1835 3938 per

1012 3965 1132 4021 strinxit
1143 3965 1214 4017 hanc
1224 3974 1333 4017 sacram
1346 3966 1447 4015 metam
1462 3959 1614 4029 piissimus
1623 3962 1777 4027 martyrum
1789 3970 1837 4013 cu·

1012 4059 1081 4120 stas,
1098 4051 1193 4109 cultor
1215 4058 1243 4106 et
1265 4050 1427 4105 illustrator
1446 4048 1482 4102 ht.
1508 4046 1652 4101 antonius
1679 4045 1836 4101 canonicus

1013 4142 1169 4203 boldettus,
1183 4138 1234 4194 lib.
1253 4153 1273 4209 t,
1288 4152 1348 4208 cap.
1365 4134 1408 4193 39.
1422 4135 1661 4192 Observationum
1680 4134 1715 4190 ad
1731 4145 1838 4190 ooeme-

142 4265 209 4309 resse
224 4259 267 4309 tot
280 4259 406 4309 vetustas
426 4255 640 4325 inscriptiones,
660 4262 730 4324 quot
743 4255 849 4311 ibidem
858 4255 956 4324 retuli,
1013 4231 1096 4298 ‘elias
1108 4228 1283 4300 quibustnm
1293 4228 1418 4284 R0m³¹¹²
1431 4229 1491 4280 1¹¹¹ss
1502 4220 1837 4295 ¹0ssss⁹dlssit³¹1¹⁰¹¹leh

142 4343 318 4413 consignatas
337 4342 503 4397 nominibus
519 4343 685 4411 pontillcum
704 4344 887 4410 Nolanorum,
906 4356 957 4399 eo·
972 4318 999 4379 D
1014 4323 1193 4375 mmmm·

143 4444 255 4501 rumque
269 4430 354 4485 annis
365 4432 557 4502 episcopatus,
573 4446 688 4488 necnon
703 4432 882 4502 consulibus,
897 4433 960 4502 nui·

144 4516 960 4591 bnsdepouebantur.viciniautriusqueecclesia,Neapo-

145 4604 231 4663 litanae
257 4621 290 4662 ac
312 4608 437 4677 Nolana,
458 4616 486 4664 et
496 4609 657 4665 caemeteria
679 4610 814 4664 hamanis
837 4609 958 4670 similia,

146 4710 200 4765 puae
222 4697 340 4766 Neapoli
366 4698 595 4766 conspiciuntur,
616 4705 645 4753 et
667 4697 815 4752 abundant
838 4699 960 4753 vetustis

146 4783 380 4855 inscriptionibus
406 4787 541 4856 genuinis
562 4784 644 4857 (mihi
667 4785 803 4857 spectatis
823 4785 961 4842 beneflcio

146 4872 361 4929 eminentissimi
383 4875 542 4930 cardinalis
564 4875 709 4931 Canteloni
734 4879 794 4928 tum
813 4874 962 4944 archiepi-

146 4962 227 5031 scopi,
243 4976 326 5034 aeque
339 4964 533 5019 sanctissimis
548 4964 676 5020 moribus
689 4978 721 5018 ac
735 4977 815 5019 sacra
830 4964 961 5018 doctrina

147 5048 274 5119 illustris,
291 5052 453 5122 vigilantia,
468 5054 639 5120 constantia,
657 5053 808 5122 prudentia
826 5053 961 5122 omnique

147 5140 274 5205 pastoraii
299 5141 408 5195 virtute
432 5142 575 5196 memoriae
608 5147 719 5196 aeternae
752 5141 959 5213 commendati),

146 5225 347 5294 demonstrant,
370 5229 491 5296 epochas
515 5228 596 5284 illius
620 5229 773 5297 provinciae
798 5227 961 5284 antistitum

147 5310 231 5368 inisse
247 5329 303 5370 vion
322 5315 418 5371 minus
431 5316 587 5387 diligenter
604 5316 710 5371 litteris
726 5315 882 5374 mandatas.
896 5317 963 5386 Eius

148 5401 184 5455 rei
213 5403 415 5459 documentum
436 5405 515 5461 aliud
543 5410 673 5474 superest
695 5405 723 5459 in
744 5405 905 5460 eoemeterio
928 5406 959 5459 S.

148 5489 291 5557 Gaudiosi,
313 5490 353 5546 uti
368 5493 525 5548 cardinalis
538 5493 964 5573 doctissimusdemonstrabat3

148 5579 195 5636 ubi
207 5581 466 5652 supersuuiadhuc
485 5583 688 5639 vetustissimae
701 5582 878 5638 orbiculares
890 5583 966 5642 ima-

1048 4435 1120 4490 le.
1132 4433 1284 4504 catalogus
1299 4431 1390 4503 igitur
1402 4429 1451 4486 ille
1462 4428 1615 4499 praesulum
1626 4427 1761 4484 Ecclesia
1770 4427 1838 4485 Nea·

1014 4524 1158 4594 politanae,
1176 4534 1299 4591 (puerum
1317 4519 1456 4590 imagines
1470 4531 1504 4573 ac
1516 4517 1606 4573 series
1620 4516 1708 4572 veteri
1720 4529 1755 4571 ex
1765 4530 1839 4572 con-

1015 4612 1167 4666 suetudine
1177 4608 1319 4665 orbiculis
1332 4606 1543 4662 commendatas
1557 4605 1587 4660 in
1603 4604 1695 4660 sacris
1709 4609 1839 4661 coemeto·

1016 4699 1070 4754 riis
1084 4696 1296 4767 spectabantur,
1307 4695 1444 4751 iucodice
1453 4692 1604 4749 vetustiori
1615 4705 1650 4747 ex
1662 4689 1839 4747 Florentinis

1016 4787 1126 4857 integer
1139 4784 1302 4852 exhibetur,
1320 4789 1455 4852 tantoque
1471 4781 1500 4836 in
1515 4780 1607 4850 pretio
1623 4778 1770 4834 habendus
1784 4781 1837 4845 est,

1016 4881 1048 4930 ut
1062 4876 1205 4944 integrum
1220 4873 1288 4927 dare
1304 4871 1495 4926 necessarium
1512 4869 1624 4924 ducam.
1643 4864 1746 4935 Operis
1759 4862 1838 4918 enim
1902 4871 1906 4881 ·

1015 4959 1197 5018 anastasiani
1210 4950 1762 5025 testisomninoaequalisaetateaccedit3
1772 4963 1838 5007 cum

1016 5051 1129 5106 desinat
1141 5048 1170 5101 in
1179 5045 1396 5116 quadragesimo
1407 5043 1529 5112 septimo
1537 5039 1835 5111 episcopostephano:

1017 5138 1065 5194 cui
1080 5136 1266 5207 premittitur
1277 5131 1515 5203 quadragesimus
1525 5127 1841 5198 sextusinterNeapoli·

1019 5241 1071 5283 nos
1080 5226 1226 5281 antistites
1236 5221 1421 5290 Athanasius,
1435 5220 1486 5275 hac
1494 5219 1601 5289 epocha
1609 5223 1737 5275 ornatus.
1750 5216 1840 5270 Atha-

1018 5306 1841 5383 mosiusepiscapussettitanaosxxxvttfflens.v1,dies11.Hio

1019 5407 1084 5472 fecit
1099 5403 1212 5458 basilica
1226 5404 1314 5456 sancti
1328 5402 1432 5456 decliva-ni
1443 5401 1573 5468 martyris
1594 5397 1662 5465 soris
1685 5393 1755 5446 Urbe
1773 5395 1838 5448 situ.

1019 5496 1083 5548 Fuit
1095 5492 1258 5563 temporibus
1274 5493 1384 5546 Joonnt'.
1402 5492 1516 5547 Marini.
1540 5485 1671 5541 Adriani.
1691 5481 1834 5552 Stephani.

1021 5584 1141 5638 Formosi
1153 5597 1244 5652 pupae,
1255 5586 1280 5636 et
1293 5583 1401 5643 Basilii,
1421 5578 1552 5638 etheaei,
1567 5577 1592 5628 et
1606 5571 1762 5629 discendat
1779 5570 1839 5639 ejus
