3892 6136
435 230 596 288 HISTORIA
618 234 662 287 DE
684 234 769 288 vitis
788 232 872 289 ROM.
895 235 993 291 runt.
1009 265 1045 274 —
1064 238 1090 292 S.
1112 240 1249 296 tJLETUS.

1626 248 1695 312 4666

101 371 179 414 annu
201 357 309 414 Christi
330 356 375 423 ts.
400 361 574 431 Vespasiano
597 376 625 416 vi
646 369 673 419 et
699 364 762 419 Tito
786 363 854 422 irA
868 364 1017 433 descriptos
1032 367 1061 417 iii
1078 366 1237 421 bibliotheca
1250 371 1390 437 publicari
1396 374 1526 439 jussisse.
1555 378 1693 439 Perversae

88 429 812 503 .ibus,templumPacisdedicatumiuisseplurimu

87 500 200 556 uturum
213 509 352 571 apparatu
366 521 372 555 :
388 518 445 572 quo
473 511 599 574 tempore
625 504 746 560 affirmat
759 507 813 561 Bc-

89 584 115 625 m
134 585 199 626 cum
209 572 334 643 Agrippa
349 575 463 629 Romam
494 577 649 641 ingressam
662 595 670 641 ς
682 583 741 633 tum
757 577 813 632 ad-

92 642 193 698 Eodem
204 644 451 712 temporemulesti
462 646 811 716 quidamsopnisiieclam

88 716 365 784 iemingressisunt,
391 717 557 786 exquibus
582 719 720 788 Diogenes
747 732 811 775 cum

88 796 112 839 m
128 785 271 842 theatrum
294 788 428 851 venisset,
446 786 580 844 refertum
597 802 695 860 magna
717 790 814 845 homi·

88 853 269 925 iultitudine,
282 872 315 913 ac
329 859 465 927 pupulum
479 867 607 914 uexasset
630 861 730 916 multis
740 874 812 916 uon-

93 928 127 991 is‚
147 928 408 999 virgiscaesusest.
435 931 500 985 Post
526 931 602 985 hunc
628 933 698 986 Erae
723 933 809 997 venit,

88 999 220 1054 tusnitril
245 1000 302 1054 sibi
329 1002 635 1070 graviusercnturum,
664 1002 813 1058 mulioen·

88 1069 810 1142 iitinsolentiusatqueimpudentius.Quamobrem

88 1147 113 1197 ιι
127 1138 327 1197 detruncatum
352 1148 405 1197 est.
422 1162 434 1192 i
458 1146 511 1198 Dio
535 1143 681 1213 xiphilini
697 1158 731 1200 ex
745 1159 812 1200 ver-

88 1211 231 1283 iylburgii
244 1213 302 1267 haec
319 1223 430 1282 peracta
456 1223 583 1269 recenset
608 1218 636 1269 in
656 1217 809 1271 consulatu

88 1284 154 1339 iiani
171 1297 197 1338 vi
211 1285 309 1339 et'siti
325 1300 361 1353 iv,
378 1299 435 1355 quo
463 1286 576 1341 scilicet
599 1287 808 1342 dedicationem

100 1356 182 1411 Pacis
196 1361 256 1410 tum
277 1357 384 1410 nummi
407 1363 466 1411 tum
481 1356 591 1425 lapides
612 1358 810 1414 demonstrant

88 1426 168 1482 aristi
192 1427 322 1497 vulgaris
336 1440 411 1482 anuo
425 1424 470 1482 ti.
485 1430 523 1483 Ue
533 1429 676 1484 Clemente
687 1428 810 1485 affirmat

88 1498 264 1554 'untiiicalisi
283 1500 333 1550 llic
357 1499 422 1552 deiru
440 1502 538 1552 multos
562 1501 644 1553 libros
672 1502 727 1554 ectu
745 1502 809 1570 fidei

88 1584 148 1624 uuae
163 1570 465 1636 relipi‘out'suscribercl,
495 1574 627 1638 martyrio
651 1579 807 1626 coronatur.

90 1654 173 1711 ymus
189 1641 217 1695 in
233 1640 361 1711 catalogo
375 1641 547 1710 scriptorum
570 1647 677 1709 narrat,
700 1657 716 1698 a
747 1644 810 1713 ple·

869 434 965 504 itaque
985 438 1245 505 interpretationes.
1258 443 1476 500 acdetorsiones
1487 447 1607 517 legitimi
1624 468 1692 508 sen-

867 520 918 586 sus
935 508 1136 576 prophetarum
1155 510 1375 577 percrebuerunt
1389 515 1418 568 in
1430 515 1502 571 Urbe
1515 518 1569 574 sub
1585 522 1693 593 Vespa·

869 589 959 642 siano.
980 586 1035 633 tam
1052 579 1081 633 in
1097 592 1155 642 ure,
1179 587 1207 634 et
1233 581 1319 638 libris
1347 585 1510 641 ludaeorum
1537 602 1692 662 eorumque

869 648 1048 728 sacerdotum
1065 650 1161 719 qualis
1174 660 1232 706 era¹
1246 653 1399 722 losephus,
1411 670 1496 726 quam
1509 658 1691 719 ethnicorum

871 731 900 771 in
912 720 1104 788 sermonibus,
1116 729 1144 775 et
1153 725 1379 791 commentariis,
1391 727 1434 782 uti
1449 734 1689 802 supersuntapud

867 790 1006 856 Tacitum,
1021 798 1050 846 et
1063 791 1232 847 Suetonium
1249 794 1332 850 itlius
1342 799 1437 852 aetatis
1451 808 1593 868 auctores,
1607 802 1696 859 haere·

867 861 956 941 ticum
972 861 1073 932 dogma
1085 862 1309 920 llerodianurum
1325 877 1508 937 recoquamus
1520 872 1549 926 in
1558 881 1691 929 assenta-

868 937 973 986 tionem
990 932 1166 1001 vespasiani,
1193 938 1307 992 utscite
1334 937 1466 994 observat
1491 942 1633 1000 Bacurius
1659 945 1689 999 in

867 1007 1006 1080 apparatu
1021 1005 1055 1058 ad
1069 1001 1193 1060 Annales
1207 1019 1285 1061 num.
1300 1006 1358 1064 bet
1374 1007 1416 1064 l5.
1431 1010 1482 1065 llis
1494 1019 1569 1068 certe
1597 1015 1690 1071 liaere-

866 1072 960 1138 sibus,
977 1086 1010 1129 au
1026 1077 1167 1142 perversis
1184 1077 1471 1146 interpretationibus
1484 1081 1687 1152 Vespasianum

868 1144 954 1212 impie
969 1145 1193 1201 obtendentibus
1204 1162 1254 1216 pru
1268 1150 1383 1205 Christo
1395 1153 1515 1208 Uuminu
1527 1169 1582 1210 non
1592 1156 1687 1211 desti·

866 1221 934 1293 terit
944 1215 1073 1271 Clemens
1088 1229 1247 1288 occurrere,
1261 1221 1576 1280 demoiistransludaeis
1601 1234 1688 1298 atque

864 1286 1039 1346 Gentilibus.
1060 1301 1092 1342 ea
1121 1290 1286 1357 prophetica
1314 1293 1391 1348 dicta
1417 1295 1452 1349 ad
1477 1297 1685 1353 iesumrerum

864 1357 1012 1413 Christum
1027 1360 1153 1414 Domini.
1168 1361 1327 1431 Principem
1343 1365 1430 1432 pacis,
1442 1371 1470 1421 et
1482 1368 1580 1438 Regem
1593 1368 1686 1424 taturi

865 1429 971 1484 saeculi.
988 1442 1043 1486 nou
1059 1444 1123 1485 iero
1135 1432 1170 1487 ad
1185 1432 1342 1489 Romanum
1366 1435 1502 1491 Caesarem
1533 1439 1683 1505 pertinere.

864 1501 913 1554 Uis
928 1509 1163 1557 certeoccurrere
1179 1517 1234 1559 non
1247 1506 1539 1576 destiteritClemens,
1565 1510 1687 1566 demun-

863 1578 958 1626 strans
977 1572 1084 1626 lirdaeis
1110 1586 1190 1643 aeque
1219 1589 1251 1629 ac
1276 1576 1452 1646 Gentilibus,
1479 1580 1514 1635 ad
1539 1579 1684 1637 Christum

863 1642 1016 1696 Dominum
1029 1655 1061 1696 ea
1078 1644 1242 1712 prophetica
1253 1645 1331 1700 dicta
1342 1647 1450 1703 referri.
1482 1650 1510 1704 ld
1532 1651 1608 1706 enim
1624 1658 1686 1707 erat

110 1713 277 1767 Latinorum
304 1711 401 1766 baberi
425 1714 583 1767 secundum
607 1722 670 1782 post
694 1717 807 1770 Petrum
825 1711 987 1770 Bofficiuin
1004 1714 1123 1768 Romani
1140 1716 1279 1784 episcopi,
1291 1718 1447 1773 Ecclesiam
1460 1721 1623 1777 universam
1636 1722 1685 1778 du-

88 1783 146 1839 lum
161 1784 341 1847 Clementem,
359 1783 421 1838 solo
437 1784 627 1839 intercedente
647 1787 718 1842 Lino
732 1787 808 1841 inter

88 1868 139 1925 que
156 1855 365 1922 pontidcatum,
384 1860 411 1909 et
425 1855 581 1923 Epistulam
595 1857 628 1910 ad
640 1856 807 1912 Corinthius

91 1932 154 1981 οιιι
167 1926 301 1994 scriptam
317 1928 569 1995 recognoscitcum
594 1927 715 1983 lirisebio
745 1942 806 1996 per-

88 1997 197 2066 mstylo
218 2010 250 2050 ac
274 1996 409 2052 sensibus
435 1998 567 2065 epistotae
592 1998 671 2055 Pauli
699 1999 733 2053 ιιι
750 2001 808 2054 ιιι-

99 2067 237 2138 Stylusac
252 2081 354 2123 sensus
368 2068 532 2135 Clementis,
554 2082 672 2138 operum
687 2071 746 2138 jam
757 2071 808 2126 di-

88 2143 143 2194 tur.
152 2152 217 2193 cum
226 2140 305 2194 Pauli
315 2140 470 2204 Epistulam
479 2140 513 2194 ad
526 2140 655 2196 Hehrseus
665 2141 805 2196 imitetur.

96 2215 232 2265 aeternum
246 2211 354 2265 Christi
368 2211 572 2279 sacerdotium,
588 2226 621 2266 ac
637 2227 765 2281 regnum,
779 2218 808 2267 et

88 2281 644 2351 iatuspacisdebitislaudibuseilcrtur‚
662 2284 808 2339 Melchise-

88 2351 186 2422 egium
197 2353 392 2421 pontiticatum
403 2354 485 2423 lunge
502 2366 650 2422 superans,
663 2357 693 2409 iu
717 2355 808 2426 ligura

88 2423 392 2492 semissum.Quaenam
408 2424 572 2484 verodictu.
586 2440 725 2494 quosnam
747 2440 809 2481 sen·

88 2495 216 2549 oracula
229 2500 332 2551 nostrie
343 2494 493 2561 religionis
507 2496 654 2553 lubentius
666 2498 808 2553 inclama·

89 2578 168 2621 mens
185 2567 327 2621 itomanus
339 2566 466 2635 pontiiex
479 2564 606 2634 annoiii,
619 2571 687 2624 dum
700 2570 806 2638 vespa-

99 2637 255 2705 imperator
276 2639 355 2693 Pacis
370 2638 506 2707 tempium
528 2638 685 2705 dedicaret,
712 2648 807 2695 ntea-

88 2708 275 2778 tripturrirum
291 2709 418 2776 oracula,
434 2723 496 2779 qum
510 2709 545 2763 de
558 2711 667 2766 Christi
690 2712 806 2767 Domini

88 2792 119 2836 ac
137 2780 297 2836 sacerdotio
326 2779 440 2836 fuerant
463 2781 493 2835 in
514 2783 673 2851 scripturis
698 2783 809 2837 divinis

88 2864 110 2919 i,
126 2851 183 2907 sibi
211 2860 377 2923 arroganter
400 2852 522 2920 aptanda
542 2854 750 2923 praesumeret?
770 2855 808 2908 Eo

97 2922 221 2978 consiliu
251 2929 374 2978 testatur
408 2923 536 2990 Tacitae,
571 2931 599 2979 et
621 2938 655 2979 ex
690 2939 723 2980 eo
753 2926 809 2979 lta-

88 3008 92 3045 i
116 2993 150 3049 ad
175 3006 283 3048 annum
302 2990 348 3061 tt,
373 3007 452 3049 num.
478 2992 543 3049 {iet
563 2991 588 3059 i,
618 2997 810 3051 assentaturi-

864 1786 966 1852 centis,
980 1792 1012 1839 ut
1026 1793 1189 1840 occurreret
1217 1793 1310 1855 sectae,
1333 1796 1420 1858 atque
1436 1792 1527 1846 errori
1554 1792 1583 1846 in
1611 1792 1685 1848 Urbe

865 1856 992 1910 nascenti
1015 1856 1165 1911 occasione
1185 1857 1359 1928 ludaeorum,
1389 1867 1475 1931 atque
1501 1863 1683 1918 ethnicorum

864 1926 1036 1995 Vespasiano
1052 1930 1314 1996 assentantium,et
1336 1933 1501 2000 prophetica
1515 1935 1593 1988 dicta
1613 1947 1680 2004 per-

863 2002 1045 2065 vertenttum,
1059 1997 1094 2052 ad
1111 2000 1259 2054 haereticas
1281 2002 1432 2070 opiniones
1447 2004 1680 2069 consolidandas,

863 2068 890 2122 iil
909 2069 1179 2138 muneriseiigente
1192 2071 1273 2126 Petro
1298 2073 1327 2128 in
1351 2074 1486 2141 epistola.
1502 2075 1596 2144 Quare
1615 2084 1683 2131 tan-

862 2153 946 2208 quam
961 2140 1101 2209 sophista,
1118 2147 1169 2195 aut
1192 2141 1382 2212 philosophus
1402 2145 1571 2213 maledicus,
1584 2152 1613 2202 et
1627 2147 1683 2201 ub—

862 2216 999 2266 trectator
1014 2211 1166 2280 principis,
1194 2214 1242 2269 cui
1271 2216 1366 2269 caeteri
1388 2217 1620 2286 assentabantur,
1647 2216 1683 2272 ab

862 2281 935 2336 Urbe
951 2283 1091 2342 recodere.
1120 2297 1153 2338 ac
1177 2281 1310 2340 fortassis
1336 2287 1393 2356 jam
1420 2293 1480 2342 tum
1499 2288 1632 2343 exsulare
1654 2288 1683 2342 iu

863 2353 983 2408 Pontum
992 2354 1093 2423 iussus
1103 2351 1192 2409 tuerit
1216 2354 1281 2427 (nun
1298 2370 1381 2413 secus
1399 2371 1433 2414 ac
1456 2358 1604 2414 Helvidius
1619 2358 1684 2413 Pri-

863 2437 929 2478 scus
942 2424 1026 2480 Urbis
1040 2432 1215 2494 praetemunt
1231 2427 1382 2490 hostilius.
1400 2436 1428 2484 et
1457 2430 1619 2484 Demetrius
1630 2429 1682 2498 Cy·

864 2497 949 2551 nicus
966 2497 994 2550 in
1011 2497 1122 2551 insutas
1149 2495 1264 2553 inerant
1300 2500 1417 2571 relegati
1440 2497 1592 2570 ann073);
1618 2514 1682 2556 cum

863 2567 986 2622 ethnicae
1008 2567 1232 2636 superstitionis
1254 2573 1367 2638 patruni
1393 2571 1634 2639 criminarentur,
1655 2577 1684 2626 et

863 2636 1007 2693 deterrent
1019 2646 1153 2709 tanquam
1166 2639 1389 2696 obtrectationes
1408 2643 1437 2697 in
1453 2643 1622 2712 principem,
1640 2655 1683 2710 ea,

864 2722 926 2779 quse
943 2723 993 2779 pru
1007 2717 1109 2765 nostrie
1120 2710 1270 2780 religionis
1280 2710 1373 2767 officio
1387 2714 1526 2768 adieram
1551 2714 1687 2782 scriptu-

864 2794 960 2836 rarum
985 2781 1279 2849 interpretationema
1305 2782 1413 2839 Christi
1441 2784 1550 2840 vicario
1576 2799 1643 2840 voce
1659 2793 1688 2840 et

864 2853 974 2921 scripto
989 2850 1216 2919 proterebantur.
1230 2853 1267 2908 Ue
1282 2853 1369 2922 hujus
1397 2855 1482 2910 etiam
1498 2855 1686 2911 munerisdi-

865 2924 984 2993 gnitate,
997 2937 1060 2992 quae
1076 2925 1181 2993 regalis
1198 2924 1306 2978 Christi
1333 2926 1487 2980 sacerdotii
1516 2927 1685 2996 participem

866 2993 1002 3048 reddebat
1012 2994 1193 3058 Clementem,
1205 2994 1230 3048 si
1245 2994 1317 3049 torte
1339 2996 1488 3065 quidpiam
1500 2997 1632 3053 suboluit
1643 3010 1688 3052 ac·

98 3065 201 3124 iudaea.
216 3066 244 3119 in
259 3065 451 3136 AEgyptuetin
463 3065 628 3121 Urbeaures
641 3067 807 3136 praebuisse.
824 3076 847 3135 c
865 3063 1051 3119 cusatoribus
1065 3065 1297 3119 Christianorum
1328 3079 1430 3121 norum
1456 3067 1612 3123 discrimen
1625 3072 1685 3123 tum

88 3134 287 3204 tiniosepho.
304 3138 339 3192 ad
361 3138 490 3192 cumdem
510 3139 646 3193 Caesarem
675 3137 808 3193 referenti

88 3220 94 3261 i
108 3207 252 3277 prophetae
265 3208 301 3263 de
312 3209 428 3263 Christo
448 3209 569 3264 Domino
581 3211 658 3277 poris
679 3211 807 3278 Principe

88 3288 129 3333 tus
142 3279 346 3347 predixerant:
375 3280 414 3334 ita
430 3286 462 3333 ut
473 3281 553 3335 Pacis
564 3280 661 3348 templi
678 3280 807 3335 omnium

88 3350 158 3404 simi
174 3351 204 3404 in
220 3349 293 3406 Urbe
305 3351 462 3416 excitandi,
476 3363 510 3405 ac
535 3350 688 3406 dedicandi
704 3364 736 3406 ea
753 3364 808 3420 po-

88 3434 134 3476 am
145 3433 230 3478 causa
245 3421 369 3482 tuerit«
396 3423 471 3491 quod
496 3423 626 3478 audisset
648 3424 691 3493 (ut
712 3422 808 3478 verbis

92 3491 100 3547 i
115 3489 189 3575 utar)
203 3493 232 3547 in
248 3494 375 3549 oraculis
389 3507 451 3548 esse
482 3493 566 3548 iilum
593 3495 687 3563 ipsum
714 3507 806 3565 regem

92 3562 253 3633 Principem
268 3566 484 3625 nominandum,
500 3572 528 3619 et
544 3565 573 3618 in
591 3567 760 3619 immensum
771 3564 807 3618 ali

88 3654 91 3683 i
115 3635 328 3706 propagandum
342 3636 506 3703 imperium,
519 3636 653 3706 pacisque
667 3636 734 3691 tnde
745 3634 808 3690 nul-

91 3710 188 3762 turum
202 3719 264 3761 esse
275 3708 368 3775 tinem,
384 3708 427 3762 siu
444 3708 558 3762 dicente
576 3710 662 3762 isaia:
696 3707 807 3762 Voroci-

88 3777 208 3845 nunejus
237 3781 362 3849 i'iiiiceps
381 3781 476 3848 priuis:
503 3778 734 3847 multiplicabitur
748 3778 807 3844 ejus

88 3862 140 3916 urii,
165 3855 191 3902 et
206 3851 283 3918 pacis
306 3866 361 3903 riori
383 3853 434 3904 crit
455 3852 528 3919 pluis.
556 3851 667 3918 Eandem,
691 3849 809 3919 perinde

88 3919 198 3975 edicta
212 3926 316 3985 essent,
331 3936 347 3977 a
362 3922 482 3990 tosepbo
495 3921 590 3977 oblata
604 3920 660 3975 sibi
692 3933 808 3975 sumens

88 3990 199 4061 stantis)
211 3991 427 4048 celeberrimum
439 3993 568 4048 omnium
586 3992 724 4061 templum
746 3992 808 4047 eri-

88 4061 144 4115 Puci'
161 4064 409 4120 etmuaedicarit:
434 4078 466 4119 eo
492 4065 568 4119 enim
598 4063 684 4119 tituto
708 4060 806 4130 templi

88 4144 117 4187 us
129 4129 230 4188 taciem
243 4133 335 4191 fuisse
349 4140 474 4190 ιοιιιιιι
491 4136 665 4190 numismata
687 4133 808 4203 antiqua

88 4204 207 4269 tnt,sed
225 4213 253 4261 et
279 4213 359 4262 vetus
387 4207 540 4275 inscriptio
590 4220 632 4261 ιιι
661 4205 755 4262 Romae
778 4204 807 4257 in

88 4287 100 4329 s
117 4274 299 4332 Parnasianis
320 4277 408 4345 lapidi
426 4221 696 4347 inseuipiaieguur,
708 4277 738 4330 tn
752 4287 807 4345 qna

88 4344 185 4415 crtptae
198 4354 268 4402 sunt
279 4348 375 4402 trihus
387 4363 450 4418 quae
460 4349 495 4404 ad
508 4348 607 4417 templi
632 4353 807 4402 structuram

88 4416 140 4471 iam
155 4419 349 4477 coutulerunt.
367 4418 424 4475 hacc
440 4419 523 4474 habet
534 4421 626 4488 primo
637 4418 700 4474 loco
712 4421 806 4471 notata

865 3134 1005 3204 pontiflci,
1018 3141 1077 3189 tum
1092 3138 1225 3190 universo
1241 3134 1370 3190 ddelium
1384 3137 1471 3192 cmtui
1488 3136 1610 3194 tortasse
1624 3139 1683 3192 im-

866 3204 1038 3272 minebat,si
1053 3205 1183 3260 Clemens
1202 3205 1317 3260 diutius
1343 3208 1372 3260 in
1401 3206 1473 3261 Urbe
1499 3209 1681 3276 persisteret:

863 3276 1065 3331 criniinaturis
1077 3276 1202 3330 ethnicis
1219 3276 1336 3344 perinde
1346 3277 1504 3344 acludsuis,
1518 3292 1573 3334 non
1589 3292 1683 3348 secus,
1777 3338 1784 3351 .

863 3359 896 3402 ac
911 3347 1118 3415 hierosolymis
1131 3347 1277 3402 Christum
1289 3347 1442 3403 Dominum
1468 3354 1683 3417 accusaverant,

862 3418 898 3473 de
912 3417 992 3487 regni
1007 3416 1186 3473 adfectatione
1203 3418 1278 3484 apud
1297 3417 1429 3474 Pilatum.
1456 3416 1559 3486 Quare.
1577 3427 1608 3476 ut
1618 3419 1685 3475 Cle-

863 3503 942 3543 mens
954 3489 1115 3544 ostenderet
1134 3488 1297 3543 evidentius
1319 3502 1349 3543 se
1363 3489 1438 3544 nihil
1453 3491 1571 3546 mortale
1595 3504 1686 3560 appe-

863 3569 931 3629 tere,
945 3565 996 3615 ιιι
1008 3560 1157 3629 quidpiam
1172 3566 1271 3614 contra
1286 3560 1438 3626 imperium
1455 3561 1552 3615 moliri
1561 3576 1625 3617 cum
1645 3575 1686 3616 re-

863 3633 940 3698 gium
953 3630 1062 3685 Christi
1073 3631 1265 3686 sacerdotium
1279 3632 1446 3697 predicaret
1465 3633 1585 3702 ejusque
1608 3632 1685 3688 vices

862 3703 987 3757 Ruinana
1013 3703 1042 3756 in
1071 3701 1194 3757 Ecclesia
1216 3708 1335 3772 gereret,
1375 3709 1509 3770 prestare
1531 3703 1626 3769 duxit,
1657 3708 1686 3758 et

863 3772 1137 3842 Christianieplebis
1159 3773 1342 3826 indemnitati
1371 3773 1490 3828 uberius
1518 3774 1683 3829 consultum

864 3845 901 3899 iri
920 3843 1052 3913 pervidit,
1067 3845 1093 3898 si
1112 3848 1191 3899 tantu
1215 3856 1331 3898 munere
1355 3856 1416 3899 sese
1439 3844 1596 3913 abdicaret,
1620 3846 1684 3901 etsi

862 3915 1028 3985 apostolice
1039 3916 1187 3984 potestatis
1199 3914 1349 3984 plenitudo
1361 3915 1389 3969 in
1400 3913 1524 3970 alterum
1536 3913 1683 3971 conterre-

863 3993 920 4048 tur,
934 3990 983 4056 qui
996 3987 1092 4042 minus
1103 3988 1223 4041 tortasse
1233 3991 1327 4047 notus,
1343 3992 1395 4039 aut
1405 3986 1554 4055 expositus
1566 3986 1683 4042 invidiae

863 4058 1055 4125 ethnicorum,
1072 4070 1220 4113 successor
1234 4056 1291 4111 sibi
1307 4056 1410 4112 acieru
1424 4057 1609 4128 deligeretur.
1623 4058 1685 4112 ilaec

863 4130 960 4184 omnia
984 4129 1180 4184 itacohaerere
1200 4126 1335 4182 ridentur
1356 4140 1421 4182 cum
1448 4127 1533 4183 rebus
1572 4128 1644 4183 estis
1668 4141 1685 4183 a

864 4200 1036 4269 Vespasiano
1046 4212 1080 4254 ex
1093 4195 1211 4254 annoid
1225 4199 1259 4253 ad
1270 4194 1315 4264 ib,
1325 4204 1353 4254 et
1374 4211 1440 4254 cum
1462 4143 1642 4263 consufibus,
1657 4205 1686 4255 et

863 4270 1165 4341 annispercatalugus
1191 4269 1343 4325 attributis
1363 4268 1512 4331 Clementi,
1544 4277 1571 4325 et
1593 4270 1683 4332 Cleto.

865 4355 972 4397 necnon
992 4355 1056 4399 cum
1067 4341 1157 4396 dictis
1171 4341 1243 4396 ass.
1272 4340 1404 4395 Patribus
1418 4340 1453 4396 de
1476 4341 1603 4410 ejusdem
1617 4340 1684 4396 Cle-

865 4413 968 4467 mentis
978 4412 1115 4482 operibus
1126 4412 1210 4482 stylo,
1227 4411 1361 4466 sensibus
1369 4417 1398 4466 et
1408 4411 1548 4477 historia3
1562 4416 1594 4466 ut
1605 4410 1683 4468 bisce

88 4488 274 4557 pacieteruae.
283 4491 388 4545 Caetera
399 4504 462 4560 quae
469 4497 632 4559 sequuntur
643 4488 809 4558 praetermit-
824 4491 851 4551 Ι)
864 4484 1040 4553 conjecturis
1052 4497 1167 4552 sperare
1183 4484 1290 4552 possim
1306 4480 1580 4537 commendationem
1597 4482 1681 4550 plane

88 4600 90 4617 .
106 4560 181 4640 quud
196 4562 235 4616 sit
248 4561 426 4617 aliaseadem
439 4559 710 4630 inscriptioanobis
725 4572 808 4627 supe-

88 4634 196 4685 ecitata.
212 4634 241 4688 in
258 4645 374 4687 nummo
401 4634 488 4687 etiam
513 4638 646 4701 argenteo
670 4632 699 4684 in
734 4629 810 4684 hunc

88 4710 123 4754 n:
135 4705 198 4769 poci·
211 4702 322 4758 edeest
336 4708 429 4766 irrue,
443 4710 522 4758 retu.
535 4703 649 4756 Nummi
659 4714 675 4756 a
686 4701 807 4755 Baronio

88 4770 810 4848 'stiPacistempiumaVespasianudicatumusten-

88 4849 239 4900 eiciantur
253 4845 380 4914 ejusdem
396 4853 476 4901 sexto
489 4844 653 4910 consulatu,
675 4842 809 4910 aliusque

93 4910 303 4971 Uediobarham
327 4925 480 4985 argenteus
508 4914 680 4971 inscribitur
700 4925 810 4967 consu-

90 4982 470 5058 rethacEpigrapbePhClS
485 4987 645 5042 EVUNTUU
664 4982 735 5039 COS.
753 4983 808 5064 PU.

95 5062 325 5120 contestessunt,
341 5071 389 5126 per
401 5061 585 5114 hosceannos
613 5070 675 5111 aerae
702 5055 810 5110 Christi

88 5121 121 5189 lc,
138 5129 248 5197 quibus
267 5129 459 5199 Vespasianus
475 5129 615 5200 processit
626 5127 725 5183 consul
742 5138 768 5179 vi
784 5131 812 5178 et

88 5199 244 5256 rcrebuisse
266 5202 295 5256 in
331 5203 403 5258 urbe
430 5214 584 5268 sermones,
610 5201 812 5268 detorquentes

88 5268 127 5323 titt
144 5272 346 5341 prophetarum
355 5275 390 5329 de
403 5274 590 5342 Redemptum
603 5284 635 5325 ιι
646 5272 702 5325 Deo
714 5273 811 5323 nostro

88 5341 273 5405 ululandum
288 5343 399 5413 proiani
409 5343 561 5414 principis,
571 5350 812 5419 quorumsumma

88 5414 185 5482 rapud
198 5415 350 5483 iosephum
365 5416 492 5485 ejusdem
515 5413 640 5483 perversi
668 5413 811 5480 dogmatis

88 5487 177 5550 itrcm,
192 5491 220 5540 et
232 5493 398 5541 sectatorem
415 5489 443 5542 in
458 5485 513 5540 tine
527 5484 632 5554 capitis
647 5480 689 5543 ti.
707 5478 757 5560 lili.
772 5491 810 5533 rii

90 5553 118 5611 lo
133 5556 269 5612 ludaico:
285 5570 357 5626 quos
372 5557 462 5612 libros
490 5557 528 5610 ιιι
540 5571 555 5608 ι
584 5567 613 5608 se
640 5556 812 5631 perscriptus

87 5639 123 5696 ir,
148 5633 264 5697 atquea
292 5640 323 5683 se
350 5628 472 5683 traditos
502 5624 673 5694 Vespasiano
695 5635 730 5704 ac
747 5621 812 5675 'litu

88 5696 226 5765 rioribus,
244 5703 276 5753 ut
298 5699 384 5754 etiam
412 5701 611 5753 commemoret
626 5694 656 5748 in
682 5692 757 5747 libro
778 5692 813 5746 de

88 5781 132 5838 ua,
146 5770 238 5823 Titum
248 5771 439 5839 imperatorem
454 5767 559 5822 eusdem
570 5767 652 5820 libros
663 5780 714 5819 suo
730 5779 815 5818 mouu

137 5866 255 5922 Parnon.
272 5867 406 5923 cxxvii.

865 4552 988 4609 similem
1000 4553 1226 4615 accessuramei,
1244 4565 1329 4622 quam
1345 4552 1483 4606 Batonius
1502 4551 1586 4620 paulo
1614 4556 1680 4606 ante

864 4625 963 4680 allatis
976 4629 1176 4694 proventuram
1188 4620 1407 4687 nondiiiidebat,
1417 4633 1482 4675 cum
1497 4621 1679 4676 scriberetad

865 4695 948 4752 tinem
964 4692 1094 4751 auiiiii:
1111 4714 1124 4746 i
1143 4695 1204 4748 Ηιι
1228 4705 1304 4759 iero,
1334 4691 1401 4746 iicet
1420 4691 1479 4745 sint
1501 4692 1615 4746 anobis
1637 4690 1680 4763 (ut

864 4766 999 4835 superius
1010 4764 1192 4831 diximuslen
1205 4764 1368 4832 conjectura
1377 4762 1499 4816 deducta
1511 4779 1519 4831 ς
1533 4760 1681 4817 nihilomi-

865 4850 919 4891 nus
932 4835 1005 4890 haud
1020 4835 1104 4891 iacile
1115 4834 1151 4888 ab
1165 4834 1244 4897 aliis,
1256 4833 1353 4889 omnia
1370 4831 1456 4886 simul
1466 4838 1565 4887 enacte
1579 4833 1679 4887 consi-

863 4906 1043 4974 derantibus,
1058 4904 1263 4961 contemnenda
1279 4901 1339 4958 iure
1352 4910 1496 4970 putamus.
1514 4920 1527 4951 ι

899 4978 926 5032 8.
940 4976 1122 5046 Obiectaduu
1136 4975 1207 5030 mihi
1219 4973 1402 5029 dissolvenda
1430 4972 1551 5028 tortasse
1571 4986 1678 5043 propu-

865 5056 987 5104 uentur:
1005 5048 1080 5119 quud
1098 5060 1140 5102 me
1153 5046 1346 5115 inuenturum
1359 5042 1595 5100 hauddtfflcutter
1606 5057 1676 5099 cun·

866 5120 931 5175 fido.
950 5119 1076 5175 Primum
1089 5124 1142 5183 est,
1155 5129 1208 5171 cur
1221 5117 1251 5171 in
1271 5128 1379 5170 canone
1401 5116 1505 5183 missae,
1527 5121 1612 5170 tantae
1628 5129 1679 5170 ie-

867 5192 1025 5246 tustatlsat
1049 5188 1278 5245 deauctoritatis
1291 5185 1477 5256 autographo,
1495 5192 1678 5254 praeponatur

865 5261 1002 5317 Clementi
1017 5205 1123 5327 qutus,
1141 5273 1224 5331 quem
1240 5257 1386 5314 abdicanti
1408 5257 1506 5312 datum
1531 5270 1678 5338 successo-

867 5346 925 5388 rem
940 5330 1051 5389 asserui
1063 5332 1076 5385 ‘l
1088 5332 1187 5398 Velim,
1202 5329 1411 5399 etquicunque
1422 5326 1474 5382 hoc
1495 5326 1616 5383 dubium
1629 5341 1683 5383 ex-

866 5407 968 5470 citant,
985 5403 1121 5459 memoria
1135 5405 1273 5471 repetant,
1287 5398 1398 5453 Cletum
1412 5411 1448 5453 ιι
1457 5404 1555 5453 nostra
1565 5405 1683 5454 senten-

866 5477 919 5536 tia,
944 5481 972 5531 et
992 5488 1027 5531 ex
1052 5472 1246 5543 catalogorum
1271 5469 1457 5540 chronologia
1473 5468 1632 5532 consulari,
1656 5476 1685 5525 et

866 5548 1004 5615 Caesarea,
1021 5545 1116 5601 serius
1124 5543 1239 5614 quidem
1250 5540 1451 5596 admissumad
1464 5539 1581 5595 maximi
1595 5542 1686 5609 punii-

868 5619 932 5674 dcis
946 5630 1050 5672 munus
1062 5614 1216 5686 gerendum
1233 5612 1263 5667 in
1282 5612 1418 5679 Ecclesia,
1446 5623 1531 5680 quam
1551 5609 1685 5667 Clemen-

869 5696 937 5758 tem,
951 5687 1000 5744 sed
1016 5686 1050 5742 ad
1065 5685 1195 5754 martyrii
1214 5683 1335 5756 gloriam
1351 5684 1379 5738 in
1404 5682 1486 5738 coelis
1503 5695 1687 5752 consequen-

870 5761 936 5817 dam
951 5758 1094 5816 maturius
1104 5757 1284 5829 pervenisse:
1300 5757 1484 5824 etprupterca
1495 5753 1525 5808 in
1535 5753 1688 5824 diptychas

1473 5848 1517 5907 hii
