3892 6136
114 257 151 320 87
516 257 564 315 Ab
581 255 800 315 tubsnbswlt
819 251 1079 312 Pnobuttoltltlla
1097 250 1187 308 null.
1204 246 1414 306 nobi-vante.
1783 248 1821 308 88

153 399 240 458 sm
250 384 411 454 murum
425 382 545 439 muium
558 398 650 438 rerum
664 383 810 439 traditione
826 381 909 437 uotu-
954 385 983 448 Α
999 377 1208 452 providentiam
1231 375 1314 432 illlus
1328 374 1422 432 aetatis
1441 373 1524 446 plane
1537 374 1712 448 singularem
1733 388 1750 432 a
1765 388 1825 448 qua

154 471 225 521 Μ,
252 460 284 511 ¹⁴²
311 455 360 510 ²²⁰⁰
389 458 556 527 ΡΐθθΰθΡῑῐΜι
585 456 617 509 ῖη
646 457 747 510 δί”ῑηῑθ
771 454 908 510 decussae
997 468 1168 527 Anastasius
1182 470 1211 524 et
1232 464 1407 524 Gnillelmus
1420 463 1647 536 bibliothecarii,
1661 470 1824 536 postrema-

155 528 370 599 ΜΝ
383 528 521 582 mmm·
536 526 607 582 Bene
617 526 693 582 Vale·
997 574 1061 617 rum
1075 559 1206 617 vitarum
1222 559 1363 625 auctores,
1389 567 1445 611 non
1459 554 1580 624 distant,
1596 555 1653 611 nisi
1667 569 1717 626 per
1731 569 1824 612 annos

153 656 218 712 Dut.
238 654 298 709 ut'ii.
314 653 378 709 Καὶ.
405 652 569 708 Februarius
585 652 655 722 lmp.
679 651 750 708 D.N.
770 652 805 708 Ν.
820 650 908 705 Pboou
997 663 1103 721 paucos
1116 666 1123 702 z
1138 647 1206 704 dum
1230 646 1270 702 ita
1290 643 1418 700 consulit
1431 643 1547 714 perenni
1569 645 1713 701 memoriae
1736 650 1824 717 atque

150 741 201 798 PF·
215 740 281 794 Μ»
296 739 368 779 me
382 723 510 788 ieiumi·
533 728 559 778 εἴ
571 722 735 779 Ciniulssmi
760 723 820 792 itui
834 736 907 777 ‘mm
998 736 1181 795 indemnitati
1208 733 1363 792 lundornm
1393 731 1536 803 Ecclesiae,
1553 736 1586 789 ut
1610 734 1678 788 liuto
1691 734 1825 790 neurius

153 798 243 869 lm
255 795 314 851 Μ·
332 797 457 867 “pm“
997 827 1180 901 regionarius
1195 828 1300 882 sanctae
1312 824 1445 881 Romane
1455 822 1589 879 Eccleslae
1601 836 1635 879 eu
1646 824 1825 881 authenticis

156 920 426 983 47.1taboalterum
440 934 566 978 marmor
583 920 748 993 antiquum,
768 919 945 993 subGrego-
998 917 1117 988 scriptis
1139 915 1287 970 rotumum
1310 913 1410 980 suisset
1433 913 1555 968 testetur
1580 911 1723 984 quidquid
1741 912 1771 968 in
1790 927 1824 970 eo

119 1015 166 1073 rio
184 1015 287 1086 quarto
304 1010 440 1081 incisum,
456 1010 534 1067 circa
554 1023 661 1067 annum
676 1008 739 1079 9t3,
755 1014 784 1066 et
799 1009 945 1081 pertinens
998 1006 1095 1078 lapide
1106 1003 1309 1076 iperscriptum
1334 1006 1387 1065 est,
1408 1006 1436 1056 et
1454 1016 1506 1071 pro
1527 1003 1634 1056 cautela
1656 1006 1681 1056 et
1694 1004 1825 1072 munitate

120 1104 155 1162 ad
168 1101 318 1161 basilicam
333 1098 512 1156 tiberianam
525 1099 552 1156 S.
569 1099 666 1156 itariae
675 1099 802 1170 blajoris,
817 1099 901 1168 cujus
915 1097 944 1153 in
999 1102 1148 1166 temporum
1161 1094 1320 1161 futurorum
1332 1091 1376 1145 luis
1393 1091 1574 1145 mamanibus
1589 1095 1743 1146 exoratum.
1761 1091 1826 1148 lni-

122 1192 235 1266 porticu
244 1188 360 1248 affixum
369 1192 523 1260 spectatur.
540 1191 581 1246 Eu
593 1189 646 1246 hoc
659 1190 736 1246 enim
750 1187 946 1260 intelligemus
1000 1186 1073 1242 tium
1093 1180 1262 1252 scriptionis
1276 1179 1465 1235 desideratur.

263 1349 358 1409 cloto
369 1348 601 1419 ROGATARIOQ.
618 1348 692 1405 MEO
706 1346 924 1405 scltlllENDbbl
938 1345 1075 1402 olciavi
1086 1343 1173 1413 cllo.
1186 1338 1368 1425 albidulis

265 1423 313 1480 NV
329 1421 446 1493 propria
457 1419 552 1478 literis
571 1421 665 1493 grecis
679 1421 851 1491 subscripsi,
872 1425 899 1476 et
915 1418 1011 1474 testib.
1025 1430 1042 1473 a
1055 1430 1098 1473 me
1113 1420 1221 1487 rogatus
1236 1425 1272 1483 op

266 1494 322 1552 tuli
343 1491 574 1550 svbseribendum
588 1493 730 1564 allegandi
741 1493 827 1548 etiam
842 1491 931 1563 gestis
950 1489 1030 1561 quib.
1046 1486 1197 1558 placuerit,
1211 1490 1239 1539 et

265 1571 392 1637 tempore
404 1577 462 1636 quo
472 1564 625 1622 volueritis
640 1564 702 1620 sine
715 1577 825 1621 cessum
843 1576 898 1619 nou
914 1566 1038 1632 spectata
1050 1559 1145 1615 denuo

265 1650 326 1693 mea
337 1633 513 1707 professione
525 1649 560 1692 ex
570 1649 648 1692 more
663 1635 786 1692 concedo
799 1633 944 1690 licentiam
954 1632 990 1688 de
1005 1643 1093 1703 quare
1112 1627 1220 1714 quibus

263 1707 296 1778 Q.
313 1704 421 1791 omnib.
433 1706 520 1763 SSFrs
533 1706 747 1792 stipulatione,
769 1711 797 1761 et
811 1706 994 1788 sponsionem
1011 1701 1180 1773 splemmter
1195 1701 1272 1755 mter

211 1852 244 1917 ›1‹
263 1775 947 1931 gfspughtaffithgcrpnplignpltamaffia&&3335ss
959 1775 1121 1927 sassaecretis
1134 1841 1204 1899 ltuic
1218 1840 1289 1898 char

265 1920 308 1977 tul
323 1917 540 1976 usufructuarie
553 1919 721 1977 donationis
735 1918 771 1975 de
781 1919 848 1974 SSta
859 1930 952 1974 massa
967 1930 1003 2001 qa
1016 1928 1118 1986 pagani

264 2004 348 2048 cense
359 1990 471 2062 integro
481 2004 546 2048 cum
562 1989 672 2061 lundis,
688 1989 894 2048 etcasrlbibus
904 1989 967 2046 suis
978 1986 1053 2045 idest
1067 1986 1096 2041 F.
1110 1983 1203 2041 arturi
1281 2053 1287 2066 ¹

265 2075 338 2119 anus
352 2061 383 2114 F.
399 2074 543 2143 garganus
564 2062 594 2117 F.
611 2063 769 2119 nattianus
780 2062 809 2117 F.
831 2061 937 2118 Viarus
949 2059 981 2115 F.
1000 2055 1210 2114 crisCiauusF.
1229 2060 1289 2110 turi

264 2141 294 2189 ta
305 2132 338 2186 F.
357 2130 525 2189 Soltnianus
547 2133 577 2189 F.
593 2133 663 2190 casa
678 2134 829 2205 porcinare
842 2132 872 2187 F.
883 2130 1066 2188 calvisianus
1079 2130 1108 2184 F.
1125 2126 1257 2183 liubianr

265 2203 296 2260 F.
309 2202 464 2273 Spiciamus
478 2202 512 2269 1².
527 2202 749 2274 bubiauusunc,
761 2218 810 2263 seu
826 2203 855 2258 F.
872 2202 979 2273 ucupia
994 2201 1023 2256 F.
1046 2198 1190 2256 Cassauiti
1201 2198 1230 2253 F.
1244 2201 1310 2254 erut

266 2275 365 2332 tiauus
378 2274 407 2329 F.
420 2271 574 2331 terratulas
588 2276 617 2331 F.
633 2276 760 2333 casulari
774 2276 803 2331 F.
818 2273 974 2356 Calgianus
992 2285 1058 2329 unc.
1076 2275 1146 2342 quat

265 2352 332 2403 tuor
342 2344 370 2398 F.
393 2344 500 2415 pistore
512 2346 541 2400 F.
557 2347 721 2416 petrociana
737 2347 766 2402 F.
782 2344 903 2402 casabuli
918 2344 947 2399 F.
961 2343 1131 2415 optavianus
1143 2341 1172 2396 F.
1188 2352 1221 2395 ar

265 2415 424 2473 busciauus
436 2415 468 2470 F.
506 2431 596 2489 urgus
610 2417 639 2472 F.
657 2430 722 2473 casa
744 2417 786 2472 ini
801 2414 831 2470 F.
848 2416 1006 2472 turanusF.
1026 2414 1168 2471 rubianus
1184 2410 1214 2466 F.
1236 2408 1282 2467 le-

265 2487 365 2545 lianus
375 2487 405 2542 F.
421 2431 560 2570 manilius
569 2488 599 2543 F.
616 2488 711 2567 oglata
724 2434 755 2544 ᾗ.
772 2486 919 2544 cottianus
934 2499 990 2543 unc
1008 2499 1058 2542 sex
1072 2485 1102 2568 F.
1116 2482 1221 2567 ‘lllipia

266 2573 322 2616 nus
336 2559 366 2614 F.
382 2570 518 2615 oretanus
533 2559 710 2629 Ftriscasas,
727 2563 755 2616 et
767 2565 833 2615 ortu
847 2557 961 2614 sinemo
977 2558 1053 2614 intro
1068 2562 1147 2613 civit.

265 2630 386 2703 Signina
402 2641 510 2686 necnon
535 2634 564 2687 et
587 2632 616 2686 F.
637 2631 826 2688 caudiGians.
845 2629 956 2701 integro
968 2633 996 2686 et
1011 2627 1146 2685 omnibus

265 2700 301 2759 ad
320 2701 363 2757 eis
376 2700 547 2772 generaliter
568 2702 780 2773 pertinentibus
792 2700 861 2757 lact.
881 2714 954 2756 aine
971 2701 1000 2756 in
1024 2711 1122 2754 omnes
1145 2711 1208 2754 man

266 2772 411 2830 stomarios
423 2772 596 2844 essentibus,
611 2778 640 2830 et
652 2773 868 2832 introeuntibus
887 2771 1050 2843 perenuiter
1064 2770 1099 2826 ba

266 2841 388 2902 silicas
401 2842 473 2899 scii
490 2844 526 2899 iil
538 2845 690 2916 genitricis
712 2845 820 2902 blaciae
833 2859 862 2915 q.
875 2857 911 2914 ap
935 2855 1069 2914 praesepe
1084 2853 1135 2912 pro
1149 2838 1350 2898 obLATiONb.

266 2915 380 2973 animae
394 2916 593 2971 nostraesieut
607 2916 741 2988 superius
755 2917 862 2988 legitur
876 2916 911 2971 ad
934 2915 1030 2972 omnia
1049 2913 1116 2969 SSta

268 2986 396 3057 relegens
407 2984 566 3057 consensi,
581 2992 610 3043 et
625 2988 804 3058 subscripsi,
820 2991 849 3043 et
863 2989 950 3043 testes
963 2987 1013 3058 qul
1025 2983 1142 3041 subscbi
1157 2983 1259 3040 Bercm

267 3056 364 3130 rogari
378 3054 398 3184 (g
411 3060 443 3124 ›1‹
455 3057 484 3113 F.
499 3059 663 3115 anastasius
677 3058 764 3116 tribb.
781 3059 826 3115 Sci
839 3058 924 3129 petri.
945 3057 965 3129 l)
983 3061 1015 3125 ›1‹
1031 3056 1097 3113 tbeo

267 3130 379 3186 datusa
401 3134 498 3185 orator
507 3130 621 3186 numeri
633 3130 809 3188 theodosiac.
825 3129 844 3202 0
858 3133 890 3197 »Β
906 3130 964 3201 Ego
985 3141 1052 3254 {eor

290 3201 337 3256 ius
347 3207 406 3270 opt
424 3213 502 3256 num.
518 3200 579 3256 mil.
595 3201 764 3258 Sermisiani
781 3203 803 3271 l)
819 3205 850 3268 ›1‹
862 3201 891 3256 F.
919 3200 985 3270 epip
997 3197 1168 3283 ‚aniusauri

269 3284 325 3426 m
338 3268 1136 3427 amentumutrumnleun

270 3425 462 3470 nuceusecum
484 3411 594 3486 lundis,
617 3420 646 3471 et
657 3415 803 3472 casalibus
815 3429 878 3471 suts
892 3427 921 3469 un
936 3416 1047 3485 integro
1063 3423 1171 3468 necnon

269 3487 298 3541 et
311 3482 394 3541 lund.
410 3496 445 3554 qa
459 3485 628 3542 candidiani
654 3487 685 3543 in
707 3487 819 3558 integro
833 3483 998 3556 omnibusq.
1014 3483 1049 3539 ad
1062 3483 1105 3538 eis
1118 3495 1207 3555 geue-

270 3553 372 3612 raliter
388 3554 520 3625 pertinen
534 3556 587 3612 Tib
601 3562 718 3629 excepto
730 3557 823 3614 manci
847 3557 896 3628 iis,
910 3561 939 3612 et
951 3553 1109 3611 mobilibus
1124 3553 1218 3610 rebus.

270 3639 373 3697 seseq,
390 3625 538 3682 molentib.
556 3625 630 3685 lacta
642 3630 723 3686 santi
747 3629 776 3700 pi
787 3572 843 3702 gli.¹
854 3629 885 3685 iu
900 3626 1156 3685 omnesmansiona

270 3698 330 3754 rios
343 3695 516 3780 esseutibus,
532 3705 560 3753 et
571 3645 787 3758 introeuntibus
801 3699 985 3771 pereunuiter
1004 3696 1128 3753 basibic
1143 3696 1165 3752 lt
1183 3695 1267 3754 SGAE

269 3768 488 3850 nugenetrurs
500 3781 536 3838 qa
550 3769 585 3824 ad
602 3783 755 3842 praesepem
770 3769 847 3828 sicut
859 3769 995 3841 superius
1008 3768 1114 3840 legitur
1129 3782 1160 3825 ro

272 3842 346 3910 gnus
357 3850 374 3893 a
386 3836 453 3893 ssu
467 3838 620 3895 Donatrlce
635 3854 692 3911 qnp
715 3842 888 3911 scripsimus
902 3841 911 3896 i
934 3853 966 3896 sa
979 3846 1117 3910 praesente
1129 3847 1156 3896 te

272 3914 315 3966 tes
334 3906 571 3992 subscripsimus,
590 3913 618 3965 et
634 3909 706 3967 banc
715 3912 882 3968 donationis
897 3856 932 3967 „K

274 3984 416 4051 praesenti
429 3978 563 4035 traditam
579 3979 718 4039 videmus.
731 3980 748 4054 0

220 4055 252 4119 ›1‹
276 4063 329 4124 ego
343 4049 500 4106 theodorus
514 4051 560 4106 llll
573 4051 670 4108 tabell.
684 4053 751 4109 vrb.
767 4053 838 4110 llorn
853 4052 983 4123 scriptor
996 4051 1085 4109 huius
1104 4050 1175 4110 ebar

274 4120 328 4180 tul.
344 4118 570 4179 usufructuariae
579 4122 746 4182 donationis
761 4130 825 4196 post
845 4124 962 4181 testium
977 4123 1031 4181 sub

274 4192 458 4263 scriptiones,
471 4196 501 4248 et
514 4193 670 4252 traditione
679 4195 751 4253 iacta
766 4210 828 4253 com
850 4196 905 4252 leri
916 4199 945 4252 et
957 4193 1066 4252 absolsi

221 4269 254 4334 ›1‹
273 4263 462 4334 Temporibus
470 4265 586 4321 Domini
602 4267 648 4322 uri
662 4212 849 4325 Sanctissle

276 4337 299 4393 ti
313 4347 401 4406 papae
412 4348 445 4391 ex
461 4344 562 4407 rogatu
574 4336 702 4395 badonis
712 4341 776 4396 Not.
792 4339 862 4411 lleg.
884 4339 952 4395 Scae
962 4339 1042 4396 Rom.
1059 4337 1129 4394 ecel.

932 3909 1056 3967 artulam
1072 3910 1101 3966 in

856 4267 981 4340 gregorii
997 4279 1069 4338 quar

276 4407 330 4463 hoc
343 4419 378 4462 ex
391 4405 570 4464 authenticis
585 4410 705 4481 scriptis
720 4411 876 4468 relevatum
907 4423 938 4466 ro
950 4415 1033 4467 caute

275 4477 314 4562 la,
330 4482 359 4534 et
373 4476 509 4534 tirmitate
522 4484 682 4552 temporum
704 4425 908 4541 ἰυιιποτιιηιέ
923 4493 1031 4538 marmo

276 4549 359 4607 rubus
370 4553 517 4606 exaratum
529 4556 573 4608 est

168 4636 215 4697 ts.
237 4637 267 4696 st
284 4637 351 4710 quis
373 4637 501 4695 conterat
523 4639 729 4712 inscriptiones
750 4643 795 4700 si.
823 4642 955 4715 Gregorii
969 4641 995 4703 B
1010 4639 1089 4715 (licet
1111 4656 1161 4714 pru
1184 4644 1325 4714 assumpti
1350 4643 1511 4715 argumenti
1542 4643 1617 4699 serie
1643 4643 1735 4699 videri
1767 4656 1837 4713 pos-

134 4727 229 4802 llagnl
245 4734 274 4786 ct
287 4727 420 4799 Gregorii
435 4728 515 4784 tertii
539 4743 627 4800 supra
645 4731 728 4789 datas
742 4732 871 4790 numeris
884 4728 958 4788 boet
1010 4732 1076 4790 sim.
1098 4733 1223 4790 monitor
1245 4745 1302 4789 non
1327 4731 1530 4805 importunus),
1552 4733 1578 4789 si
1601 4746 1767 4803 percensere
1785 4745 1838 4788 ve-

93 4824 96 4829 “
134 4816 179 4891 ib,
202 4823 230 4876 et
255 4817 328 4876 hanc
351 4821 521 4888 postremam
544 4819 599 4876 sub
633 4820 661 4876 S.
685 4821 823 4895 Gregorio
843 4826 956 4893 quarto,
1011 4822 1063 4879 lim
1088 4823 1185 4880 omnia
1207 4822 1291 4879 illius
1314 4822 1407 4878 aetatis
1442 4829 1635 4893 monumenta,
1666 4821 1838 4878 marmoreis

134 4906 336 4966 translatasln
364 4919 537 4965 marmoreas
560 4908 673 4967 tabulas
696 4924 731 4968 es
749 4910 958 4984 diplomatibus
1012 4911 1120 4970 tabulis
1143 4913 1323 4984 consignata,
1349 4925 1413 4982 quae
1439 4912 1569 4968 studium
1593 4911 1734 4982 juvabant
1765 4909 1838 4966 illo-

134 4997 280 5070 genuinis,
291 5003 321 5054 et
332 4997 496 5069 propositas
507 4998 800 5071 oculispraescntium
813 5014 846 5058 ac
859 5004 957 5072 poste-
1012 5015 1076 5058 rum
1110 5003 1294 5073 scriptorum,
1329 5014 1362 5057 ac
1396 5005 1526 5058 nostrum
1554 5006 1662 5057 acuunt
1691 5001 1721 5056 in
1753 5013 1838 5056 com-

135 5099 233 5143 rorum
256 5086 286 5143 lu
310 5088 470 5156 partetibus
493 5089 690 5162 ecclesiarum,
718 5087 803 5146 lacile
816 5090 958 5163 intelliget
1012 5091 1158 5162 probanda
1194 5091 1326 5162 historia,
1359 5091 1433 5163 stylo
1463 5094 1491 5147 et
1528 5091 1700 5147 auctoritate
1729 5090 1839 5160 buius-

136 5179 271 5249 quantam
292 5175 404 5245 copiam
419 5177 656 5236 documentorum
671 5192 687 5235 a
700 5183 779 5236 sexto
795 5179 900 5240 saeculo
921 5179 956 5237 ad
1012 5180 1089 5236 modi
1112 5180 1251 5237 vitarum.
1275 5181 1412 5253 legemus
1441 5179 1571 5236 numeris
1597 5177 1650 5237 523
1675 5184 1704 5235 et
1719 5175 1784 5249 bul,
1806 5179 1837 5234 in

135 5265 279 5323 decimum
292 5263 410 5321 archiva
424 5272 452 5321 et
467 5273 824 5338 marmorapraescrrarent
839 5270 959 5341 scripto·
1011 5270 1076 5326 Vita
1092 5268 1119 5325 S.
1147 5269 1250 5326 Leoms
1279 5270 1386 5341 quarti,
1414 5267 1554 5326 formulas
1574 5282 1688 5341 precum
1713 5267 1749 5325 ab
1774 5268 1838 5338 ipso

135 5353 219 5412 rlbus
232 5351 314 5410 Libri
329 5351 516 5426 Pontldcalis,
536 5355 694 5426 praesertim
712 5355 742 5412 in
754 5356 877 5415 decretis
892 5373 959 5429 pon·
1011 5363 1173 5431 conceptas,
1185 5364 1246 5415 tum
1258 5361 1294 5416 ad
1313 5358 1393 5416 Ostia
1405 5359 1540 5416 Tiberina
1557 5361 1587 5416 in
1600 5357 1807 5430 propulsandis
1822 5373 1839 5415 a

135 5441 247 5500 tiicum
267 5437 450 5499 recensendis
468 5446 496 5497 et
510 5444 713 5501 enumerandis
723 5443 808 5502 bonis
818 5446 958 5504 ecclesia·
1014 5447 1112 5505 littore
1124 5447 1284 5520 Saracenis,
1309 5456 1369 5506 tum
1389 5449 1485 5506 Roma
1500 5449 1530 5506 in
1554 5448 1737 5505 dedicatione
1753 5447 1839 5505 urbis

136 5545 211 5589 tum·
1013 5537 1153 5610 Leonidae,
1179 5537 1220 5594 lta
1240 5538 1276 5594 de
1298 5538 1382 5596 illius
1410 5540 1526 5596 nomine
1547 5544 1736 5608 nuncupatae:
1753 5541 1837 5602 brus,

170 5619 286 5679 Nlmius
325 5618 450 5692 proiecto
486 5620 540 5678 siu
578 5636 628 5693 pro
663 5626 746 5684 modo
781 5625 958 5698 praetanouis
1011 5627 1091 5697 cnjus
1105 5625 1218 5684 muno
1240 5627 1346 5684 moiun
1359 5629 1479 5693 Petrum
1503 5627 1688 5684 ambulantem
1701 5628 1840 5696 inmob-
