3892 6136
192 210 243 269 lsi
593 212 639 268 AD
657 210 875 268 anastasium
894 209 1150 270 Phouuaolfflna
1168 211 1258 267 auin.
1278 208 1485 266 ROMaeVATlC.
1799 234 1806 241 ·
1839 207 1894 267 488

190 355 334 412 superque
347 355 382 397 ex
391 342 471 398 lictis
482 341 555 411 ipsis
569 342 769 399 confirmatum
784 358 846 399 esse
864 348 1007 414 putamus,
1028 341 1164 401 Atuerit.
1179 342 1217 398 ho
1232 343 1267 398 de
1278 343 1393 398 nomine
1404 341 1533 399 auctoris
1543 340 1620 398 nihil
1631 340 1891 410 mihicompertum

192 430 268 500 quod
299 428 477 498 probandum
507 430 698 502 suscepimus,
720 435 865 487 auctorem
891 431 1010 486 secundi
1064 436 1117 499 est,
1138 431 1368 502 cumCatalogus
1392 431 1519 500 scriptus
1539 431 1579 486 sit
1599 434 1680 486 sexto
1700 428 1891 500 saeculaque

189 516 317 588 catalogi
333 516 402 571 heta
423 517 539 587 quidem
555 518 695 574 nonnulla
710 533 745 573 ex
770 520 862 588 priori
882 518 1013 589 catalogo
1064 532 1146 574 nemo
1157 518 1402 575 evetcribushcta
1411 520 1604 574 Romanorum
1617 514 1891 587 pontificumoolle-

190 605 390 676 descripsisse,
419 605 533 661 licitum
557 610 650 661 41111111
675 606 732 661 sibi
754 608 946 677 existimasse,
976 607 1015 663 iis
1064 607 1140 678 gisse
1152 608 1489 677 memoratur.Quantum
1502 612 1595 663 tamen
1609 606 1735 662 exhctis
1750 606 1824 675 ipsis
1837 604 1892 662 col-

192 693 362 764 quandoque
388 694 516 763 omissis,
533 694 651 750 aliunde
676 694 744 750 heta
766 696 926 765 desumere,
950 710 1013 765 quae
1064 695 1116 766 ligi
1129 696 1253 764 videtur,
1268 701 1370 751 auctor
1384 696 1478 750 ilomae
1490 694 1601 761 tloruit,
1615 700 1643 749 et
1653 693 1771 749 archivo
1781 698 1892 763 aposto

191 781 404 851 quamplurima
416 781 446 836 in
462 781 588 852 singulis
599 783 786 851 pontilicibus
799 783 894 839 refert.
1064 782 1121 838 lico
1130 782 1227 837 forsan
1239 783 1411 852 praepositus
1422 780 1488 837 tuit.
1501 781 1580 849 Quod
1591 780 1667 836 enim
1679 784 1782 836 auctor
1796 779 1892 836 Romae

226 866 270 923 44.
285 869 411 925 hdducit
425 870 502 924 enim
522 869 680 940 complura,
694 884 728 926 ex
752 871 883 941 antiquis
898 876 1014 927 sancto-
1064 870 1224 939 scripserit,
1241 870 1354 925 indicat
1369 882 1471 940 magna
1488 882 1584 924 rerum
1598 867 1685 924 Urbis
1698 872 1727 924 et
1746 869 1811 938 agri
1831 867 1893 924 Ro-

190 970 254 1043 rum
273 955 353 1012 lictis
367 957 526 1026 desumpta,
545 970 669 1027 quorum
694 958 793 1028 aliqua
814 959 881 1015 licet
897 974 953 1016 non
976 959 1014 1015 iis
1064 958 1141 1017 mani
1155 959 1259 1014 notitia
1269 971 1354 1027 quam
1365 957 1478 1012 habuit.
1494 956 1597 1012 Omnia
1608 957 1784 1025 cemeteria,
1800 956 1890 1011 etiam

191 1044 451 1115 ipsistemporibus
459 1046 623 1114 conscripta
632 1046 692 1101 sint
704 1046 811 1117 quibus
819 1048 1012 1118 contigerunt,
1064 1060 1149 1118 quam
1164 1046 1333 1117 longissime
1346 1045 1382 1100 ab
1398 1045 1471 1100 Urbe
1483 1045 1549 1116 sita,
1559 1045 1656 1100 omnia
1669 1044 1804 1115 sepulcra
1818 1058 1892 1101 mar-

191 1133 296 1189 saeeulo
311 1140 405 1188 tamen
420 1138 500 1189 sexto
510 1134 677 1203 antiquiora
698 1141 767 1190 sunt
785 1136 893 1206 omnia,
908 1142 936 1191 et
951 1134 1015 1205 ple-
1064 1142 1169 1204 tyrum,
1190 1135 1276 1190 etiam
1298 1135 1327 1189 in
1353 1134 1462 1204 cryptis
1476 1138 1505 1188 et
1519 1132 1649 1189 cavernis
1665 1133 1771 1203 posita,
1792 1146 1891 1189 omues

190 1235 313 1292 rumque
325 1235 359 1277 ex
370 1221 627 1291 proconsularibus
636 1227 792 1292 martyrum
803 1225 890 1294 gestis
899 1229 927 1280 et
940 1224 1015 1280 reris
1063 1222 1199 1278 ecclesias
1209 1228 1237 1277 et
1248 1223 1378 1293 regiones
1392 1221 1488 1287 Urbis,
1500 1234 1598 1276 omnes
1617 1219 1759 1291 reliquias
1771 1227 1800 1275 et
1814 1220 1890 1277 titu-

191 1316 356 1370 sauctorum
371 1310 452 1366 detis
463 1311 585 1367 deducta
596 1310 740 1367 videntur.
755 1312 963 1369 Sicdicendum
978 1313 1014 1369 de
1064 1310 1118 1382 los,
1138 1324 1236 1367 omnes
1253 1311 1314 1366 vius
1332 1310 1501 1380 viarumque
1518 1309 1684 1379 distantias,
1712 1315 1817 1364 caetera
1836 1309 1891 1365 de-

191 1402 231 1457 iis
246 1414 309 1471 quae
324 1405 426 1456 auctor
438 1400 527 1469 hujus
541 1400 669 1471 catalogi
682 1402 773 1457 tradit
788 1401 818 1457 in
829 1401 1014 1457 Alexandrol
1064 1413 1142 1455 mum
1164 1400 1261 1455 omnia
1286 1404 1431 1470 perspecta
1448 1398 1558 1454 habuit.
1567 1397 1646 1465 Quod
1663 1402 1758 1454 autem
1771 1397 1891 1454 archivo

189 1490 224 1546 de
238 1488 357 1544 Eventio
372 1493 400 1544 et
413 1487 560 1544 Theodulo
574 1507 581 1556 3
593 1489 700 1558 quade
714 1489 865 1545 Valeriano
877 1489 903 1544 S.
920 1489 1014 1545 Caeci-
1063 1489 1222 1559 apostolico
1232 1488 1336 1544 torsam
1347 1488 1497 1558 prateolus
1506 1487 1604 1556 tuerit,
1618 1486 1722 1543 deduci
1732 1486 1889 1543 uideturex

188 1577 237 1633 liae
250 1590 356 1648 sponso
371 1575 457 1632 refert
473 1578 502 1632 in
513 1576 646 1646 Urbano,
660 1592 723 1648 quae
738 1579 772 1633 de
787 1579 816 1632 Β.
833 1578 941 1634 Lucina
956 1584 1012 1635 tra·
1064 1577 1103 1632 iis
1118 1591 1180 1647 quae
1196 1576 1279 1632 habet
1299 1577 1440 1632 debeone
1461 1578 1562 1646 llagno
1579 1594 1585 1629 ι
1602 1576 1654 1628 llic
1675 1576 1740 1641 fecit
1760 1573 1888 1645 epistolas

187 1665 233 1721 dit
258 1666 288 1720 in
309 1665 442 1720 Cornelio
465 1679 551 1736 ;quae
567 1665 602 1720 de
622 1666 651 1719 Β.
673 1666 828 1722 Laurentio
853 1672 950 1722 narrat
979 1668 1010 1724 in
1026 1657 1163 1721 Bmultas
1181 1682 1315 1735 emponens
1334 1665 1414 1734 fidem
1426 1664 1585 1719 catholicam
1603 1668 1715 1726 rectum,
1732 1679 1794 1732 qnae
1810 1662 1889 1718 hodie

187 1754 289 1823 Xysto,
300 1753 385 1822 cujus
400 1752 531 1822 martyrii
546 1752 660 1808 144414).
676 1753 822 1810 Ambrosii
833 1756 1012 1822 temporibus
1061 1756 1170 1810 arabico
1184 1755 1311 1808 Ecclesia
1326 1757 1453 1809 Romanae
1468 1757 1603 1806 tenentur.
1621 1752 1656 1807 ut
1675 1751 1797 1807 exactis
1811 1752 1889 1807 Hor-

189 1840 416 1911 reperiebantur.
433 1840 561 1897 Necsola
579 1847 736 1913 martyrum
756 1842 824 1898 Acta
841 1843 889 1899 sed
904 1849 1011 1900 statuta
1061 1845 1171 1911 misiae,
1190 1844 1219 1899 in
1234 1843 1341 1914 quibus
1352 1848 1454 1897 auctor
1466 1839 1564 1907 retent,
1577 1855 1613 1897 ex
1634 1840 1887 1897 mandatoiustini

189 1943 304 2001 quoque
315 1929 541 2000 prodisciplima
552 1930 686 1987 Ecclesia
700 1931 776 1986 edita
785 1932 1013 1990 exhibetauctor
1063 1947 1161 1988 omues
1170 1932 1320 2002 episcopos
1335 1930 1434 1986 libello
1445 1929 1594 1985 catholica
1607 1928 1673 1984 tidei
1690 1928 1888 1998 subscripsis-

190 2020 221 2074 in
236 2019 362 2088 singulis
379 2017 568 2088 pontiticibus
584 2037 591 2072 2
608 2019 695 2076 relert
708 2021 785 2076 enim
807 2022 837 2077 in
850 2022 920 2078 Lino
935 2025 1011 2093 quod
1064 2035 1093 2076 se
1108 2039 1114 2075 :
1128 2022 1277 2087 (iniremus
1289 2020 1385 2080 libelii,
1407 2018 1514 2088 inquit,
1529 2018 1608 2071 boetio
1629 2018 1739 2071 archivo
1757 2016 1887 2070 recondi-

189 2107 479 2164 statueritutmulier
488 2109 517 2164 in
526 2109 646 2166 ecelesia
655 2110 746 2166 velato
759 2111 853 2181 capite
863 2112 1012 2170 introiret?
1063 2116 1106 2164 tus
1122 2115 1235 2163 tenatur.
1249 2109 1396 2178 Quomodo
1408 2108 1484 2162 euim
1498 2115 1598 2163 auctor
1613 2109 1772 2162 Romanum
1786 2105 1888 2161 archi-

189 2196 220 2251 in
232 2196 333 2264 xysto,
348 2196 424 2265 quod
436 2197 623 2253 constituerit
633 2203 665 2254 ut
676 2198 838 2255 ministeria
858 2214 938 2257 sacra
956 2215 1011 2258 non
1062 2212 1128 2253 vum
1143 2199 1271 2265 uitasset,
1289 2197 1346 2252 nisi
1372 2196 1443 2251 illud
1460 2195 1579 2250 vidisset
1601 2194 1686 2265 eique
1701 2194 1799 2250 forsan
1817 2207 1886 2263 prae-

188 2288 387 2354 tangerentur,
413 2284 470 2340 nisi
497 2298 514 2340 a
543 2287 707 2359 ministris3
730 2289 760 2343 in
781 2288 911 2360 hniceto,
935 2291 1010 2361 quod
1063 2287 1174 2356 positus
1189 2285 1302 2342 luisset.
1319 2284 1447 2340 lltasane
1460 2285 1570 2355 quade
1583 2282 1886 2356 singulornmpontitl·

185 2372 308 2444 jusserit
331 2385 365 2427 ue
390 2372 513 2428 clericus
538 2387 647 2429 comam
670 2377 815 2432 nutriret:
837 2378 868 2433 in
887 2378 1009 2447 Victore,
1060 2389 1125 2431 cum
1149 2375 1284 2443 decretis,
1305 2375 1340 2429 de
1363 2388 1462 2430 eorum
1492 2373 1591 2445 gestis,
1616 2373 1652 2429 de
1673 2373 1884 2443 episcoporum.

188 2462 264 2533 quod
278 2461 414 2517 statuerit
429 2466 460 2517 ut
471 2460 575 2531 pascha
586 2463 790 2520 dieDominico
799 2464 1008 2521 celebraretur:
1062 2459 1764 2533 presbyterorumetdiaconorumordinationibus
1778 2459 1886 2530 ubique

188 2552 218 2606 in
231 2550 329 2617 Lucio,
342 2549 416 2619 quod
434 2550 640 2620 praeceperant
655 2552 713 2607 duo
726 2551 895 2623 presbyteri,
911 2561 939 2609 et
953 2561 1011 2611 tres
1061 2551 1192 2622 affirmat,
1215 2551 1291 2607 utare
1308 2552 1438 2606 iudicant
1460 2555 1605 2606 auctorem
1631 2563 1663 2605 ea
1678 2549 1776 2605 omnia
1790 2563 1825 2604 ex
1837 2562 1886 2604 re-

186 2639 302 2695 diaeoni
319 2639 437 2694 inomni
456 2637 518 2695 loco
536 2639 702 2709 episcopum
716 2654 773 2697 non
791 2642 954 2698 desererent
967 2649 1013 2714 ;et
1063 2642 1152 2714 gestis
1162 2640 1272 2697 archivi
1286 2641 1491 2712 desumpsisse,
1504 2641 1574 2697 adeo
1585 2642 1627 2708 ut,
1640 2638 1665 2694 si
1677 2637 1756 2694 sedis
1768 2644 1887 2708 aposto-

187 2727 231 2782 sic
246 2727 277 2781 in
291 2725 360 2782 aliis
373 2727 633 2798 pontificibusque
647 2730 736 2785 nimis
746 2729 1012 2802 longumessetsin.
1062 2730 1126 2786 lica
1139 2730 1381 2787 bibliothecarius
1394 2743 1450 2785 non
1464 2727 1562 2797 tuerit,
1580 2739 1726 2783 accessum
1737 2726 1772 2781 ad
1784 2725 1887 2783 biblio·

187 2813 255 2886 gula
269 2827 446 2882 enumerare,
457 2819 486 2870 et
500 2815 586 2872 tacite
599 2817 692 2873 uideri
708 2823 829 2888 possunt
845 2819 874 2875 iu
888 2819 950 2889 ipso
963 2821 1011 2876 Ca·
1063 2820 1173 2876 thecam
1189 2818 1367 2890 pontificiam
1384 2817 1519 2874 habuisse
1530 2816 1688 2873 censendus
1698 2815 1747 2871 sit.

188 2901 293 2972 talogo,
306 2915 341 2957 ex
354 2917 410 2973 quo
422 2902 475 2959 hoc
492 2918 581 2960 unum
596 2906 737 2963 duntaxat
758 2907 912 2980 adjungam
934 2910 1008 2979 quod
1397 2943 1537 2998 CAPUTV

188 2991 218 3046 in
234 2991 361 3062 singulis
374 2992 562 3061 pontificibus
571 2993 674 3050 reserat
683 3002 753 3066 quot
766 2997 964 3053 ordinationes
975 2997 1011 3053 te
1026 2982 1050 3044 C
1308 3052 1347 3104 De
1370 3050 1452 3103 Libro
1471 2984 1625 3119 Pontipcoli

187 3079 290 3145 cerint,
307 3085 335 3135 et
354 3087 424 3151 quot
443 3081 604 3152 episcopos,
632 3084 804 3144 sacerdotes.
820 3099 853 3140 ac
874 3086 1011 3142 diaconos

186 3168 393 3240 consecrarint,
407 3169 751 3239 incipiendoafflememe
762 3175 782 3242 1,
796 3174 825 3229 in
840 3187 896 3244 quo
906 3172 1007 3229 refert,
1062 3163 1082 3213 Ι.
1094 3158 1173 3207 Liber
1183 3155 1344 3206 Pontihcahs
1356 3156 1491 3217 primumn
1504 3158 1577 3204 l‘etro
1588 3152 1690 3203 Crabbe
1699 3154 1778 3203 toruis
1790 3153 1884 3204 Conci·

219 3258 224 3269 .
295 3259 300 3269 .
376 3260 381 3270 .
438 3260 443 3270 .
569 3276 576 3288 ³
871 3266 876 3275 ,
1091 3220 1185 3268 tiorum
1197 3220 1317 3277 insertus,
1332 3218 1427 3279 sapius
1438 3217 1680 3265 deindeuBnronio
1694 3217 1788 3265 citatus
1798 3217 1825 3264 in
1835 3219 1886 3266 An·

186 3258 238 3311 Hic
246 3258 506 3324 facetordrnotrones
522 3265 586 3323 tres,
598 3262 772 3330 presbyteros
786 3260 829 3329 40,
846 3261 1009 3327 diaconusfl),
1092 3281 1201 3339 nunnus,
1217 3281 1282 3343 typis
1297 3282 1401 3328 demum
1416 3280 1559 3340 Mogunnae
1572 3293 1638 3327 anno
1656 3279 1715 3327 1602
1731 3279 1833 3340 integro
1844 3293 1887 3327 01.

186 3346 323 3415 episcopos
336 3360 386 3414 per
406 3345 515 3400 diuersa
538 3349 596 3402 toea
610 3346 637 3404 5.
659 3351 688 3404 ln
715 3350 845 3406 Evaristo
861 3367 867 3403 :
882 3352 933 3404 llic
945 3353 1011 3418 feeit
1091 3358 1169 3417 ⁰95⁸*
1181 3347 1227 3417 ost.
1237 3370 1266 3377 -
1275 3342 1382 3415 ll'Post
1393 3341 1574 3415 moguntinam
1585 3341 1725 3414 editionem
1735 3341 1831 3414 44404444
1840 3340 1888 3390 Pa

186 3434 374 3489 ordinationes
407 3441 516 3505 quator,
548 3439 721 3507 presbyteros
757 3434 799 3502 44,
829 3440 956 3494 diaconos
982 3439 1010 3504 9,
1092 3402 1887 3540 ξῗιὲἓῗζῗὶῇᾞζὺἓῖᾱῗὲἥῗὲὲἦιξῖοῑῗ(44444444441444441011344

185 3523 322 3592 episcopos
339 3540 390 3593 per
404 3524 514 3579 diuersa
529 3527 587 3580 loco
602 3523 655 3597 ts,
672 3531 700 3582 et
717 3527 757 3582 ita
771 3528 800 3582 in
815 3527 883 3583 aliis
900 3529 1013 3599 pontiti·

186 3609 270 3668 cibus
281 3625 395 3682 uusque
407 3613 442 3668 ad
455 3614 646 3686 llormisdam,
663 3615 693 3670 in
704 3629 762 3686 quo
777 3621 878 3673 auctor
894 3630 950 3673 non
965 3618 1012 3674 ad·

1094 3530 1228 3578 bliotheous
1243 3529 1397 3587 Germaniae,
1410 3530 1462 3576 tros
1474 3528 1500 3574 in
1513 3527 1652 3575 Galliarum
1663 3526 1829 3575 bibliothecis
1843 3541 1887 3576 ex·

1093 3596 1167 3641 stant.
1185 3618 1215 3627 -
1228 3591 1272 3639 lll.
1291 3590 1373 3651 Opus,
1391 3590 1460 3651 quod
1475 3589 1587 3637 Annibal
1604 3588 1741 3637 Fabrottus
1757 3603 1786 3637 se
1800 3590 1887 3637 incor-

510 3703 516 3713 ‚
574 3703 579 3714 ,
720 3705 725 3716 ¹
1092 3658 1190 3704 rectum
1201 3653 1335 3716 reliquisse
1346 3652 1445 3710 tutetur,
1456 3652 1540 3700 Lucus
1550 3651 1700 3699 Holstenius
1710 3664 1740 3699 ex
1751 3651 1887 3699 codicibus

188 3702 268 3754 notat
284 3713 436 3756 numerum
454 3702 683 3773 ordinationum,
697 3705 897 3775 diaconorum,
913 3720 1011 3762 sacer-

186 3783 285 3841 dotum
299 3785 342 3841 vel
357 3787 569 3859 episcoporum,
586 3791 633 3845 sed
648 3792 822 3859 simpliciter
842 3792 945 3849 relert:
960 3797 1012 3849 llic

187 3875 253 3942 {ecit
264 3875 462 3945 ordinationes,
478 3878 662 3947 presbyteros,
678 3881 813 3948 episcopos
823 3897 874 3950 per
889 3883 956 3936 ioca.
977 3884 1013 3938 Et

188 3961 336 4018 intoanne
362 3964 519 4020 hormisda
543 3978 707 4021 successore
726 3985 732 4020 :
753 3969 805 4020 llic
827 3968 1011 4025 ordinationes

186 4051 252 4117 tecit
264 4067 316 4121 per
329 4052 396 4106 loco.
424 4054 456 4108 ln
472 4053 563 4108 Felice
576 4059 682 4116 autem,
699 4055 817 4110 loannis
835 4069 1009 4127 successore,

189 4141 218 4196 in
235 4153 292 4212 qno
305 4140 457 4212 catalogus
470 4142 579 4199 desinit
593 4144 787 4199 rursushabet
802 4158 952 4201 numerum
964 4148 1010 4203 his

187 4228 283 4285 verbis
296 4247 302 4283 :
320 4232 372 4284 llic
382 4232 449 4298 fecit
460 4232 646 4287 ordinationes
660 4233 740 4301 duas,
748 4234 920 4303 presbyteros
933 4239 1010 4304 pitin·

187 4308 322 4387 quapiruto
342 4320 473 4388 quinque,
490 4321 617 4375 diaconos
645 4325 773 4391 quatuor,
801 4325 936 4393 episcopos
957 4321 1049 4394 per

188 4407 246 4460 toea
260 4407 360 4474 oipinti
382 4422 484 4462 nocua.
510 4409 550 4463 Ex
576 4409 684 4479 quibus
697 4409 802 4482 colligo
814 4417 959 4467 auctorem
974 4427 1008 4469 ex

188 4494 288 4565 aliquo
314 4496 448 4551 itomanae
471 4497 606 4554 Ecclesiae
629 4503 739 4570 regesto
763 4505 813 4555 aut
834 4501 1009 4558 monimento

187 4587 253 4639 ante
264 4584 421 4641 llormisdae
433 4590 560 4656 tempora
575 4588 739 4658 conscripto
754 4588 947 4659 desumpsisse
962 4605 1010 4647 no-

189 4671 282 4727 titiam
292 4673 699 4747 ordinationum3ideoautem
710 4678 839 4749 nequein
849 4680 1008 4749 llormisda,

1092 3717 1234 3776 Vaticanis,
1251 3715 1350 3775 liegiis,
1368 3714 1508 3772 Medicmis,
1527 3712 1733 3772 cassinensibus,
1749 3716 1776 3760 et
1792 3712 1886 3761 Ferue-

1093 3781 1165 3827 sinno
1177 3778 1291 3826 omnium
1301 3776 1480 3839 antiquissimo
1491 3776 1672 3835 corrigendum
1680 3775 1810 3836 suscepit:
1821 3773 1887 3836 ejus·

1093 3856 1143 3904 que
1160 3841 1237 3889 rurba
1252 3840 1284 3887 do
1297 3853 1358 3886 mss.
1375 3838 1518 3892 codicibus,
1533 3838 1626 3898 quibus
1639 3851 1701 3884 usus
1717 3838 1763 3895 est,
1779 3836 1887 3885 adetum

1091 3907 1142 3951 tur.
1152 3929 1185 3938 -
1196 3903 1239 3950 lv.
1252 3902 1289 3949 Ex
1300 3902 1389 3948 ecdico
1398 3900 1554 3948 Furnosisno
1568 3900 1701 3948 adducitur
1713 3897 1886 3960 fragmentum

1092 3967 1149 4013 vitae
1162 3965 1246 4023 Sergii
1259 3963 1291 4020 ll,
1303 3963 1426 4009 hactenus
1437 3961 1570 4020 ineditum,
1582 3964 1607 4010 et
1621 3962 1747 4010 variantes
1761 3961 1887 4009 lectiones

1092 4041 1122 4076 ex
1132 4026 1292 4086 autographo
1302 4023 1429 4072 lloistenii
1440 4022 1600 4071 exhibentur.
1608 4023 1678 4071 -V.
1689 4023 1718 4071 ln
1729 4023 1810 4072 Libro
1819 4022 1888 4071 Pon·

1092 4088 1178 4137 titleuli
1193 4086 1284 4135 additae
1299 4089 1360 4135 sunt
1376 4085 1522 4146 complures
1533 4087 1684 4134 donationes
1698 4084 1757 4147 piae,
1773 4084 1887 4134 basilicis

1093 4151 1170 4202 Urbis
1185 4149 1264 4197 iactas.
1279 4175 1310 4184 -
1320 4147 1364 4195 Vl.
1381 4146 1519 4208 Complura
1534 4161 1637 4211 quoque
1654 4150 1795 4208 martyrum
1811 4146 1886 4205 Aeta,

1091 4215 1157 4262 inter
1186 4224 1224 4260 uae
1235 4211 1295 4258 licet
1303 4209 1425 4257 nonnulla
1433 4222 1462 4256 ex
1473 4209 1647 4258 monumentis
1655 4208 1740 4257 dubiis
1749 4209 1887 4269 desumpta

1091 4277 1151 4334 sint,
1166 4226 1209 4322 4441
1226 4272 1355 4320 tamenab
1372 4271 1508 4332 antiquiori
1521 4286 1585 4329 asvo,
1602 4275 1626 4320 et
1637 4273 1793 4333 quandoque
1804 4283 1820 4317 a
1832 4269 1885 4330 pri-

1089 4339 1138 4386 mis
1148 4335 1272 4385 Ecclesia
1285 4334 1386 4383 saeculis
1397 4334 1623 4383 extitisseconstat.
1634 4361 1664 4368 —
1672 4333 1732 4382 Vll.
1744 4335 1810 4381 Acta
1820 4343 1885 4393 pon·

1088 4400 1183 4449 titicum
1196 4412 1211 4446 a
1222 4397 1300 4446 Petro
1311 4396 1427 4459 apostolo
1443 4410 1524 4458 usque
1537 4398 1568 4443 ad
1582 4396 1778 4446 Constantinum
1792 4404 1885 4455 papam

1089 4463 1216 4517 breviora,
1232 4458 1429 4508 uConstantino
1451 4459 1581 4520 usquead
1599 4457 1762 4519 Stephanum
1783 4460 1885 4505 sextum

1090 4523 1216 4585 ampliora
1230 4525 1299 4582 snut,
1312 4524 1376 4570 adeo
1390 4525 1416 4569 ut
1428 4523 1507 4568 totum
1519 4520 1599 4569 ferme
1614 4519 1748 4568 historiam
1763 4517 1886 4567 ecclesia·

1090 4587 1182 4635 sticum
1199 4583 1426 4647 comprehendunt.

1097 4683 1121 4739 4.
1135 4685 1289 4754 Postquam
1301 4682 1415 4754 egimus
1428 4682 1464 4737 de
1473 4680 1587 4737 duobus
1599 4677 1819 4750 antiquioribus
1829 4679 1886 4735 Ca-

188 4774 279 4832 neque
292 4762 321 4818 in
333 4765 449 4833 loanne,
466 4765 513 4820 sed
530 4764 623 4822 solum
641 4767 670 4821 in
686 4766 779 4822 Felice
794 4768 827 4822 lV
847 4768 1008 4841 adnotasse,
1061 4773 1165 4844 talogis
1191 4773 1381 4828 homanorum
1396 4769 1574 4839 pontiticum,
1598 4773 1686 4824 restat
1701 4772 1734 4824 ut
1748 4768 1785 4824 de
1799 4767 1886 4823 Libro

188 4852 256 4920 quia
268 4853 416 4910 desidente
435 4860 545 4926 regesto
568 4862 619 4912 aut
639 4857 826 4929 monimento,
844 4871 901 4914 non
920 4858 1011 4914 habe-
1060 4861 1222 4917 Pontificali
1238 4866 1402 4926 tractemus,
1420 4873 1503 4929 quem
1521 4859 1633 4928 primus
1647 4871 1682 4912 ex
1696 4871 1764 4915 mss.
1780 4856 1884 4912 codici

188 4938 237 4994 bat
260 4942 347 4998 aliam
376 4943 428 5000 hac
446 4945 482 5001 de
498 4959 529 5000 re
548 4946 682 5002 notitiam
699 4961 783 5018 quam
807 4963 871 5018 quae
886 4954 1011 5018 tempore
1061 4952 1115 5006 bus
1129 4951 1239 5006 eruisse
1250 4949 1364 5004 videtur
1374 4948 1474 5003 Petrus
1488 4947 1605 5017 crabbe,
1618 4947 1668 5016 qui
1684 4943 1885 5012 eumeditioni
1903 4947 1906 4954 '

186 5025 292 5083 Felicis
304 5033 411 5104 quarti,
428 5034 483 5091 sub
496 5035 684 5107 quovivebat,
698 5037 732 5092 ad
749 5050 835 5093 aures
853 5051 923 5094 suas
944 5051 1011 5107 per·
1060 5034 1884 5096 conciliorumColoniensiannit538inseruitboctitulo:

180 5120 311 5184 tenerit·
882 5179 885 5185 ,
1061 5130 1141 5184 Liber
1159 5130 1320 5196 Pontificum
1338 5142 1356 5180 u
1377 5127 1455 5181 Pet-ro
1474 5142 1551 5195 popu
1575 5124 1715 5195 usquead
1740 5124 1887 5181 Nicolaum

224 5198 266 5259 ta.
278 5200 371 5271 dique
382 5204 442 5261 haec
454 5211 569 5277 quidem
583 5211 729 5268 sufficiant
741 5210 775 5265 de
786 5213 910 5269 seeundo
924 5215 1010 5270 Cata-
1057 5233 1160 5287 papam
1172 5219 1196 5286 l,
1211 5217 1241 5269 in
1256 5230 1309 5284 quo
1323 5230 1416 5270 eorum
1430 5220 1506 5282 gestu
1515 5215 1719 5276 inscribantur,
1729 5214 1887 5282 primorum

189 5290 263 5362 lopo,
277 5291 390 5361 dequo,
408 5295 476 5363 quia
489 5300 678 5366 sequentibus
691 5298 838 5367 capitibus
851 5302 939 5359 multa
953 5303 1011 5361 alia
1057 5309 1269 5377 perdomassem
1281 5319 1395 5374 papa-m,
1409 5304 1580 5372 reliquorum
1590 5308 1681 5357 cautem
1691 5317 1742 5372 per
1760 5302 1831 5357 ulios
1846 5315 1889 5359 aa·

187 5375 412 5452 observabimus,
429 5381 556 5438 hocloco
570 5385 774 5456 inquirendum
793 5394 910 5444 restata
935 5405 1012 5460 quo-
1061 5400 1129 5449 teres
1143 5408 1175 5447 oc
1201 5391 1254 5461 fiete
1268 5392 1375 5459 dignos.
1399 5391 1480 5447 Vitas
1495 5393 1654 5461 primorum
1683 5389 1886 5461 pontidcumtt

189 5477 253 5521 nam
267 5474 382 5526 auctore
407 5469 455 5530 hic
474 5469 622 5540 catalogus
640 5479 668 5527 et
693 5472 810 5530 ubinam
834 5480 1010 5546 compositus
1062 5485 1143 5541 Petro
1157 5495 1248 5552 usque
1262 5480 1296 5536 ad
1313 5480 1457 5539 liberium
1473 5481 1545 5536 citat
1563 5495 1597 5536 ex
1616 5479 1703 5539 Libro
1722 5475 1885 5543 Pouttdatti
