3892 6136
278 272 313 333 17
659 277 708 334 ΔΙ)
730 277 948 336 ANASTASHIM
973 276 1230 336 Paohnaoltliht
1252 279 1340 335 abin.
1366 278 1584 338 nola-vllam.

276 406 382 474 septem
392 401 423 461 in
435 403 517 473 Urbe,
529 404 790 464 tolidemdlaconis
799 406 966 478 assignatis,
980 403 1142 476 pariqueA
1156 418 1229 458 anno
1260 409 1380 476 suseepti
1413 407 1583 476 episcopatus
1612 408 1766 470 undecimo,
1791 409 1923 478 pontifico

275 489 494 550 sermonumero
509 493 760 568 subdiaconorum,
776 498 826 568 qui
844 497 970 553 notarios
983 494 1099 552 sollici-
1153 491 1279 549 nonnann
1300 496 1376 548 urbis
1396 497 1508 549 sortitus
1534 503 1574 550 est
1595 497 1730 564 Hyginus.
1760 495 1893 553 Historiae
1917 497 1939 553 h

276 584 370 637 tarent
390 581 425 638 ad
445 582 606 653 colligenda
620 590 776 656 martyrum
792 591 869 657 gesta
886 604 892 640 :
910 585 1098 656 quemadmo-
1153 587 1243 651 gastae
1264 584 1418 653 scriptores
1437 582 1527 639 Graeci
1550 598 1582 639 ac
1607 584 1704 640 Latini
1727 585 1899 657 consignant
1924 599 1941 641 a

274 668 342 724 dum
358 675 477 743 uterque
495 672 647 745 catalogus
667 679 788 730 testatur
808 675 837 730 ia
858 673 992 744 Fabiano,
1017 687 1095 730 num.
1152 683 1219 725 num
1243 672 1428 728 emortualem
1451 673 1584 735 Adriani,
1604 679 1632 729 et
1657 674 1783 754 primum
1809 675 1938 745 imperan

272 753 304 811 tl
319 759 388 813 :Hic
406 763 528 828 regiones
545 761 641 817 diuisit
660 762 830 818 diaconibus.
855 766 896 819 lta
912 761 998 818 refert
1011 763 1098 818 Cata·
1151 755 1289 815 Antonini
1306 766 1491 832 cognomento
1505 761 1558 831 Pii,
1573 762 1661 833 Nigro
1672 763 1939 820 etCamerinacons

274 844 358 918 logus
377 850 500 918 primns.
520 849 609 906 hddit
631 853 776 910 sccundus
796 852 949 924 catalogus
963 871 969 907 ε
982 854 1018 907 Et
1032 853 1096 919 serit
1152 845 1230 904 libus
1241 867 1248 919 3
1260 850 1445 906 confirmante
1457 850 1551 920 lapide
1561 851 1637 920 apud
1648 852 1815 924 Gruterum,
1827 851 1876 908 iol.
1889 865 1946 907 ccx

272 949 321 989 sea
339 935 529 1001 subdiaconos,
551 940 600 1008 qui
618 945 718 1010 septem
734 943 850 995 notariis
868 942 1049 1002 imminerent,
1066 943 1096 993 at
1152 949 1180 990 a.
1197 934 1223 1007 l,
1239 937 1351 1009 signato
1368 939 1397 994 iu
1413 940 1531 995 adversa
1552 946 1631 1010 parte
1645 941 1809 997 eorumdem
1825 941 1926 998 consul

270 1027 347 1090 qesta
359 1029 511 1094 marturam
526 1027 642 1097 fideliter
656 1030 821 1097 coiliperent.
838 1030 942 1086 Veram
958 1028 1018 1083 haec
1033 1028 1095 1098 ipsa
1151 1023 1282 1096 collegio,
1292 1027 1707 1086 utadrertiteminentissimus
1715 1030 1850 1086 Horisius
1858 1029 1941 1100 Epist

270 1117 347 1182 gesta
372 1114 530 1171 recentiora
548 1115 668 1174 collecta
690 1121 753 1187 post
772 1117 938 1188 Fabianum,
962 1115 1095 1173 incendio
1151 1111 1946 1189 laeconsnlanspag.85.cuningussecundnsreiertex.

270 1200 438 1274 plerumque
463 1203 575 1261 sublata
604 1220 654 1276 per
685 1206 836 1263 immanem
868 1205 1093 1277 persecutionem
1148 1200 1230 1257 dium
1244 1203 1429 1272 pontificatus
1441 1205 1544 1277 Hygini
1557 1206 1591 1262 ad
1605 1206 1738 1263 consules
1749 1208 1932 1263 Camerinum

268 1289 451 1362 Diocletiani,
464 1293 592 1364 preclari
604 1295 699 1366 aperis
709 1294 849 1367 reliquias
857 1294 1009 1352 admodum
1019 1307 1094 1364 pau-
1147 1288 1279 1362 Magnum
1295 1293 1346 1363 (ita
1362 1294 1438 1349 enim
1452 1293 1524 1350 vitio
1538 1295 1757 1351 amanuensium
1774 1296 1926 1366 impariter

268 1391 316 1434 aas
327 1379 411 1436 nohis
421 1383 653 1454 transmiserunt,
667 1384 904 1456 quemadmodum
915 1382 1094 1439 Schclestra-
1147 1376 1253 1436 11111111
1269 1387 1312 1436 est
1325 1386 1356 1438 ul
1369 1383 1486 1450 Nigrum
1499 1382 1529 1438 i¹1
1544 1385 1676 1452 Mannum
1690 1397 1858 1441 1011118111
1873 1384 1934 1440 1111

267 1466 328 1523 tius
349 1472 468 1525 annotat
489 1471 522 1526 ad
543 1471 620 1527 hunc
638 1471 733 1529 locum
751 1490 757 1526 :
772 1475 811 1527 De
826 1474 925 1543 paucis
946 1472 1093 1527 admodum
1148 1469 1233 1540 mus),
1250 1484 1349 1541 nempe
1362 1471 1543 1527 Camerinum
1560 1477 1588 1529 et
1602 1473 1733 1544 Nigrum.
1750 1473 1827 1528 licet
1838 1473 1868 1529 in
1883 1473 1942 1543 pri

266 1558 445 1630 martyribus,
469 1560 520 1630 ait,
547 1564 646 1616 mentio
666 1565 697 1632 fit
716 1564 746 1616 in
765 1564 920 1633 antiquiore
943 1561 1090 1630 catalogo,
1146 1557 1279 1630 catalogo
1295 1559 1399 1615 lacuna
1415 1560 1553 1630 impediat
1569 1574 1603 1616 ne
1617 1559 1769 1617 consulum
1785 1561 1903 1617 nomina
1917 1560 1940 1616 l·

266 1650 292 1700 et
314 1661 405 1701 enum
428 1648 499 1704 elota
523 1665 577 1704 non
602 1651 741 1714 describit,
763 1652 812 1706 sed
837 1655 943 1706 tantum
963 1652 1093 1719 martyrii
1148 1648 1269 1717 possint,
1290 1648 1462 1718 supplentur
1477 1648 1536 1704 haec
1552 1647 1636 1705 facilc
1652 1664 1686 1705 ex
1705 1649 1934 1718 precedentibus

265 1749 349 1801 putus
368 1736 447 1790 aerbo
466 1737 582 1792 indicat.
607 1739 682 1793 Unde
697 1744 789 1810 putem
808 1740 879 1795 Acta
895 1744 1057 1808 martyram,
1073 1757 1090 1794 a
1103 1736 1131 1799 B
1146 1737 1388 1806 consequentibns
1399 1757 1407 1808 3
1419 1737 1527 1809 qulbus
1540 1738 1683 1794 tribuitur
1695 1739 1760 1794 1111
1774 1739 1917 1795 terminus

265 1824 381 1877 notariis
400 1828 425 1878 et
444 1825 657 1881 subdiaconibus
673 1830 822 1896 primitivae
842 1829 1093 1883 11111εεὶ11111νί-
1145 1827 1315 1882 1111111111
1335 1826 1453 1883 initium
1473 1829 1656 1898 episcopatus
1673 1828 1703 1883 in
1723 1841 1897 1884 successore.
1917 1829 1946 1881 Pr

261 1914 323 1979 pta,
341 1912 371 1963 in
382 1915 597 1980 persecutionem
616 1915 780 1970 Diocletiani
798 1933 858 1971 cunt
873 1919 976 1971 ceteris
994 1917 1090 1971 Eccle-

264 1999 310 2052 se'ae
321 1999 485 2053 membranis
496 2004 621 2070 periisse.
637 2004 1089 2074 11111·111111111111111111111111

263 2092 417 2150 euaserunt,
438 2104 469 2141 ea
488 2090 526 2143 ael
544 2107 641 2144 monas
662 2097 769 2148 nostras
791 2111 846 2149 non
870 2096 1019 2159 deuenisse,
1042 2096 1090 2149 sed

263 2180 412 2246 temporum
423 2181 555 2232 uetustate
567 2181 652 2246 serrae
664 2185 755 2237 omnia
767 2190 925 2253 corosurnpta
939 2200 1003 2238 esse.
1019 2186 1089 2239 Acta

262 2278 329 2321 vero
341 2265 425 2336 plura
438 2272 546 2322 serrata
560 2273 629 2323 sunt
641 2275 808 2340 martyrum,
823 2272 872 2342 qul
888 2274 1089 2340 precesserant

263 2368 271 2409 1
294 2359 321 2409 11
341 2354 484 2411 xxsaeculo
506 2370 568 2412 cerae
588 2358 758 2414 Christianae
779 2373 843 2415 cam
867 2361 1010 2430 descripta
1029 2362 1088 2430 jam

261 2441 355 2499 tarent
367 2444 472 2516 exiguo
486 2451 537 2501 aut
552 2446 631 2503 nullo
647 2447 776 2518 periculo
791 2448 845 2504 suh
860 2450 1015 2505 Antoninis
1027 2467 1034 2520 3
1048 2450 1088 2505 ita

262 2536 295 2587 11
308 2533 484 2604 Hegesippus
500 2535 594 2590 Romae
609 2549 695 2607 agens
711 2536 778 2593 inde
793 2539 919 2607 potuerit
931 2551 964 2594 ea
978 2543 1088 2608 tempe-

260 2625 332 2677 state
342 2626 491 2679 contexere
502 2623 591 2680 libros
602 2626 732 2697 quinque
742 2627 942 2683 ecclesiastice
953 2628 1087 2684 Historiae

259 2708 313 2767 sub
325 2711 478 2769 Eleuthero
492 2727 572 2784 papa,
593 2715 715 2771 testibus
729 2717 900 2787 Hieronymo
913 2723 940 2772 et
951 2717 1084 2789 Eusebio,

260 2814 382 2872 quoram
396 2807 478 2860 atate
491 2805 660 2874 superstites
674 2804 764 2862 luisse
778 2807 852 2863 idem
865 2807 1007 2864 Eusebius
1018 2807 1087 2862 scri·

1145 1914 1243 1970 stremi
1257 1915 1400 1988 consules,
1417 1931 1488 1989 quos
1498 1918 1573 1973 idem
1584 1915 1737 1988 Catalogus
1750 1923 1881 1973 numerat
1895 1915 1944 1972 scd

1143 2003 1320 2075 Telesphori,
1333 2010 1401 2061 sunt
1413 2006 1544 2062 Caesarei
1556 2005 1693 2061 Balbinus
1705 2004 1850 2077 (Albinum
1864 2018 1931 2061 corr

1144 2093 1190 2159 pte
1207 2092 1333 2147 reddidit
1347 2094 1531 2149 amanuensis
1553 2106 1609 2151 una
1623 2094 1718 2148 littera
1733 2092 1946 2164 (1111111111

1143 2178 1175 2232 L.
1194 2181 1282 2234 AElius
1301 2179 1391 2235 Caesar
1409 2185 1437 2236 ll
1451 2187 1477 2236 et
1490 2184 1520 2235 P.
1546 2183 1643 2237 Caelius
1664 2182 1808 2244 balbinus,
1827 2182 1866 2236 lta
1883 2181 1942 2237 incl

1144 2267 1174 2322 in
1189 2268 1336 2325 Auximati
1359 2285 1499 2326 marmore
1519 2272 1593 2340 apud
1607 2273 1761 2327 Gruterum
1777 2268 1827 2326 fol.
1842 2283 1941 2324 ccccxi

1145 2354 1189 2429 lb,
1203 2357 1296 2427 posito
1308 2372 1336 2414 vx
1350 2359 1417 2415 ldus
1428 2360 1510 2415 tulii.
1525 2361 1581 2416 Hos
1596 2359 1730 2416 consules
1743 2360 1872 2430 proxime
1888 2373 1939 2415 exc

1144 2444 1229 2516 piant
1246 2447 1413 2504 Camerinus
1432 2453 1460 2504 et
1474 2449 1561 2520 Niger
1584 2449 1614 2503 in
1635 2448 1728 2505 Fastis
1748 2447 1943 2504 consularibn

1143 2541 1246 2604 quarto
1270 2536 1378 2592 Christi
1404 2536 1509 2594 seculo
1536 2536 1691 2607 descriptis
1714 2535 1851 2608 (adeoque
1875 2543 1943 2593 aetat

1141 2624 1268 2692 ejusdem
1288 2638 1353 2681 eum
1375 2627 1467 2696 priori
1483 2626 1627 2698 Catalogo)
1643 2630 1671 2681 11
1687 2640 1703 2681 1
1721 2625 1862 2681 bucherio
1880 2627 1946 2681 sim

1141 2713 1239 2784 editis,
1253 2713 1410 2770 illustratis
1420 2727 1509 2771 veroa
1519 2714 1596 2771 card.
1610 2714 1725 2771 Horisio
1737 2714 1892 2771 indissert.
1906 2729 1942 2784 po

1141 2801 1263 2870 epochas
1292 2803 1559 2874 syromacedonum.
1589 2804 1673 2859 Recte
1698 2802 1790 2873 igitur
1820 2809 1932 2872 ponunt

258 2888 303 2945 hit
317 2889 368 2946 lib.
385 2904 424 2960 xv,
440 2904 502 2961 cap.
518 2889 563 2946 11.
580 2894 621 2947 Ex
637 2893 739 2949 iisdem
758 2895 980 2952 Commentariis
994 2897 1086 2966 Hege-
1141 2892 1276 2959 postremi
1293 2893 1425 2948 consules
1434 2891 1606 2963 Telesphoro
1617 2891 1756 2962 assignati
1768 2891 1861 2947 AElius
1877 2892 1945 2947 dees

257 2978 346 3050 slppi,
357 2993 421 3035 cum
434 2980 488 3036 iste
502 2980 624 3038 fateatur
636 2984 720 3051 (Hice,
734 2986 805 3039 Heni,
821 2984 873 3041 111),
887 2999 926 3055 1V,
940 2999 1001 3055 cap,
1015 2984 1042 3057 8)
1055 2999 1084 3041 se
1139 2978 1169 3032 Π
1181 2983 1210 3034 11
1222 2981 1365 3044 balbinus,
1382 2987 1410 3036 11
1425 2981 1511 3052 primi
1527 2981 1637 3052 Hygino
1651 2980 1786 3036 attributi
1808 2981 1943 3035 Corneliae

256 3068 371 3124 dedisse
380 3068 527 3139 complura
538 3085 600 3141 quae
611 3071 789 3129 verissimam
800 3073 963 3143 apostolicae
975 3074 1083 3143 praedi-
1098 3068 1123 3133 G
1140 3072 1168 3122 11
1181 3070 1275 3137 Niger.
1293 3072 1403 3126 Rursus
1422 3069 1629 3125 confirmantur
1643 3083 1678 3125 ex
1691 3068 1761 3124 aliis
1776 3070 1945 3139 precedent

150 3148 152 3153 ⁴
256 3157 825 3231 cationishistoriamcomplectebantur,
837 3168 864 3217 11
875 3163 1083 3232 pracipaeca-
1140 3157 1937 3230 bnncollegiisinutroquecatalogorecensitiscumann

256 3245 393 3318 talogum,
417 3252 445 3302 11
466 3248 674 3304 successionem
700 3250 868 3319 pontificum
891 3253 1083 3309 homanorum
1141 3246 1357 3317 pontificum,et
1367 3246 1487 3316 pariatis
1498 3260 1563 3302 cum
1573 3247 1883 3316 annisimperatorum.
1896 3248 1946 3302 Na

256 3333 375 3406 colligat
393 3348 450 3391 non
475 3335 505 3391 in
527 3350 584 3392 uno
609 3337 670 3393 loco
691 3337 784 3407 (ibid,
807 3353 869 3409 cap.
892 3337 946 3413 12),
962 3354 1083 3413 arguere
1141 3342 1259 3407 uterquc
1269 3334 1420 3408 catalogus
1430 3336 1560 3408 assignat
1570 3336 1742 3407 Telesphoro
1755 3350 1845 3392 annos
1857 3337 1946 3407 episc

255 3434 407 3493 possumus
419 3422 598 3493 superfuisse
610 3428 788 3483 notariorum
800 3428 878 3498 hcta,
891 3430 1081 3499 exprimentia
1138 3430 1222 3495 patus
1244 3424 1389 3496 undecim,
1415 3430 1444 3480 el
1467 3439 1578 3482 menses
1601 3427 1810 3498 1111111111
1834 3426 1945 3496 proxim

255 3522 367 3579 nomen,
385 3510 517 3581 patriam,
535 3513 678 3583 regionem
694 3522 721 3571 et
735 3529 826 3572 annos
840 3516 922 3574 illius
936 3518 1082 3588 pontilicis
1136 3513 1280 3569 decessori
1304 3514 1395 3585 Xysto
1416 3528 1507 3572 annos
1526 3516 1633 3587 decem,
1655 3522 1683 3571 11
1705 3529 1814 3570 menses
1828 3515 1902 3570 duos
1922 3530 1946 3569 v:

254 3597 305 3668 qul
322 3599 459 3668 martyrio
473 3597 650 3654 afficiebatur
665 3621 673 3670 3
691 3609 823 3660 monente
837 3606 924 3661 etiam
939 3606 1082 3677 Cypriane
1137 3608 1195 3659 tres
1219 3622 1225 3658 ε
1251 3617 1373 3675 quorum
1398 3605 1438 3661 sit
1459 3605 1610 3662 exordium
1634 3604 1787 3676 collegium
1813 3603 1946 3659 consulu

255 3684 305 3740 lib.
319 3699 362 3756 111,
374 3686 496 3756 epistola
508 3684 534 3749 6,
546 3688 580 3742 ad
595 3688 775 3760 presbyteros
787 3693 963 3752 etdiaconos
975 3697 1082 3751 11111-
1136 3693 1219 3765 Nigri
1235 3698 1263 3749 11
1277 3693 1445 3766 Aproniani,
1464 3695 1529 3751 linis
1544 3709 1610 3751 vero
1621 3695 1700 3750 Coss,
1716 3695 1805 3748 Verus
1819 3696 1848 3747 et
1861 3692 1944 3747 hmh'

256 3786 307 3830 nos
321 3774 398 3843 data,
414 3780 446 3830 ut
461 3788 496 3830 ne
512 3775 676 3834 omitterent
694 3780 864 3852 consignare
886 3783 961 3840 diem
984 3783 1082 3840 obitus
1137 3780 1234 3838 halus.
1248 3782 1364 3839 Samma
1377 3785 1594 3851 episcopatuum
1605 3781 1690 3849 xysti
1701 3780 1903 3850 etTelespbori
1915 3781 1945 3837 a,

254 3876 353 3920 eorum
370 3865 420 3932 qui
438 3864 468 3918 in
483 3877 596 3921 carcere
615 3879 666 3937 pro
684 3866 799 3927 christe
818 3871 985 3930 aecedentes
1000 3877 1082 3930 erant
1135 3881 1228 3924 annos
1242 3882 1293 3923 xxx
1305 3875 1332 3924 11
1346 3882 1456 3924 menses
1469 3867 1585 3923 circiter
1595 3880 1652 3922 sex.
1667 3865 1813 3921 Adrianus
1825 3869 1855 3921 in
1871 3871 1946 3940 imp

256 3951 433 4022 martyribus
449 3954 628 4011 accensendi.
1136 3956 1181 4011 rio
1193 3957 1288 4027 exegit
1298 3970 1388 4011 annos
1401 3970 1440 4010 xx
1454 3963 1481 4011 et
1494 3968 1605 4010 menses
1616 3969 1657 4026 xi,
1673 3955 1762 4010 Dione
1776 3960 1847 4012 teste
1859 3957 1888 4012 in
1902 3959 1927 4028 ej

292 4038 335 4097 18.
351 4040 428 4111 Quin
440 4042 525 4099 etiam
542 4043 655 4102 loculus
670 4048 841 4118 sepulcralis
857 4062 912 4105 non
928 4061 993 4105 raro
1007 4063 1081 4106 con·
1136 4044 1219 4115 Vita3
1237 4044 1284 4101 cui
1299 4045 1410 4100 nummi
1425 4048 1454 4100 et
1467 4043 1577 4113 lapides
1590 4043 1795 4116 suffragantur,
1812 4046 1837 4101 si
1854 4048 1939 4104 Naris

256 4130 426 4203 signabatur
445 4131 493 4188 die
516 4138 544 4189 et
568 4148 643 4191 anno
666 4136 859 4207 depositionis
883 4137 1009 4194 indicata
1031 4152 1082 4208 per
1136 4133 1349 4190 observationes
1378 4131 1567 4189 adhibeamus
1590 4133 1681 4204 Epist.
1708 4134 1876 4190 Consularis
1899 4150 1946 4207 pa

255 4220 661 4294 consulesordlnarios3quod
671 4225 701 4280 in
711 4225 925 4296 privatisetiam
935 4224 1079 4297 tidelibus,
1135 4221 1180 4278 81.
1195 4222 1249 4277 Dio
1263 4227 1356 4278 autem
1371 4221 1460 4278 tradit
1472 4235 1502 4278 se
1514 4224 1659 4293 accepisse
1673 4236 1705 4279 ea
1719 4237 1781 4293 quar
1794 4223 1912 4293 scripsit
1928 4239 1945 4281 a

258 4324 309 4367 nec
324 4311 461 4382 martyrio
474 4310 594 4385 allectis,
609 4327 661 4371 nec
675 4314 833 4372 sacerdotio
849 4313 998 4386 insignitis
1013 4330 1082 4385 pas-
1136 4311 1310 4384 aproniano,
1324 4316 1403 4383 patre
1414 4325 1476 4384 suo,
1493 4312 1543 4384 qui
1557 4315 1626 4368 tunc
1638 4312 1743 4367 Chiciae
1755 4318 1884 4383 praeerat,
1897 4328 1946 4369 cu

256 4399 311 4457 sim
323 4400 538 4474 occurrit,dum
551 4402 893 4474 inspicimuscoemeteria
904 4399 1289 4482 suburbana,1)decedente
1317 4401 1442 4471 Traiano
1466 4401 1496 4457 in
1523 4401 1618 4456 eadem
1651 4399 1809 4471 provincia,
1841 4400 1929 4457 Adria

257 4493 285 4547 et
300 4490 403 4546 titulos
420 4490 543 4563 legimus
561 4493 605 4549 vel
622 4493 651 4547 in
673 4491 783 4562 cryptis
803 4494 969 4563 martyrum,
991 4493 1033 4549 vel
1051 4494 1081 4551 in
1136 4489 1264 4560 adoptio,
1276 4489 1468 4561 etimperium
1480 4487 1604 4544 factione
1616 4487 1734 4544 Plotinae
1746 4491 1929 4560 processit.Q

257 4578 344 4635 libris
366 4580 460 4637 homae
481 4581 682 4648 subterraneae,
706 4578 824 4635 cliossas
846 4579 912 4637 inde
927 4579 1040 4640 tabulas
1055 4589 1083 4640 et
1137 4578 1270 4635 consules
1281 4579 1372 4651 igitur
1382 4577 1499 4635 luerunt
1508 4576 1662 4648 ordinarii,
1676 4577 1797 4646 Traiano
1810 4577 1932 4634 decaden

180 4662 183 4667 ’
257 4669 426 4741 epigraphes
438 4668 671 4728 memorantibus.
682 4667 905 4726 Hinchsebius
916 4672 1083 4741 1111111Ιί1-
1136 4667 1286 4726 Selinunte
1307 4668 1355 4725 die
1378 4666 1411 4723 10
1431 4666 1554 4737 Augusti
1573 4664 1700 4737 (luerunt
1718 4673 1813 4722 autem
1833 4668 1945 4738 Niger

259 4773 406 4818 manorum
429 4760 594 4832 pontiacum
617 4756 702 4812 initia
716 4763 745 4813 et
759 4759 952 4817 successionis
970 4764 1082 4833 tenpus
1137 4756 1329 4829 Apronianus,
1346 4756 1921 4827 1111111111111111111111,
1939 4778 1946 4805 ι

260 4848 401 4922 nnenqne
421 4847 550 4905 conterre
571 4858 636 4901 cum
658 4846 743 4904 annis
766 4848 971 4920 imperatorum
995 4854 1080 4923 (qnod
1138 4846 1273 4904 historici
1285 4860 1349 4904 cum
1362 4845 1471 4917 Dione),
1485 4845 1597 4901 eosdem
1613 4845 1750 4901 incidisse
1761 4844 1946 4902 latendume

258 4933 764 5010 111111111111111111111111111,
777 4940 949 5011 1111111111
959 4941 1082 5013 quisque
1139 4935 1169 4990 in
1184 4938 1333 4993 exordium
1349 4935 1442 5006 xysti.
1460 4934 1584 5005 Uterque
1596 4940 1690 4990 autem
1704 4933 1851 5006 catalogus
1867 4935 1941 5005 pari

259 5026 353 5086 iuerat
371 5027 405 5083 ad
429 5024 555 5096 regimen
580 5025 714 5082 Ecclesia
735 5029 951 5097 capessendum,
975 5036 1003 5087 et
1025 5045 1082 5100 quo
1139 5025 1258 5084 initium
1281 5024 1365 5095 xysti
1388 5038 1453 5080 cum
1479 5022 1581 5079 iisdem
1605 5023 1681 5078 Coss.
1707 5022 1795 5094 Nigro
1819 5024 1938 5079 ethni

259 5115 450 5175 sacerdotium
465 5127 498 5170 ac
512 5115 599 5170 vitam
614 5115 783 5185 expleverat.
801 5118 967 5188 Exemplum
981 5120 1083 5177 demus
1137 5121 1233 5176 niano.
1252 5113 1367 5170 bacino
1381 5117 1475 5168 autem
1491 5110 1526 5168 ab
1542 5111 1604 5167 illis
1618 5111 1679 5168 loco
1700 5112 1916 5182 subsequuntur
1932 5113 1942 5168 i

260 5208 291 5263 in
305 5202 476 5274 Telesphoro
490 5207 518 5257 11
531 5203 650 5273 Hygino.
666 5203 775 5259 Scribit
787 5205 929 5262 Eusebius
941 5207 1013 5264 Hist.
1029 5208 1080 5266 lib.
1138 5207 1223 5265 fastis
1232 5207 1321 5261 verns
1331 5207 1359 5258 11
1369 5201 1552 5270 hmhihulus,
1565 5216 1637 5272 quos
1648 5202 1755 5271 pariter
1764 5205 1874 5271 aquata
1886 5202 1943 5258 rati

260 5310 299 5366 11,
320 5306 381 5365 cap.
404 5289 602 5349 1111111111
624 5291 751 5346 Admana
770 5294 827 5347 vito
845 5297 1001 5363 perfaceto,
1022 5314 1082 5353 eum
1137 5309 1277 5353 antrorum
1294 5293 1426 5350 undecim
1441 5291 1532 5363 Xysto
1548 5292 1759 5363 assignatorum
1774 5290 1938 5347 ostendite

259 5400 345 5439 unum
359 5386 385 5438 et
397 5381 497 5449 uiginti
511 5394 597 5433 annos
615 5381 783 5449 imperasset,
803 5381 962 5438 Antoninus
980 5400 1083 5454 cogno-
1137 5383 1285 5457 spondere.
1299 5384 1462 5439 consensus
1473 5381 1571 5452 itaque
1581 5394 1698 5438 summae
1708 5392 1847 5435 annorum
1860 5386 1917 5435 tam
1929 5380 1939 5436 i

259 5476 347 5530 mento
367 5472 434 5526 Pius
455 5468 721 5525 administrationem
740 5472 850 5542 imperii
867 5475 993 5547 suscepit.
1017 5476 1082 5532 Hu—
1137 5472 1258 5546 imperio
1274 5473 1437 5546 principum
1458 5484 1543 5544 quam
1564 5471 1594 5527 in
1609 5471 1775 5542 episcopatu
1791 5467 1946 5540 pontillcu

255 5565 306 5634 jus
330 5573 404 5614 anno
424 5559 513 5630 prino
536 5571 597 5614 urm
624 5558 799 5630 Telemborus
821 5562 967 5634 migrasset
987 5581 1001 5621 e
1023 5568 1082 5623 uita
1136 5566 1328 5623 Romanorum
1344 5559 1517 5633 respondens
1533 5556 1682 5617 laterculis
1702 5556 1853 5615 consulam
1875 5561 1936 5616 1111
