3892 6136
148 271 185 334 35
546 244 598 320 ’40
615 259 833 319 4444444404
852 258 1109 319 4044004444
1133 262 1224 320 sum.
1244 262 1451 323 nom-vanc.
1812 267 1854 327 ao

150 415 163 448 4
184 395 219 454 ad
241 392 366 452 eamdem
382 386 514 460 pagiuam
529 383 574 457 53,
597 388 666 442 sunt
679 384 822 442 variantes
837 383 1013 446 lectionesA
1027 383 1089 450 dos,
1106 386 1156 458 qui
1170 400 1243 458 opus
1256 388 1452 447 Anastasianas
1459 389 1640 448 collectionis
1654 389 1790 463 pluribus
1804 406 1855 448 44-

149 504 163 536 4
184 482 285 557 optimi
301 476 411 537 codicis
429 474 620 546 manuscripti
633 474 792 532 Florentini
808 487 843 529 ex
863 473 974 530 biblio-
1027 474 1103 531 culis
1117 483 1333 546 praecesserunt.

149 594 163 627 »
183 574 265 630 theca
283 572 440 626 conventus
463 565 491 622 S.
508 565 606 622 444404.
630 564 698 621 inde
711 565 814 637 pagina
835 560 871 620 54
896 563 975 618 inci·
1062 561 1088 620 4.
1109 565 1179 622 Cum
1196 567 1425 639 igiturviderem
1440 570 1553 640 excerpi
1575 584 1657 641 posse
1672 570 1707 627 ab
1724 571 1851 627 44444444-

148 681 163 717 r
183 663 268 736 pluut
284 658 453 716 collationes
474 670 526 712 ms.
550 653 717 710 Farnesiani
740 653 842 725 scripti
867 652 974 709 litteris
1028 655 1183 712 sertatione
1195 670 1228 712 ea
1241 671 1306 729 quae
1318 658 1435 716 librum
1454 658 1649 716 Pontibcalem
1663 662 1792 731 pressius
1812 666 1852 716 at·

147 770 163 805 a
183 748 364 822 majusculis,
382 761 438 820 quo
465 743 541 801 nihil
560 744 712 815 antiquius
733 747 844 799 exstare
859 746 927 812 puto
943 742 972 797 in
1028 742 1154 816 tingunt,
1170 751 1198 802 et
1212 747 1425 816 praestantibus,
1440 763 1503 819 quae
1513 753 1677 821 supersunt,
1692 749 1851 806 observatis

147 859 161 894 a
182 840 237 897 hoo
253 851 364 911 genere,
379 841 407 893 et
419 836 508 892 codex
524 834 599 890 haud
614 832 703 889 dubie
715 837 781 889 aute
795 836 893 888 uatum
904 831 974 887 hna-
1028 832 1167 890 llolstenii
1183 836 1250 892 addi
1268 850 1324 893 non
1341 850 1430 907 pauca
1446 851 1539 908 posse,
1555 853 1618 910 qua
1635 844 1710 895 recte
1724 854 1772 910 per
1786 852 1850 894 curn

147 948 161 981 4
181 929 304 987 stasium
320 926 448 996 scriptus
460 923 527 994 luit,
543 923 587 980 rel
599 922 698 979 saitem
720 934 753 978 eo
774 928 900 992 tempore
916 933 973 993 quo
1027 924 1185 980 constituta
1202 925 1370 982 confirment
1385 927 1486 998 magis,
1499 931 1528 984 el
1546 928 1668 985 vitarum
1685 927 1850 997 hujusmodi

146 1019 244 1091 »lpse
257 1016 430 1074 Anastasius
445 1013 526 1071 vixit.
547 1015 581 1068 Et
595 1011 663 1083 quia
678 1011 846 1068 collationes
865 1010 974 1065 Farne-
1028 1009 1190 1084 historiam,
1216 1013 1347 1085 criticen,
1385 1028 1418 1071 ao
1444 1017 1613 1073 documenta
1648 1017 1850 1087 propemodum

146 1127 159 1159 4
180 1108 256 1165 siaul
271 1105 381 1163 codicis
397 1103 487 1159 minio
505 1100 619 1171 scripta
640 1104 708 1156 sunt
728 1099 867 1170 usquead
888 1099 973 1170 pogi—
1026 1102 1179 1169 praesentia
1205 1102 1335 1174 reddant,
1360 1102 1607 1176 acdemonstrata,
1626 1119 1681 1162 nou
1705 1105 1851 1161 inutiliter

147 1214 161 1248 a
182 1200 247 1253 nam
266 1192 312 1267 63,
329 1194 437 1250 hocest
452 1189 591 1262 usquead
608 1187 786 1246 Bonilacium
803 1189 846 1257 444,
864 1188 972 1243 idcirco
1026 1201 1070 1244 me
1082 1188 1318 1250 adlaboraturum
1338 1193 1460 1264 speravi,
1478 1193 1503 1249 si
1516 1194 1714 1250 contraherem
1738 1194 1849 1263 potiora

146 1303 160 1336 n
181 1285 216 1343 ad
236 1282 474 1355 distinguendum
491 1279 623 1336 codicum
638 1277 817 1334 diversorum
835 1274 972 1333 lectiones
1025 1275 1061 1331 ab
1072 1277 1174 1334 iisdem
1188 1280 1381 1350 scriptoribus
1391 1280 1487 1339 fusius
1503 1286 1656 1353 petractata
1674 1287 1701 1338 et
1715 1280 1847 1352 probata:

145 1393 159 1428 a
180 1386 270 1446 apag.
287 1369 323 1429 54
333 1385 425 1443 usque
439 1370 473 1426 ad
490 1367 524 1425 63
539 1367 707 1424 collationes
721 1366 835 1423 Codicis
851 1364 973 1421 440444-
1025 1377 1115 1436 eaque
1127 1369 1264 1425 nectendo
1280 1370 1413 1442 invicem,
1429 1376 1457 1428 et
1471 1371 1658 1428 inosculando
1673 1384 1736 1427 cum
1751 1383 1851 1425 recen-

146 1480 160 1514 »
181 1461 237 1519 tini
249 1466 409 1518 atramento
424 1456 715 1529 notanttndeapag.
728 1453 763 1512 63
776 1468 866 1526 usque
878 1454 913 1509 ad
923 1449 968 1524 74,
1025 1453 1105 1510 tibus
1128 1455 1296 1530 observatis,
1316 1459 1468 1517 delinitum
1495 1460 1685 1532 undequaque
1705 1459 1849 1528 judicium

145 1567 159 1601 4
180 1549 214 1608 ad
228 1549 321 1607 Vitam
334 1549 361 1605 S.
376 1547 511 1621 Eugenii,
522 1545 700 1602 Farnesianae
715 1543 883 1602 collationes
897 1545 971 1598 atra·
1024 1541 1130 1599 4444444
1142 1549 1298 1626 satagerem
1316 1549 1352 1605 de
1370 1550 1492 1620 origine,
1508 1549 1703 1617 incrementis,
1725 1562 1790 1618 usu,
1804 1547 1850 1603 do·

144 1657 158 1691 n
180 1642 286 1710 mento,
311 1637 483 1695 Florentinae
502 1636 593 1692 minio
618 1637 721 1691 notata
736 1638 813 1689 sunt.
828 1634 933 1688 lterum
953 1643 969 1685 a
1023 1632 1176 1704 sumentis,
1191 1641 1220 1691 et
1234 1637 1399 1706 praestantia
1415 1637 1502 1707 hujus
1512 1637 1578 1692 libr
1600 1638 1777 1706 1444444444.

145 1724 295 1800 »pagis
316 1726 457 1798 usquead
482 1724 613 1797 pagiuam
637 1717 697 1792 tot,
715 1721 765 1779 ubi
787 1720 890 1791 incipit
905 1695 1008 1774 VitaB
1057 1718 1085 1776 5.
1114 1723 1227 1778 Librum
1252 1727 1435 1797 Pontificalcm
1462 1726 1537 1782 hune
1560 1725 1734 1797 appellatum
1758 1717 1859 1779 luisse

145 1817 322 1873 »zachariae
346 1818 411 1887 Pe,
435 1814 606 1871 Farnesiana
630 1813 722 1868 minio
754 1809 969 1867 Florentiniana
1023 1815 1088 1866 ante
1100 1812 1207 1869 velseri
1222 1815 1386 1886 editionem,
1402 1814 1452 1887 qui
1473 1815 1674 1885 complectitur
1688 1814 1767 1868 Vitas
1783 1826 1849 1883 pon-

144 1909 338 1964 »atramento
360 1903 464 1961 collata
479 1906 555 1959 sunt.
572 1904 639 1973 Pag.
666 1897 726 1956 toi.
747 1900 811 1956 Vita
827 1898 969 1955 Zacharia
1023 1899 1133 1957 titloum
1161 1903 1352 1960 Romanorum
1374 1918 1389 1959 a
1414 1906 1441 1960 s.
1463 1906 1545 1961 Petro
1566 1905 1600 1960 ad
1622 1901 1771 1960 Nicolaum
1786 1901 1849 1971 pri-

145 1993 210 2049 444
223 1992 396 2049 Farnesiano
413 1990 595 2047 desideratur
608 1988 782 2045 collationes
801 1987 970 2042 exliloren·
1024 2003 1112 2061 mum,
1136 2004 1235 2049 omnes
1256 1995 1451 2051 consentiunt.
1479 1993 1631 2051 anastasio
1658 1992 1796 2049 monacho
1819 1992 1847 2045 s.

144 2098 158 2132 n
180 2079 243 2136 4440
258 2080 357 2136 codice
377 2080 468 2135 minio
483 2082 586 2135 notata
601 2081 669 2134 sunt
683 2076 820 2149 usquead
836 2077 968 2148 paginam
1020 2079 1056 2134 ’44.
1068 2080 1099 2133 E.
1116 2078 1340 2138 Bibliothecario
1353 2083 1465 2152 primus
1480 2083 1613 2139 velserus
1630 2080 1775 2149 attribuit,
1792 2080 1850 2134 644-

145 2185 159 2219 »
180 2162 242 2237 445,
257 2165 307 2222 obi
325 2165 519 2221 Farnesianus
537 2165 641 2220 iterum
662 2165 775 2234 incipit.
795 2164 848 2220 Ubi
865 2165 968 2222 iterum
1024 2166 1170 2237 larminio,
1190 2174 1219 2224 et
1239 2170 1377 2227 l‘anrinio
1399 2170 1648 2228 consentientibus
1666 2170 1739 2225 citro
1761 2169 1847 2225 ullam

144 2276 159 2308 4
179 2255 350 2313 Florentium
361 2253 497 2310 lectiones
507 2257 665 2310 atramento
678 2258 815 2309 uotautur
830 2268 921 2323 usque
933 2255 967 2309 ad
1023 2257 1125 2312 asserti
1151 2257 1300 2313 rationem.
1326 2259 1466 2315 Baronius
1482 2259 1644 2315 intercessit
1657 2258 1848 2327 praejudicatae

144 2366 158 2398 ι
178 2346 312 2419 pagiuam
328 2342 388 2412 436,
404 2343 470 2411 iude
485 2341 572 2399 rubro
592 2341 727 2411 usquead
749 2341 871 2395 mediam
894 2342 971 2413 pagi·
1023 2343 1154 2412 opinioni
1179 2344 1298 2415 Velseri,
1313 2349 1340 2400 et
1365 2345 1545 2402 collectorem
1568 2347 1762 2416 potiusquam
1778 2346 1848 2400 scri·

144 2431 317 2492 »uamlss
343 2433 410 2489 lude
432 2432 508 2488 enim
534 2432 637 2487 iterum
650 2433 810 2486 atramento
832 2432 970 2485 notantur
1023 2435 1132 2499 piorem
1157 2432 1321 2488 earumdem
1334 2433 1463 2490 vitarum
1480 2439 1545 2490 ante
1565 2434 1723 2490 adrianum
1738 2433 1847 2490 444644-

144 2542 158 2576 »
179 2524 319 2596 usquead
334 2521 509 2594 principium
523 2520 633 2593 paginae
648 2514 709 2589 443,
725 2531 789 2574 nam
801 2517 866 2573 inde
878 2531 968 2589 usque
1023 2519 1111 2575 mavit
1124 2518 1283 2576 habendum
1299 2521 1552 2579 essehnastaslum
1565 2522 1714 2594 (Boronius
1729 2523 1766 2576 nd
1780 2539 1845 2576 444.

143 2631 157 2665 a
178 2615 212 2671 ad
236 2613 366 2686 paginam
394 2608 446 2668 t58
460 2609 618 2666 Florentiui
641 2608 752 2664 codicis
772 2607 908 2665 lectiones
923 2607 969 2663 si·
1020 2601 1083 2676 864,
1097 2623 1126 2662 n.
1151 2605 1229 2674 l393:
1251 2609 1299 2666 cui
1320 2611 1469 2666 sententiae
1490 2611 1656 2667 llolstenius
1678 2610 1846 2672 subscribit.

143 2721 157 2756 a
177 2707 301 2776 gnautur
312 2701 410 2767 rubro,
425 2704 511 2770 atque
527 2699 568 2755 ibi
585 2699 614 2754 in
637 2698 702 2754 Vita
715 2696 835 2753 Adriani
849 2696 966 2752 desinit.
1021 2697 1127 2750 etcum
1150 2708 1183 2751 eo
1198 2696 1428 2769 schelestratius,
1453 2698 1596 2768 triplicem
1612 2712 1726 2755 causam
1750 2698 1848 2769 prole-

142 2809 156 2843 4
177 2790 269 2848 Habui
287 2790 392 2847 deiude
406 2788 496 2845 alium
508 2787 634 2845 codicem
651 2786 879 2857 manuscriptum
893 2788 968 2841 Lon·
1023 2797 1088 2841 rens
1105 2784 1144 2840 ita
1163 2786 1307 2843 sentiendi
1321 2785 1421 2858 (Schel.
1438 2788 1504 2842 diss.
1518 2785 1545 2851 3,
1568 2805 1628 2858 cop,
1648 2786 1675 2855 i,
1687 2806 1715 2843 n.
1734 2785 1771 2860 l).

142 2898 156 2932 n
176 2879 363 2953 gobardicum
374 2877 622 2949 antiquissimum,
639 2889 673 2932 en
682 2875 779 2932 eadem
793 2873 968 2930 bibliotheca
1057 2873 1083 2929 6.
1117 2874 1211 2931 Prima
1235 2877 1328 2945 posita
1350 2880 1393 2932 est
1418 2877 1446 2932 in
1476 2877 1641 2933 testimonio
1661 2879 1846 2948 scriptorum,

142 2989 156 3022 4
176 2974 334 3028 conventus
354 2970 382 3025 S.
403 2967 502 3038 Marci,
528 2968 619 3023 multo
643 2965 826 3022 vetustiorem
852 2964 963 3034 priore:
1023 2961 1082 3018 rita
1096 2961 1261 3020 iunctorum
1274 2965 1546 3036 antehnastasium,
1564 2967 1614 3038 qui
1630 2966 1736 3022 diserte
1752 2966 1848 3036 prole-

141 3076 155 3111 »
174 3059 237 3130 elus
252 3058 390 3116 lectiones
400 3061 558 3114 atramento
576 3054 689 3125 notavi3
707 3054 757 3112 ubi
775 3068 840 3110 oum
860 3047 1005 3112 Fame-G
1023 3055 1091 3108 4444
1118 3053 1230 3107 Libro-m
1257 3053 1398 3108 Gestorum
1425 3055 1652 3124 Pontificolinn:
1681 3069 1752 3127 quos
1774 3056 1849 3111 inter

141 3166 155 3200 ι
175 3147 258 3205 siano
273 3152 301 3205 et
311 3147 476 3204 Florentino
490 3146 655 3216 lconveuil,
670 3144 808 3201 lectiones
822 3143 967 3199 dictorum
1022 3140 1105 3212 Beda,
1128 3141 1233 3198 saeculo
1254 3142 1364 3214 integro
1385 3143 1546 3212 praecedens
1560 3147 1671 3199 atatem
1690 3144 1845 3200 anastasii.

140 3237 307 3295 »codicum
332 3236 408 3293 44444
423 3235 506 3308 nigra
523 3234 659 3306 subduxi,
685 3248 740 3307 qua
763 3233 851 3304 hujus
864 3231 966 3303 optimi
1020 3227 1080 3285 hlii
1101 3244 1165 3288 vero
1187 3231 1343 3301 scriptores
1363 3236 1459 3302 postea
1480 3233 1603 3288 insecuti
1630 3232 1707 3288 hunc
1729 3231 1846 3305 librum,

140 3326 286 3383 »codicis
313 3338 472 3382 consensus
501 3328 646 3381 notatur:
669 3324 718 3380 sed
744 3323 793 3380 ubi
823 3322 968 3393 peculiare
1021 3319 1207 3389 Pontificolcm
1235 3324 1391 3383 occentet
1414 3320 1495 3376 Geato
1526 3323 1708 3376 llomonorum
1730 3323 1848 3391 Pontifi-

140 3431 154 3465 ι
175 3413 246 3486 quid
262 3413 357 3481 habet,
377 3418 536 3470 atramento
556 3412 680 3484 signavi,
694 3412 826 3483 apposita
846 3416 913 3470 nota
924 3410 966 3467 34.
1021 3423 1081 3463 444
1092 3427 1102 3475 ,·
1114 3422 1261 3481 nunquam
1275 3424 1340 3466 vero
1352 3409 1620 3480 appellanthclrwn
1630 3412 1783 3466 Anastasia.
1795 3411 1848 3466 hl-

141 3524 154 3556 »
173 3501 201 3576 s,
218 3504 272 3561 hoc
281 3507 326 3560 est
341 3501 525 3558 Florentiuus
537 3502 625 3557 codex
639 3500 667 3558 s.
679 3502 793 3558 Desinit
807 3508 901 3558 autem
915 3514 968 3558 co·
1021 3502 1080 3553 tera
1095 3499 1168 3554 ratio
1178 3498 1339 3554 duciturex
1352 3504 1434 3554 aetate
1444 3498 1585 3568 codicum,
1596 3499 1743 3556 observata
1755 3513 1771 3555 4
1782 3498 1848 3554 Lab

140 3609 154 3644 4
174 3592 229 3649 dex
250 3591 305 3647 4444
329 3589 359 3645 44
374 3590 465 3645 Leone
484 3589 519 3657 ll,
542 3599 604 3657 pag.
619 3585 672 3657 803
695 3592 829 3658 praeterea
844 3587 966 3644 mutilus
1020 3583 1111 3642 beoet
1123 3586 1280 3657 lambecio,
1295 3587 1447 3657 judicibus
1461 3588 1579 3658 optimis
1591 3588 1741 3658 scriptura
1754 3588 1848 3645 libro-

140 3699 154 3731 »
174 3685 218 3737 est
233 3691 249 3733 4
262 3692 325 3748 pag.
343 3673 377 3731 44
397 3689 488 3745 usque
506 3673 539 3730 ad
562 3688 624 3745 pag.
649 3673 692 3730 58.
707 3676 777 3733 Cum
801 3676 854 3733 hoc
869 3676 967 3734 codice
1021 3689 1095 3731 rum.
1109 3675 1236 3732 labbeus
1248 3675 1323 3732 libro
1333 3676 1368 3732 de
1385 3676 1583 3748 scriptoribus
1594 3678 1624 3733 44
1642 3680 1757 3732 bonoso
1768 3677 1847 3733 4464-

140 3786 154 3821 4
175 3764 342 3823 Florentino
368 3761 395 3833 3,
420 3764 451 3819 iu
473 3762 608 3818 omnibus
629 3761 717 3818 ferme
738 3768 881 3820 consentit
902 3769 980 3824 cod.
1021 3763 1281 3837 mat,hnastasium
1294 3768 1846 3836 4044044444444404044440440444444·

138 3875 152 3910 a
172 3856 264 3914 ilatio.
278 3849 359 3916 5469,
376 3852 427 3924 qui
438 3850 548 3907 desinit
565 3851 595 3906 in
607 3850 746 3921 Gregorio
762 3853 794 3906 il.
810 3852 901 3923 liujus
914 3867 966 3912 co-
1021 3851 1073 3923 tis,
1091 3852 1199 3924 inquit,
1217 3855 1333 3908 0440444
1357 3855 1575 3922 manuscriptum
1600 3854 1718 3909 codicem
1740 3857 1847 3923 optirnae

138 3964 153 3998 n
172 3944 249 4002 dicis
262 3938 512 4000 notaesnntvatic.
529 3938 632 3995 hlinor.
648 3938 692 3995 vel
706 3939 738 3994 V.
752 3940 789 3994 Μ.
807 3958 821 3991 n
1019 3945 1097 4014 notae,
1114 3946 1230 4012 tempore
1253 3942 1345 3998 604044
1360 3942 1457 4010 Muqnt'
1479 3945 1632 4009 44040404,
1648 3945 1685 4014 ,in
1708 3959 1761 4013 quo
1783 3946 1847 3999 cita

172 4030 200 4090 3.
215 4032 281 4088 llaec
302 4030 400 4101 itaque
425 4042 490 4085 cum
504 4041 556 4101 ego
576 4027 697 4084 seutiam
712 4027 748 4084 tle
771 4027 912 4085 Holstenii
936 4035 964 4088 el
1018 4031 1073 4086 itlae
1090 4033 1207 4086 Damaso
1226 4030 1288 4100 jons
1308 4031 1501 4086 tribuebantur
1521 4036 1668 4101 ontepuoru
1690 4036 1740 4087 out
1762 4038 1846 4089 404444

136 4120 316 4179 schelstratii
339 4117 489 4175 laboribus
502 4117 585 4190 plane
600 4117 790 4191 admirandis,
808 4119 964 4191 limatoque
1018 4123 1086 4174 esset
1099 4120 1277 4184 Anastasius,
1294 4124 1344 4175 out
1356 4120 1453 4175 saltem
1475 4136 1509 4175 44
1519 4123 1624 4191 prioris
1637 4123 1767 4190 inscrnttae
1784 4139 1847 4177 crc-

89 4276 91 4280 ,
134 4210 247 4283 judicio
264 4210 341 4266 circa
364 4208 481 4265 Librum
504 4207 699 4264 Pontihoalem
719 4207 754 4263 ab
777 4208 820 4264 eis
842 4208 961 4281 prolato,
1016 4208 1130 4276 pundiis
1145 4212 1304 4264 4404444404.
1321 4208 1488 4266 Lambeoius
1505 4207 1713 4267 indic-stallum
1726 4211 1845 4281 pracla-

137 4302 232 4357 actum
260 4311 344 4371 agere
368 4297 489 4354 tortasse
510 4309 616 4368 arguar
642 4310 742 4353 novam
768 4296 962 4368 praelationem
1018 4309 1081 4352 rum
1096 4295 1429 4367 codicem,adLudorici
1444 4297 1627 4368 Piitempora
1643 4298 1842 4369 pertinentem,

135 4390 284 4459 attenuas,
304 4391 333 4443 et
349 4386 468 4443 videbor
487 4389 630 4443 hectorem
652 4399 708 4443 nou
729 4386 852 4443 relevare
868 4387 1002 4470 medi-D
1017 4385 1067 4456 qui
1082 4387 1163 4442 Vitas
1177 4386 1348 4443 Pontihoum
1375 4387 1566 4443 Romanorum
1588 4386 1700 4443 claudit
1725 4388 1754 4442 ln
1779 4389 1846 4444 sle-

135 4477 205 4535 latis
218 4476 561 4548 prestantiumnrorum,
574 4477 622 4532 sed
637 4474 794 4532 inutilibus
808 4476 878 4532 meis
889 4490 965 4544 ouer
1017 4475 1111 4546 phano
1119 4477 1152 4546 ll,
1166 4474 1281 4531 aliisill
1292 4475 1382 4533 dicto.
1397 4475 1489 4545 Hujus
1501 4479 1597 4531 444044
1609 4475 1712 4533 4440440
1722 4477 1802 4532 cadit
1814 4479 1843 4532 in

135 4577 215 4636 rare,
232 4563 257 4620 si
279 4563 409 4620 differam
423 4564 452 4620 44
464 4569 572 4621 tomum
586 4569 717 4620 notarum
729 4562 833 4620 4444444
845 4564 961 4622 Disser-
1015 4578 1121 4622 aunum
1138 4560 1202 4636 754,
1214 4564 1312 4622 obitus
1334 4564 1364 4619 44
1378 4558 1441 4618 757.
1465 4563 1686 4621 schelestratius
1712 4567 1845 4636 producit

135 4653 272 4711 lationem
289 4654 427 4725 integram
446 4651 653 4723 schelestratii,
671 4653 788 4710 ethanc
810 4653 960 4712 obtrudam
1015 4657 1073 4710 tres
1100 4653 1174 4709 alios
1206 4653 1329 4724 codices,
1353 4649 1525 4709 Vaticanum
1553 4650 1634 4725 6466,
1665 4654 1843 4711 desinentem

135 4744 247 4803 utinam
264 4757 320 4802 non
335 4742 563 4814 improbandam.
1014 4755 1080 4797 cum
1095 4741 1161 4799 Vita
1169 4743 1196 4798 S.
1211 4740 1345 4815 Gregorii
1358 4740 1392 4812 ll,
1406 4741 1456 4811 qui
1471 4741 1639 4803 obiitannis
1649 4750 1763 4800 centum
1777 4748 1843 4800 ante

169 4834 381 4895 abstinuissem
397 4832 499 4905 utique
513 4844 529 4888 a
545 4830 770 4901 pertractatione
785 4833 959 4906 argumenti,
1014 4828 1225 4905 anastasium,
1250 4830 1369 4903 Regium
1398 4829 1564 4905 Christiuae,
1593 4836 1622 4890 et
1645 4832 1843 4891 Florentinum

135 4920 205 4977 adeo
219 4920 342 4980 444404444
353 4923 454 4981 tentati
469 4927 497 4979 44
516 4920 640 4993 promoti
657 4935 706 4993 per
721 4925 815 4980 tantos
827 4922 916 4990 siros,
934 4918 959 4973 si
1014 4917 1042 4973 S.
1066 4921 1165 4986 liaroi,
1188 4935 1309 4996 quorum
1335 4925 1458 4994 uterque
1477 4921 1586 4979 desinit
1614 4922 1644 4978 ln
1669 4922 1797 4981 Adriano
1821 4927 1842 4993 l,

134 5006 170 5064 ad
186 5019 238 5063 nos
251 5006 360 5078 integra
377 5012 571 5080 pervenissent
585 5010 727 5069 llolstenii
748 5008 894 5075 meditata,
910 5019 961 5060 nec
1016 5010 1141 5068 nondum
1155 5017 1222 5070 nato
1234 5012 1405 5069 Anastasio:
1417 5013 1580 5083 Esquilio,
1597 5010 1705 5082 inquit,
1717 5015 1786 5068 sotis
1800 5027 1843 5067 sn-

136 5100 307 5170 praematura
321 5095 384 5162 elus
403 5106 492 5157 morte
515 5100 650 5170 subrepta
672 5098 798 5155 luissent
812 5093 960 5163 conplura
1012 5114 1114 5170 perque
1130 5105 1245 5174 constet,
1260 5101 1375 5158 Librum
1395 5100 1578 5171 Pontificolem
1599 5099 1750 5156 Anastasio
1764 5102 1842 5155 onti-

134 5199 199 5258 quae
213 5184 239 5242 ls
255 5184 359 5242 addere
370 5195 566 5261 proposuerat,
576 5189 620 5245 uti
630 5183 852 5242 Schelestratius
864 5183 960 5242 obser·
1012 5191 1134 5260 quierem
1148 5206 1223 5247 esse.-
1238 5190 1360 5262 adeoque
1374 5191 1453 5246 illurn
1465 5191 1546 5244 istius
1562 5188 1629 5243 libri
1640 5193 1776 5245 auctorem
1786 5203 1842 5244 4444

134 5276 198 5346 vat,
211 5276 262 5331 444
273 5275 299 5332 44
314 5272 401 5342 huius
411 5273 565 5343 scriptoris
579 5273 699 5333 secundi
711 5272 884 5329 Dissertatio
900 5279 959 5334 tota
1011 5294 1067 5335 non
1077 5295 1168 5352 posse.
1183 5279 1308 5337 Tertiam
1321 5278 1460 5336 rationem
1476 5276 1620 5350 colligunt
1635 5277 1801 5335 llolsteuius
1813 5283 1842 5332 et

133 5365 169 5424 do
181 5363 334 5421 hnasbsio
352 5360 434 5434 ioret,
456 5375 519 5434 qua
536 5365 678 5436 praecipue
692 5363 856 5433 conscripta
866 5370 908 5421 est
920 5369 957 5423 De
1011 5368 1231 5427 schelestratius
1245 5382 1280 5426 ex
1301 5367 1469 5425 diversitate
1485 5366 1564 5437 styli,
1585 5382 1648 5439 quae
1671 5364 1841 5422 observatur

131 5454 265 5525 Antiquis
277 5455 459 5510 homanorum
477 5452 638 5521 Pontificum
653 5452 800 5520 Gatotogis,
818 5455 846 5510 et
862 5456 957 5527 capita
1012 5458 1042 5517 44
1054 5458 1130 5517 vltis
1141 5468 1339 5513 successorum
1354 5455 1381 5512 s.
1396 5455 1530 5530 Gregorii
1547 5458 1637 5524 tertii,
1655 5454 1770 5512 scilicet
1786 5458 1841 5512 Za-

134 5541 274 5604 uounulla
287 5543 425 5616 continet,
442 5540 520 5600 edita
534 5540 569 5598 ad
584 5553 633 5600 eos
649 5539 790 5610 64444044
802 5542 955 5606 illustran—
1010 5546 1116 5607 charla
1137 5549 1166 5604 et
1187 5542 1426 5618 subsequentium
1445 5563 1454 5618 ς
1478 5560 1544 5604 cum
1563 5544 1747 5619 precedentes
1770 5547 1841 5604 Vita
