3892 6136
113 274 168 335 loa
511 274 558 332 AD
576 274 793 335 salsensium
812 277 1068 338 PROLEGOHBNA
1083 278 1176 340 EDlT.
1196 280 1412 340 nom-vmc.
1762 276 1809 340 ’444

135 401 213 456 Anni
250 400 438 472 lmpeiotores,
487 401 614 456 Consules
654 403 789 457 domunc-
820 403 898 458 Anni
947 401 977 460 A
1023 402 1102 459 Anni
1135 405 1362 473 Ciristiunonnn,
1389 404 1545 459 ludaeorum
1570 403 1670 471 ellini-
1702 400 1781 456 Anni

135 474 196 528 Per.
284 490 356 538 run,
369 491 412 530 res
430 479 521 544 gestae,
536 478 561 528 et
583 474 753 529 documento.
822 476 853 529 U.
870 474 899 530 d.
1010 475 1116 546 Olump.
1177 480 1302 530 timorum
1318 478 1490 546 populorum,
1516 476 1669 541 Pontiltces,
1709 475 1781 528 AErae

118 544 212 598 latet
801 551 865 600 ente
880 552 905 601 et
1178 549 1325 617 depresses
1346 552 1427 615 peste
1449 552 1474 601 et
1488 547 1662 600 documento.
1692 542 1809 602 citasti.

133 614 197 670 ind.
779 617 912 688 postPol.
952 647 954 651 ν

257 791 310 848 cap
327 773 352 847 4,
370 782 403 835 ut
422 779 610 849 imposterum
631 777 796 850 ubicunque

256 869 326 925 dcta
341 868 536 925 coniciuntur
549 868 603 925 boc
619 868 702 925 modo
718 868 797 925 inci-

258 971 324 1028 pere
338 957 459 1014 debeant
475 958 504 1013 in
519 956 596 1026 publ.
614 958 796 1014 documentis

257 1049 367 1117 imperii
376 1048 452 1102 illins
466 1049 645 1102 sacratissimi
661 1050 797 1117 principis

257 1152 330 1190 enno
363 1140 439 1191 tento
461 1155 469 1191 r
492 1140 518 1191 et
536 1142 600 1206 post
618 1136 670 1191 illo
694 1139 798 1205 duisme

257 1226 376 1280 consulis
397 1225 615 1295 appellativum,
636 1227 686 1295 qni
702 1227 733 1280 in
748 1226 796 1280 illo

257 1330 330 1369 anno
346 1318 396 1380 est,
411 1319 437 1369 et
453 1316 531 1369 tertio
546 1314 601 1368 loco
623 1315 798 1369 indictionem

256 1408 283 1459 et
309 1418 435 1469 inensem,
465 1409 492 1459 et
519 1403 591 1458 dien
616 1423 625 1470 r
650 1411 678 1460 et
703 1401 799 1475 cap2

259 1492 382 1561 mandat,
400 1498 432 1549 ut
446 1492 475 1548 in
489 1493 600 1549 Latinis
615 1493 796 1550 documentis

258 1582 370 1639 numeri
403 1582 568 1639 scribantur
598 1597 646 1653 per
669 1584 793 1654 litteras,

259 1671 797 1745 quasliceatomnibuslegereomnino

257 1761 433 1832 syliabarum
457 1763 623 1819 Latinarum
639 1776 694 1819 non
712 1763 797 1836 igna-

258 1850 309 1906 ris.
327 1852 404 1908 lianc
420 1865 486 1907 sero
501 1853 738 1909 constitutionem
755 1853 797 1909 ita

258 1940 420 2013 subsignat.
443 1942 498 1997 Dat
521 1941 697 1998 Kalend...
721 1942 800 1999 Con-

256 2031 405 2101 stantinop
441 2031 598 2101 imperante
632 2031 797 2089 iustiniano

262 2128 398 2189 perpetuo
424 2118 554 2194 Augusto
578 2133 654 2177 anno
683 2136 704 2177 u
734 2128 796 2193 post

258 2209 439 2265 consulatum
455 2210 587 2268 belisarii
603 2212 634 2266 v.
651 2211 681 2266 C.

150 2543 218 2603 5454
295 2551 355 2622 lmp
378 2550 438 2605 Caes
462 2551 646 2608 iustinianus
668 2549 733 2624 bug
758 2554 794 2606 tr.
834 2546 903 2693 ἢ

134 2651 169 2723 ω
193 2645 226 2703 45
262 2661 290 2717 p.
308 2641 409 2713 4444,
425 2656 474 2699 cos
489 2654 529 2697 ιι.

134 2733 205 2808 07
296 2734 404 2804 Vitigis
418 2729 576 2805 Regissset
590 2727 616 2786 3.

177 2826 197 2882 G
294 2824 304 2847 ¹
327 2824 381 2879 Cos
403 2823 444 2879 Fi.
467 2823 590 2878 loannes
612 2817 661 2874 Or.
689 2816 798 2888 absque

143 2917 231 2973 lndiot
258 2914 377 2984 collega.

180 3020 189 3062 1
292 3005 345 3059 vet
371 3001 524 3069 inscript*
548 2996 663 3054 Fabrett
689 3013 717 3068 p.
744 2994 797 3053 448

157 3099 183 3150 et
195 3107 215 3149 ιι
260 3097 288 3148 et
306 3089 441 3148 Gudiana
462 3087 536 3157 apud
558 3086 664 3142 Reland
688 3099 795 3142 necnon

255 3180 402 3236 lustinlan
412 3176 498 3233 Novel
512 3173 547 3233 57
559 3183 586 3231 et
602 3176 703 3247 vigilii
719 3176 797 3244 Papae

257 3269 379 3341 epistola
401 3267 436 3323 ad
460 3266 553 3321 Caesar
574 3264 671 3322 arelat
685 3271 713 3321 et
726 3264 797 3320 dcta

255 3357 380 3417 Consilii
390 3356 527 3413 Aurelian
538 3357 584 3410 lll.
597 3355 667 3412 Vide
680 3356 796 3427 Pagium

260 3464 289 3507 n.
305 3448 322 3506 6
343 3448 412 3505 anni
431 3444 484 3503 540
499 3452 527 3502 et
547 3444 668 3516 epistola
684 3445 795 3517 vigilii,

256 3541 290 3596 de
304 3552 360 3610 qua
374 3538 404 3593 in
418 3537 495 3593 notis
509 3536 545 3592 ad
557 3536 723 3607 agapitum.

292 3629 380 3685 lloma
393 3623 466 3682 lame
480 3632 508 3681 et
526 3631 603 3695 peste
616 3629 713 3681 vexata
732 3628 796 3693 post

256 3713 796 3774 annumobsidionisllbemturmense

255 3806 369 3862 Martio.
384 3805 532 3874 Pagiusex
545 3803 693 3871 Procopio,
704 3815 795 3857 emen·

257 3896 324 3951 dato
351 3894 414 3963 eius
443 3897 522 3948 textu
552 3903 586 3944 es
615 3891 796 3945 animadvers

256 3983 328 4038 card
348 3981 458 4037 Norisii
474 3982 509 4036 de
522 3978 577 4049 Syn
591 3978 623 4034 V.
638 3991 663 4033 c.
678 3975 704 4033 6.
727 3977 797 4033 Vide

258 4073 390 4144 Paglum.

292 4161 394 4216 balius
410 4157 513 4214 liuilni
527 4157 612 4226 Episc
627 4157 796 4228 legationem

257 4248 383 4317 suscipit
402 4247 437 4303 ad
462 4244 632 4301 belisarium
652 4242 795 4298 auxilium

257 4337 416 4408 implorans
442 4336 580 4392 adversus
606 4331 724 4390 Gothos.
753 4332 795 4389 lbi

257 4440 287 4483 n.
302 4423 338 4481 44
351 4439 385 4482 eu
401 4423 549 4493 Procopio.

292 4516 449 4573 Clodoveus
472 4513 526 4569 lun
553 4515 582 4567 ln
607 4509 727 4566 Francia
750 4524 799 4567 re-

256 4619 344 4679 gnare
366 4603 480 4674 incipit.
505 4600 592 4658 Mabll
611 4600 652 4657 rei
674 4599 735 4670 dipl
754 4598 796 4656 lib

149 4783 221 4845 5454
258 4690 426 4855 ιἸῐιζιῖὲωι
438 4781 622 4838 lastinianus
635 4780 699 4853 Aug
712 4786 747 4835 tr.
765 4794 793 4850 p.
832 4776 897 4835 4494

134 4875 224 4953 (pili
259 4872 302 4945 44,
325 4872 489 4954 l3,cos1v.

137 4966 172 5040 0
189 4967 208 5023 8
299 4967 405 5038 vitigis
417 4960 532 5036 liegis3,
547 4960 600 5019 iet
614 4960 753 5019 ildebaldi
766 4958 790 5015 4.

174 5061 196 5113 n
292 5058 346 5113 dos
367 5056 480 5127 appion
503 5054 551 5111 Or.
572 5055 634 5109 sine
657 5052 776 5123 collega.

143 5148 231 5202 indict
294 5147 380 5202 Vetus
401 5146 523 5215 inscript
545 5145 624 5199 Graec
647 5140 795 5197 illontiau-

175 5251 195 5292 ιι
257 5249 310 5293 con
327 5233 376 5290 ubi
393 5249 442 5290 cos
453 5232 595 5303 lippionis
608 5231 715 5301 legitur
729 5245 793 5285 cum

145 5329 215 5382 etin
254 5325 349 5381 lndict
360 5336 390 5391 u,
406 5335 494 5392 quare
507 5319 683 5376 emendanda
700 5319 794 5375 versio

256 5413 331 5485 apud
360 5410 527 5467 Pelendum.
556 5411 624 5464 ltem
649 5408 794 5466 iustinia-

258 5506 287 5560 ni
311 5500 408 5560 Norell
444 5499 606 5569 complures
630 5499 666 5555 ab
691 5495 733 5553 89
758 5498 793 5554 ad

256 5590 300 5648 95.

832 4865 902 4925 4494

1134 775 1192 832 quo
1206 762 1419 819 Dedicationem
1431 760 1565 818 Ecclesia
1578 760 1606 815 S.
1619 759 1677 816 So·

1135 851 1210 920 plriae
1228 852 1277 907 die
1298 848 1334 907 47
1352 849 1488 907 Decembr
1508 848 1617 919 proiert
1641 861 1676 904 cx

1133 941 1334 998 continuatore
1350 939 1519 997 Marcellini.

1169 1030 1318 1087 Timotheo
1356 1031 1440 1100 Episc
1480 1027 1675 1085 Alexandrino

1136 1118 1271 1176 deiuncto
1292 1121 1450 1176 succedunt
1473 1118 1567 1189 primo
1588 1117 1678 1187 Gaia-

1135 1222 1202 1271 nus.
1228 1209 1331 1266 deinde
1355 1208 1546 1264 Theodosius.
1571 1205 1677 1278 Pagius

1137 1297 1165 1353 h.
1179 1312 1206 1353 a.
1220 1312 1254 1354 ex
1270 1299 1330 1354 bist
1348 1297 1496 1354 Patriareb
1511 1296 1591 1365 Copt.
1607 1295 1675 1351 card

1134 1387 1221 1443 Noris
1235 1388 1270 1444 ad
1289 1401 1396 1444 annum
1417 1401 1466 1458 seq
1487 1387 1522 1443 de
1542 1384 1631 1456 synod
1653 1383 1675 1440 V

1135 1474 1200 1532 OEc.
1218 1492 1272 1548 pag
1285 1476 1303 1532 8
1317 1493 1350 1534 ex
1363 1477 1427 1533 ilict
1438 1477 1544 1532 Cicron.

1171 1566 1283 1639 vitiges
1315 1570 1394 1623 circa
1428 1569 1551 1623 vernum
1582 1563 1676 1635 aequi-

1137 1657 1264 1712 noctium
1292 1659 1410 1713 Romam
1435 1656 1557 1713 obsidet.
1581 1653 1675 1710 ibin.

1135 1741 1163 1814 7,
1179 1759 1214 1801 ex
1228 1747 1429 1803 continuatore
1443 1743 1602 1802 Marcellin.

1171 1833 1333 1892 Galliarum
1366 1837 1446 1909 regni
1478 1833 1672 1892 constitutio:

1135 1924 1251 1980 cedente
1271 1926 1390 1982 Francis
1409 1925 1503 1998 vitige
1524 1937 1585 1980 eam
1606 1936 1674 1993 par-

1135 2017 1190 2068 tem
1217 2028 1280 2084 quse
1303 2015 1406 2071 Gotids
1433 2013 1551 2086 parebat
1574 2011 1673 2068 Franci

1136 2103 1300 2159 universam
1335 2105 1486 2175 possidere
1524 2102 1675 2173 incipient,

1136 2199 1238 2262 prater
1255 2194 1471 2264 septimianam,
1496 2193 1526 2249 iu
1548 2206 1605 2264 qua
1624 2192 1676 2246 Vi-

1136 2281 1255 2353 sigotiri,
1276 2290 1305 2339 et
1325 2290 1426 2354 'irater
1442 2282 1633 2352 Britanniam,
1651 2285 1679 2336 ct

1134 2371 1312 2427 armoricam
1326 2388 1389 2443 quae
1404 2387 1472 2429 suos
1487 2372 1607 2428 comites
1624 2370 1678 2426 ba-

1136 2457 1233 2514 buere.
1260 2461 1330 2517 Vide
1354 2463 1473 2532 Pagium
1495 2460 1530 2516 ad
1548 2460 1575 2515 b.
1601 2473 1630 2515 n.
1646 2456 1670 2514 3.

1170 2550 1286 2606 sineru
1308 2549 1337 2621 e,
1361 2552 1411 2621 qu
1433 2565 1497 2608 ιιι
1518 2549 1627 2606 obrem
1647 2549 1675 2604 ιι
1719 2534 1809 2602 538

1137 2639 1242 2696 exsilio
1265 2654 1360 2697 mense
1381 2641 1461 2697 lunii
1484 2640 1512 2696 b.
1535 2653 1561 2695 a.
1580 2639 1675 2696 locum

1136 2727 1206 2784 iecit
1229 2730 1407 2786 successioni
1434 2730 1544 2797 Vrcnu,
1570 2729 1622 2801 qui
1644 2741 1679 2784 ex

1137 2817 1269 2875 invasore
1287 2826 1351 2890 post
1371 2829 1489 2877 mortem
1502 2818 1620 2875 silverii
1635 2817 1679 2873 ie-

1136 2907 1257 2978 gitimus
1268 2908 1590 2979 pontiieaexconsensu
1602 2907 1677 2964 Cleri

1136 2998 1267 3055 redditus
1283 2999 1350 3054 binc
1362 2999 1508 3070 auspicari
1519 2996 1605 3054 debet
1616 3010 1675 3054 suae

1136 3087 1214 3144 seclis
1229 3089 1389 3146 exordium.
1407 3089 1478 3146 Vide
1489 3094 1572 3146 nous
1583 3087 1678 3144 invi-

1135 3176 1250 3248 gilium.

1170 3268 1294 3325 ductore
1320 3271 1421 3326 Nonno
1444 3267 1618 3341 Origenistae
1648 3266 1678 3323 in

1135 3355 1677 3428 Palestinatumuituanturdequibus

1135 3446 1200 3503 vide
1224 3447 1342 3519 Pagium
1369 3449 1397 3503 b.
1422 3462 1462 3516 a,
1490 3461 1557 3504 num
1582 3443 1626 3513 44,
1647 3451 1678 3501 et

1135 3549 1226 3607 seqq,
1247 3543 1275 3592 et
1290 3538 1439 3595 Norisium
1454 3537 1490 3594 ab
1511 3551 1544 3594 eo
1564 3537 1679 3608 produ-

1137 3631 1213 3680 ctum
1232 3626 1260 3681 in
1274 3626 1337 3682 diss
1351 3628 1387 3683 de
1401 3628 1457 3699 Syn
1473 3627 1506 3683 V.

1170 3716 1369 3772 Alexandrinae
1383 3717 1516 3773 Ecclesia
1529 3714 1679 3773 turbatio·

1135 3818 1197 3860 nem
1211 3812 1273 3875 post
1286 3813 1401 3862 mortem
1413 3807 1568 3875 Timothei,
1582 3819 1678 3877 quan·

1134 3895 1171 3952 do
1196 3897 1250 3950 dno
1275 3898 1370 3966 populi
1397 3898 1524 3952 electione
1549 3892 1680 3968 peruersi

1136 3985 1304 4039 ordinantur
1317 4000 1370 4061 urio
1390 3985 1434 4041 die
1448 3986 1568 4056 episcopi
1586 3984 1676 4040 Tbeo-

1134 4074 1227 4128 dosius
1245 4080 1270 4129 ct
1289 4074 1425 4143 Gojonns.
1445 4075 1516 4132 Card
1536 4074 1624 4131 Nonis
1643 4074 1679 4130 de

1135 4176 1186 4234 syn
1207 4165 1239 4232 v,
1261 4176 1315 4236 pag
1332 4161 1360 4234 8,
1385 4163 1452 4220 buic
1471 4176 1547 4221 anno
1566 4162 1677 4237 alligit,

1135 4253 1261 4325 Paginus
1277 4254 1457 4324 praecedenti.

1171 4786 1273 4857 vigilii
1291 4783 1302 4840 l
1320 4790 1349 4841 et
1362 4784 1389 4839 4.

1166 4876 1306 4931 Cnosroes
1316 4877 1524 4932 Persarumrex
1533 4874 1677 4949 legatione

1132 4963 1238 5035 Vitlgls
1265 4971 1411 5033 permotus
1433 4965 1467 5020 ad
1492 4962 1677 5021 inserendum

1133 5052 1239 5107 bellum
1254 5052 1380 5109 Romano
1392 5054 1514 5123 imperio
1532 5054 1672 5122 irrecedit.

1133 5141 1240 5210 Procop
1260 5140 1301 5196 lib
1322 5139 1349 5209 4,
1367 5142 1402 5198 de
1417 5142 1492 5199 bello
1510 5144 1608 5199 Persic
1625 5157 1676 5214 cap

1133 5227 1192 5284 iet
1214 5228 1240 5298 5,
1260 5244 1294 5286 ex
1310 5244 1367 5301 quo
1389 5231 1522 5304 Pelagius
1544 5234 1580 5289 ad
1597 5233 1626 5288 b.
1647 5247 1671 5288 a.

1134 5331 1162 5373 n.
1176 5315 1204 5387 5,
1219 5326 1246 5374 et
1261 5319 1296 5374 ad
1312 5334 1384 5390 seq,
1402 5335 1430 5375 n.
1449 5319 1491 5375 44.

1169 5408 1278 5480 V-ltiges
1293 5414 1386 5465 tumen
1402 5424 1467 5465 cum
1485 5424 1575 5467 uxore
1586 5416 1615 5466 et
1631 5409 1673 5467 li-

1133 5496 1211 5554 beris
1225 5497 1362 5553 Ravennae
1382 5499 1518 5556 obsessus
1532 5514 1550 5555 a
1565 5499 1674 5557 Belisa-

1135 5588 1671 5661 riocapitur,etconstantmoptrans-
