3892 6136
401 265 561 324 fflsroam
578 267 624 322 ns
643 267 730 322 uris
747 265 832 321 nou.
854 266 952 324 roua.
968 296 1002 308 -
1021 269 1048 322 s.
1071 228 1210 324 reraus.

1589 271 1660 331 4000

591 378 743 440 VARLAE
779 377 1022 443 LEOTIONES.

98 520 131 567 35
158 505 262 566 vam
289 521 310 565 a
339 503 497 567 pappopgo
529 504 653 566 addita.
680 486 819 565 mmai
837 484 894 569 sibi
912 487 1071 553 imminere,
1087 488 1257 544 Clementem
1282 491 1447 559 episcopum
1471 492 1658 559 consecrarit,

98 585 188 646 irre—ric
208 601 248 646 ee
272 584 441 646 codicibus
466 585 674 665 dtitrqrcdrdi
700 586 782 645 Fre-

98 663 115 726 l
126 665 250 745 prirrco,
268 666 298 725 B
312 666 468 727 secdudo.

105 762 174 815 ,iim
187 758 212 825 l,
222 762 259 832 Α,
269 763 354 817 annis
363 762 389 824 6,
400 765 449 816 lin.
459 763 533 826 eod,
544 763 574 832 ιι,
585 759 704 831 mensi,
717 763 780 818 dies

98 832 116 899 i,
134 833 163 902 a,
189 834 425 903 quaeanonicsu.
443 835 495 887 lio.
519 833 547 896 l,
570 837 603 895 Α,
630 850 693 905 qliae
717 841 781 903 post

106 910 179 970 etc,
204 904 341 973 firmata,
368 907 399 973 Β,
427 904 565 961 formatae.
593 905 633 959 lia
659 906 779 972 coit,D,

109 976 161 1029 llic
186 976 330 1031 ordinarit
354 977 427 1032 duos
449 977 609 1046 episcopos,
628 978 729 1033 Linum
754 983 781 1031 et

98 1047 140 1117 pai
153 1048 373 1114 presentialiter
382 1061 465 1101 omne
477 1048 672 1103 ministerium
691 1061 782 1102 sacer·

121 1118 192 1173 urbe
215 1119 301 1173 lloma
322 1118 427 1186 populo
442 1119 485 1173 vel
507 1118 781 1188 supervenientibus

98 1197 137 1243 nt.
154 1191 359 1244 Deatusautem
378 1191 478 1244 Petrus
492 1192 656 1246 oratiooiet
674 1191 781 1258 praedi-

98 1260 218 1329 populos
226 1259 372 1329 erudiens,
386 1261 512 1315 vaicabal.
525 1263 576 1316 llic
589 1275 654 1316 cum
665 1262 781 1315 Simone

98 1331 160 1387 dtas
174 1334 387 1401 disputationes
404 1332 514 1398 babuit,
538 1338 593 1386 tani
610 1341 675 1387 anie
689 1334 781 1386 Nero-

98 1411 199 1458 manle
214 1403 361 1471 populum,
373 1410 401 1458 et
411 1417 484 1472 quos
495 1406 523 1458 D.
537 1404 637 1459 Petrus
648 1404 682 1458 ad
696 1403 777 1458 lldenr

98 1472 273 1544 aggregabat.
303 1474 352 1529 ille
380 1488 428 1542 per
451 1477 575 1545 magicas
597 1476 779 1543 deceptiones

98 1553 134 1613 at,
158 1554 186 1599 et
207 1546 273 1608 dum
297 1546 412 1601 dlutius
438 1547 655 1614 altercarentur,
681 1545 779 1600 Simon

98 1621 141 1672 itu
155 1617 344 1685 interemptus
354 1623 406 1672 est.
420 1617 471 1671 liic
481 1617 592 1672 beatum
603 1618 778 1671 (ilementum

98 1701 125 1742 m
141 1688 329 1756 corrsecrarit,
355 1690 440 1757 eique
454 1689 618 1743 cathedram
637 1694 666 1742 et
679 1688 780 1743 Ecirle-

98 1771 156 1813 nem
170 1759 377 1826 disponendam
394 1760 550 1818 commisit.
562 1759 662 1814 dicens
676 1777 682 1811 :
697 1758 779 1813 Sicut

98 1829 230 1885 seruandi
256 1830 361 1885 tradita
383 1835 427 1885 est
448 1843 463 1884 a
483 1831 605 1885 Domino
627 1843 689 1884 meo
713 1831 777 1883 iesu

98 1907 210 1956 etesias
223 1901 331 1966 ligandi
345 1908 374 1956 et
385 1901 525 1968 solvendi,
538 1906 566 1955 et
576 1914 627 1971 ego
641 1900 694 1955 tibi
707 1914 780 1955 com·

98 1976 103 2026 l
117 1971 256 2026 ordinans
269 1972 459 2040 dispositores
474 1973 652 2027 diversarum
675 1984 781 2026 causa-

101 2050 265 2113 qdosactus
275 2044 488 2098 ecclesiasticus
499 2043 676 2113 profligetur,
689 2052 719 2097 tu
731 2042 783 2096 mi·

98 2115 172 2168 auris
187 2113 283 2168 saculi
300 2115 416 2169 deditus
432 2114 597 2182 reperiaris,
613 2113 661 2168 sed
678 2112 782 2167 solum-

100 2184 174 2239 tioni
186 2183 376 2251 etpradicare
386 2185 489 2254 populo
501 2198 600 2240 vacare
611 2184 704 2239 stude.
717 2185 783 2239 Post

98 2255 273 2320 insitionem,
289 2256 428 2382 martprio
440 2271 504 2312 cum
518 2256 604 2312 Paulo
615 2262 780 2311 coronatur.

98 2328 150 2380 let
164 2327 193 2387 Β,
208 2327 348 2382 Diaconos
383 2368 389 2381 .

98 2434 124 2473 m
138 2414 295 2478 Fodrotti
310 2415 469 2479 lectiones
483 2416 649 2479 extribus
663 2416 784 2479 eddici-

98 2496 188 2576 epio,
204 2497 384 2558 Macerino
399 2501 431 2558 et
446 2496 588 2559 abedoc
602 2500 778 2577 eecerptce.

98 2597 125 2647 rt.
136 2595 168 2647 Β.
182 2594 250 2646 llier
263 2604 278 2633 ι
289 2594 362 2649 deest
374 2598 516 2664 inscriptio
529 2614 534 2646 τ
548 2610 604 2665 qua
617 2603 695 2665 gesta
705 2602 782 2658 suut,

98 2680 120 2718 a.
134 2665 173 2717 ib.
191 2672 286 2719 nostra
300 2667 439 2722 sanctitas
455 2682 478 2721 r.
493 2669 523 2720 in
535 2683 603 2720 oro:
617 2667 655 2721 al.
670 2666 786 2721 lrumili-

98 2735 166 2790 iens.
185 2737 219 2788 ld
232 2751 305 2803 mos,
321 2738 388 2806 ouis
403 2739 551 2804 meruerit,
565 2744 614 2791 etc.
631 2740 719 2806 Epist.
735 2741 787 2791 Du·

102 2807 296 2874 Hieronymum
309 2827 317 2861 ι
329 2814 477 2879 temporum
495 2809 715 2864 sacerdotalium.
739 2811 789 2864 Ve-

98 2893 118 2930 re
130 2884 205 2945 peste
220 2881 254 2933 P.

104 2952 156 3017 ‚in
171 2966 220 3003 ero
243 2968 269 3004 c.
296 2952 389 3004 illua:
410 2951 494 3006 Liber
516 2952 569 3006 isle
594 2951 786 3006 intitulatur:

98 3020 131 3074 de
145 3020 241 3075 Gestis
254 3022 433 3077 Pontillcum.
450 3024 504 3077 Sed
520 3038 580 3076 corn
596 3036 652 3076 non
670 3024 789 3089 potuerit

98 3105 142 3144 ruo
153 3096 272 3161 ternpore
285 3093 410 3155 seribere,
429 3094 502 3161 quod
514 3094 723 3162 superadditum
737 3098 786 3161 est,

839 570 924 627 elque
934 558 1097 613 cathedram
1110 560 1152 614 vel
1164 560 1319 615 Ecclesiam
1330 576 1439 616 omnem
1453 562 1660 631 disponendam

838 630 993 693 coirtutlsit‚
1019 630 1137 685 dicens:
1163 633 1245 686 dicut
1268 632 1339 686 mihi
1358 633 1466 703 ligandi
1491 641 1519 689 et
1533 634 1661 690 solvendi

838 699 942 754 tradita
958 706 1031 756 esta
1047 703 1167 758 Domino
1184 716 1244 758 meo
1259 706 1324 759 lesu
1338 704 1452 758 Christo
1469 710 1602 772 potestas.
1621 705 1661 759 ita

836 777 927 841 elego
943 771 996 827 tibi
1013 774 1172 837 committo,
1190 781 1221 829 ul
1236 775 1352 830 ordines
1365 775 1556 842 dispositores
1569 777 1662 832 diver·

837 855 933 897 sarum
946 856 1109 911 causarum,
1124 859 1173 912 per
1185 858 1257 914 quos
1269 851 1350 900 actus
1363 845 1578 903 ecclesiasticus
1589 849 1660 903 diri-

835 920 919 1038 ffetur
942 914 1023 985 (dica.
1043 915 1220 986 prolligeturl
1235 923 1263 971 et
1277 923 1306 971 tu
1331 917 1450 973 minime
1465 919 1545 974 curis
1560 920 1659 976 saeculi

855 984 952 1039 editus
968 986 1133 1055 reperiaris,
1148 987 1195 1042 sed
1216 988 1395 1042 solummodo
1410 989 1443 1043 ad
1458 991 1616 1045 orationem
1632 999 1661 1047 et

836 1056 1066 1122 predicationem
1083 1058 1290 1126 popullracare
1301 1059 1394 1113 stude.
1408 1061 1472 1115 Post
1482 1060 1555 1115 hanc
1565 1061 1660 1130 dispo·

835 1127 981 1195 sitionem,
997 1129 1210 1197 martyriorum
1227 1130 1314 1183 Paulo
1327 1132 1490 1199 coapostolo
1505 1144 1559 1186 suo
1572 1146 1659 1187 coro-

835 1205 988 1266 natusest,
1007 1205 1068 1268 post
1085 1200 1243 1268 passionem
1260 1201 1375 1255 Domini
1391 1213 1466 1258 anno
1480 1201 1526 1257 39.
1544 1203 1594 1257 llic
1609 1217 1659 1258 se-

835 1267 879 1323 dit
896 1268 924 1322 in
940 1270 1108 1339 episcopatu
1125 1273 1218 1325 licina».
1239 1284 1330 1326 arrnos
1344 1269 1389 1337 Di,
1406 1287 1441 1327 m.
1466 1271 1493 1340 P,
1516 1274 1543 1329 d.
1561 1273 1589 1328 8.
1606 1275 1659 1329 Se-

837 1340 935 1407 pultus
949 1348 992 1396 est
1005 1349 1099 1396 autem
1114 1344 1161 1396 via
1177 1342 1294 1397 aurelia
1306 1343 1334 1396 in
1351 1343 1487 1412 templum
1500 1345 1656 1413 Apollinis,

832 1410 915 1478 juxta
926 1409 1019 1466 locum
1032 1413 1081 1467 ubi
1093 1412 1395 1468 crucidxusestsccus
1407 1414 1656 1481 palatiumlteron.

836 1481 865 1536 in
879 1480 970 1536 Vatie.
985 1480 1010 1545 l,
1028 1488 1079 1537 ter.
1097 1484 1146 1538 tri.
1172 1497 1202 1538 ιιι
1218 1484 1280 1538 lial.
1301 1485 1357 1539 lul.
1379 1487 1430 1539 llic
1450 1485 1520 1541 tecit
1537 1487 1658 1542 ordina-

836 1552 929 1607 tiones
943 1566 993 1621 per
1008 1567 1130 1610 mensem
1147 1555 1257 1610 Decem.
1275 1555 1363 1625 episc.
1378 1556 1405 1625 6,
1423 1571 1465 1626 pr.
1483 1555 1526 1625 to,
1540 1558 1616 1614 diac.
1628 1556 1658 1613 8.

833 1642 1001 1720 Ejusdem
1019 1644 1124 1706 odrice
1143 1643 1303 1785 lectiones
1321 1661 1363 1706 ee
1386 1645 1494 1710 codiee
1515 1646 1658 1711 Pinario

1189 1741 1209 1786 d
1242 1740 1312 1785 ero.

797 1856 820 1916 Β
837 1892 856 1945 Β
871 1820 977 1888 lncipit
994 1818 1067 1874 liber
1079 1819 1262 1889 episcopalis,
1279 1821 1308 1875 in
1322 1834 1379 1891 quo
1394 1822 1581 1878 continentur
1596 1833 1658 1880 acta

883 1890 1053 1945 Pontificum
1068 1891 1150 1946 urbis
1165 1893 1270 1945 llrrmae.

874 1965 905 2016 lo
919 1978 961 2030 ep.
977 1962 1007 2015 P.
1024 1963 1101 2014 llicr.
1118 1978 1124 2006 τ
1140 1963 1245 2032 incipit
1259 1977 1303 2032 ep.
1327 1964 1358 2016 D.
1386 1965 1551 2036 Hieronymi
1577 1979 1658 2033 pres-

837 2033 927 2103 byteri
944 2032 977 2086 ad
996 2031 1193 2088 beatissimum
1214 2035 1365 2089 Damasum
1391 2037 1557 2105 episcopum
1577 2037 1660 2092 urhis

838 2105 940 2158 liomae.
956 2103 1023 2155 ibid.
1041 2109 1138 2158 nostra
1156 2105 1315 2168 humilitas,
1331 2107 1438 2161 sentire
1457 2120 1519 2178 cog.
1532 2107 1582 2176 qui
1598 2121 1659 2162 me-

838 2175 912 2229 ruit.
931 2173 1090 2243 descriptio
1104 2176 1136 2227 D.
1157 2176 1269 2230 Damasi
1287 2189 1365 2245 papiae
1379 2177 1413 2232 ad
1428 2179 1504 2233 llier.
1520 2179 1657 2247 p.D.e.v.

838 2246 911 2300 ll.ll.
928 2245 1022 2314 psal.
1038 2252 1123 2314 temp.
1139 2247 1326 2302 sacerdotalis
1341 2254 1432 2302 tarmen
1451 2264 1476 2318 q.
1496 2265 1523 2319 g.

873 2318 956 2371 Num.
982 2313 1008 2370 4,
1032 2318 1081 2370 lin.
1109 2315 1135 2381 P,
1160 2318 1227 2372 llico
1250 2319 1412 2374 Bethsaida.
1434 2321 1483 2372 lio.
1506 2318 1533 2388 3,
1556 2333 1605 2374 an.
1632 2318 1659 2374 7.

839 2387 890 2441 llic
905 2389 933 2441 B.
952 2388 979 2440 P.
996 2388 1044 2441 lin.
1062 2385 1088 2456 l,
1104 2389 1167 2444 dies
1182 2389 1207 2443 3.
1226 2390 1275 2442 lio.
1295 2386 1323 2453 7,
1345 2390 1424 2445 lilius
1443 2390 1479 2445 de
1500 2390 1657 2459 baptismo.

839 2460 889 2511 lio.
904 2459 976 2522 ead,
991 2456 1108 2514 iontem.
1131 2460 1165 2514 ad
1184 2461 1239 2513 int.
1261 2462 1335 2515 Petri
1360 2461 1478 2516 llrmatae
1492 2467 1570 2517 sunt.
1591 2464 1660 2518 dum

840 2529 918 2584 alius
930 2544 972 2599 gr.
989 2531 1027 2584 al.
1044 2529 1106 2584 lreb.
1121 2530 1158 2584 al.
1176 2530 1225 2585 lat.
1240 2541 1387 2596 consonet,
1403 2539 1426 2586 t.
1450 2546 1475 2587 e.
1491 2540 1511 2586 ι.
1525 2540 1593 2588 suut
1613 2534 1665 2589 tir-

843 2607 933 2655 matar.
948 2601 1166 2656 llicordinavit.
1179 2603 1226 2655 tia.
1241 2600 1274 2656 la
1288 2617 1318 2657 nr
1331 2603 1392 2658 llal.
1405 2605 1453 2657 lin.
1469 2601 1513 2671 la,
1528 2617 1577 2674 per
1588 2618 1663 2660 men·

842 2684 899 2725 sem
912 2672 1103 2738 Decembrem,
1123 2673 1300 2742 presbyteros
1315 2672 1357 2729 40.
1372 2675 1448 2730 diac.
1463 2671 1490 2738 7,
1512 2677 1663 2747 episcopos

844 2755 893 2810 per
905 2743 1018 2797 diversa
1032 2743 1093 2798 loca
1109 2756 1226 2799 numero
1239 2743 1265 2800 3.
1280 2746 1331 2800 llic
1345 2746 1501 2803 ordinarit.

842 2831 1015 2893 Lectiones
1028 2832 1134 2894 odrice
1148 2835 1180 2894 V.
1199 2833 1236 2894 C.
1253 2835 1348 2896 Licere
1363 2834 1540 2899 Hoisteoii
1550 2839 1666 2900 studio

884 2914 1046 2991 decerptae
1058 2929 1098 2973 ee
1113 2912 1281 2974 codicillos
1293 2914 1407 2976 [ratio
1416 2918 1668 2995 prestantissi-

883 2992 959 3067 ncis,
971 2991 1290 3066 Vetiedoisduodds,
1301 2989 1517 3057 Piererctiois
1527 2997 1665 3075 duodus,

886 3070 1667 3149 Cossiaeosi,Repioethroesidoo,editeoero

98 3166 133 3215 est
147 3165 278 3231 auctore,
294 3165 373 3228 eripies
390 3180 486 3217 momen
500 3181 555 3217 mm
577 3170 661 3217 terreo.
687 3164 827 3240 Veramc
883 3165 904 3210 d
923 3152 958 3213 V.
977 3149 1014 3210 C.
1032 3149 1255 3212 Ematiddtlele
1269 3167 1290 3210 d
1308 3151 1535 3216 Scheledtrdie
1549 3157 1671 3217 tomdl

98 3234 199 3290 delesti
223 3236 352 3303 papali
372 3236 485 3303 quidum
507 3236 684 3304 PoodoIphus
699 3238 787 3289 ostiu-

882 3229 1118 3308 antiquitatis
1132 3229 1300 3304 Ecclesia,
1312 3247 1396 3310 pop.
1417 3233 1477 3292 403
1491 3236 1524 3294 et
1540 3250 1628 3326 seqq.
1646 3250 1667 3295 a

98 3310 164 3358 mat
181 3320 209 3358 se
223 3307 277 3358 istc
301 3308 452 3374 scripsisse,
468 3307 541 3374 quod
562 3307 680 3373 intellioi
699 3311 788 3389 polest
882 3307 1669 3390 qdoeticroedeoilotosdotercrcoeldstiorabds

99 3381 126 3429 ²⁰
144 3390 223 3444 opor-c
243 3391 327 3444 “Sall
342 3378 441 3430 crasco
463 3382 594 3447 ternpore,
609 3379 652 3431 cel
673 3377 706 3432 de
723 3379 787 3432 Veto
884 3386 1061 3468 Critelopie
1081 3387 1280 3450 bibliothece
1318 3387 1479 3452 Cesdraea
1509 3393 1668 3456 Viridode

98 3451 201 3571 {gmm'
218 3448 291 3516 qttod
305 3464 339 3502 eae
357 3450 421 3504 Vite
434 3450 576 3503 Pascholis
591 3448 705 3503 secundi
719 3464 788 3502 coo-
883 3469 1011 3543 nmis,
1028 3468 1154 3547 ,effinse
1168 3466 1296 3531 Specta,
1311 3472 1343 3531 θ,
1360 3469 1571 3534 cropheum·

98 3588 145 3643 rin
161 3588 223 3642 cod.
240 3590 278 3643 ιι.
293 3607 302 3642 .·
318 3590 425 3659 incipit
439 3591 529 3645 series
544 3589 714 3645 Pontificum
734 3590 787 3645 llo·
878 3583 960 3646 Num.
985 3580 1011 3648 4,
1035 3584 1108 3636 liora
1120 3579 1138 3637 2
1151 3583 1215 3636 Flor
1234 3580 1261 3652 0,
1285 3583 1458 3639 cathedram.
1479 3586 1529 3640 lin.
1553 3584 1570 3643 l
1593 3589 1664 3643 Plor.

98 3672 127 3727 tr,
141 3661 191 3729 qui
204 3660 234 3714 in
250 3661 316 3715 sede
331 3661 360 3716 ιι.
374 3663 447 3717 Petri
465 3661 587 3731 apostoli
605 3661 640 3716 ab
656 3663 720 3731 ipso
734 3676 787 3716 us·
843 3652 907 3722 (11⁴⁰,
923 3666 1035 3708 menses
1046 3650 1073 3713 2.
1089 3654 1151 3709 dies
1162 3653 1192 3706 3.
1211 3656 1260 3706 liu·
1274 3652 1300 3717 0,
1325 3655 1388 3708 Flet
1408 3661 1434 3708 et
1461 3658 1563 3720 Vade,
1576 3671 1666 3714 cano-

98 3742 143 3787 ioc
158 3735 271 3800 tempus
286 3732 432 3787 sederunt,
449 3734 484 3786 Et
504 3735 533 3785 ip
555 3748 622 3786 aad:
646 3733 787 3788 Dominus
843 3725 925 3779 llicae.
942 3726 991 3777 lia.
1005 3721 1049 3779 00.
1062 3725 1148 3786 Fide„
1162 3723 1205 3779 39.
1222 3726 1270 3778 lia.
1286 3722 1327 3779 ⁴2.
1342 3727 1405 3780 Vct.
1417 3728 1525 3783 eiFlor.
1547 3743 1580 3784 lll
1595 3730 1661 3786 Kal.

98 3814 156 3859 laus
169 3802 303 3858 Christus
318 3805 339 3856 l.
355 3805 491 3858 Summus
511 3802 639 3872 pontifex
656 3805 786 3859 nascitur
842 3796 891 3850 llo.
909 3793 941 3848 44
954 3796 1064 3850 Floreat
1079 3795 1132 3849 duo
1145 3801 1171 3850 tl
1191 3797 1265 3860 Vae,
1279 3798 1353 3852 dile·
1368 3796 1425 3853 Vll-

98 3886 120 3929 '⁰
132 3873 250 3942 imperii
265 3875 338 3946 ang.
355 3875 441 3930 iniis
453 3873 497 3942 33,
515 3889 553 3957 fn·
566 3872 593 3937 3,
613 3875 710 3958 innoc
728 3888 786 3930 nu·
840 3885 1256 3948 Lectionesodriecodicis
1267 3885 1611 3968 Cdoedsis,eecerptae
1626 3890 1665 3953 ob

98 3942 148 4000 ¹¹2
172 3945 323 4028 if¹ie⁸¹¹⁰⁰
345 3959 420 4028 ³⁰l⁰
443 3945 615 4028 bapitrratos.
640 3945 785 4016 i⁰¹¹l¹¹¹¹¹¹¹
880 3962 1085 4044 iiipresdle
1120 3966 1303 4027 Freocisco
1340 3967 1463 4045 Peraia,
1510 3970 1667 4034 domem

98 4015 447 4154 ballistast.
461 4029 785 4158 llilllalalllaa
880 4044 1153 4137 possideam,
1170 4045 1539 4138 espiscoporum
1559 4066 1666 4113 tritt·

880 4122 1666 4202 corrcrrohzlhcrhecoartholomaeo,dedocet

100 4157 273 4225 mannisl,
295 4159 400 4214 deinde
423 4172 498 4214 anno
522 4158 785 4214 Donrinidtlvenit
939 4205 945 4218 .
1090 4205 1096 4217 .
1191 4204 1197 4217 .
1283 4206 1289 4217 .
1453 4207 1460 4219 .

98 4240 155 4295 ant,
171 4229 221 4285 ubi
237 4229 313 4285 sedit
329 4230 415 4285 annis
432 4226 459 4295 7,
477 4230 504 4284 d.
521 4229 557 4284 8:
581 4230 685 4286 deinde
706 4231 785 4286 venit
879 4204 987 4284 loprae
1006 4206 1096 4266 40004
1116 4208 1348 4268 0434404004070
1364 4222 1459 4285 Olim
1471 4208 1661 4289 0434ιῖ04440·

109 4299 161 4356 uhi
176 4301 251 4356 sedit
265 4302 352 4356 annis
366 4299 411 4370 Ph,
429 4314 466 4355 m.
481 4297 508 4369 7,
525 4302 554 4356 d.
570 4299 597 4355 8.
878 4323 891 4352 α
914 4303 1002 4373 Prope
1019 4303 1167 4358 Salernum
1191 4303 1220 4357 in
1235 4316 1321 4374 regno
1340 4303 1529 4373 Neapolitano
1542 4307 1599 4363 sita
1621 4317 1664 4365 est

98 4367 124 4437 4,
141 4371 190 4424 lin.
210 4368 221 4425 l
246 4372 320 4425 deest
334 4378 362 4427 et
377 4374 426 4425 lia.
442 4369 477 4426 ιι
499 4373 551 4441 dp.
569 4373 684 4427 natione
699 4372 785 4428 Gali-
840 4392 854 4423 »
875 4374 979 4429 civitas
997 4374 1141 4442 cavensis,
1167 4380 1195 4429 et
1218 4373 1246 4428 in
1268 4387 1300 4429 ea
1325 4376 1440 4445 insigne
1455 4380 1661 4436 monasterium

98 4446 173 4497 terra
190 4443 354 4512 Dethsayda,
372 4443 452 4498 lilius
465 4444 594 4514 ioannis,
619 4442 707 4498 lraitcr
721 4446 784 4498 dn·
841 4463 853 4493 n
875 4446 990 4500 ordinis
1000 4446 1091 4500 sancti
1105 4445 1248 4501 Benedicti
1260 4446 1493 4515 congregationis
1505 4448 1661 4505 cassinen-

98 4513 179 4569 imus
191 4515 268 4569 sedlt
280 4515 309 4568 in
323 4515 458 4569 cathedra
470 4514 627 4584 episcopali
640 4515 715 4583 apud
729 4515 783 4570 dn·
798 4496 824 4554 D
840 4534 852 4563 a
875 4516 928 4585 sis,
944 4515 997 4571 suh
1021 4517 1201 4571 invocatione
1214 4516 1260 4570 SS.
1281 4516 1435 4571 Trinitatis
1459 4520 1491 4572 ln
1504 4530 1537 4573 eo
1557 4533 1661 4576 mona-

103 4582 404 4654 annls73luitautem
417 4585 780 4656 tenporibusl'iberiiCaes.
840 4606 853 4636 n
874 4587 1113 4655 sterioantiuuus
1129 4585 1202 4642 liber
1216 4587 1339 4641 vetustis
1355 4588 1571 4643 characteribus
1586 4592 1658 4644 scri·

97 4654 224 4727 elignies,
240 4663 268 4712 et
282 4656 345 4711 Tib.
361 4657 401 4711 Cl.
419 4664 447 4712 et
460 4659 594 4713 Neronis.
609 4657 670 4710 bio.
689 4656 715 4724 6,
730 4658 780 4727 qui
840 4676 852 4707 o
875 4665 941 4728 ptus
962 4658 997 4713 de
1017 4657 1091 4711 Vilis
1112 4656 1277 4726 pontilleum
1301 4657 1493 4712 Romanorum
1516 4659 1656 4716 exstabat.

98 4726 146 4783 ’.ιι
157 4727 236 4783 filius
250 4728 279 4782 in
291 4727 368 4797 bapt.
381 4729 447 4784 Post
460 4731 588 4784 omilium
601 4743 628 4798 q.
641 4728 675 4783 ad
689 4728 783 4782 inter·
839 4747 852 4778 o
873 4731 953 4784 lluuc
968 4727 1087 4795 librum,
1115 4727 1240 4782 instante
1261 4729 1293 4781 D.
1318 4728 1445 4783 Antonio
1468 4730 1503 4785 de
1529 4729 1654 4802 Aquino,

98 4799 393 4866 emejustestimonio.
406 4801 509 4855 hocest
520 4801 547 4853 P.
562 4798 581 4853 l.
593 4814 615 4854 s.
626 4798 781 4855 durnalius
839 4817 851 4848 o
873 4800 923 4868 qui
938 4798 1021 4853 illum
1037 4799 1066 4852 in
1081 4809 1114 4853 eo
1132 4800 1305 4854 monasterio
1326 4801 1481 4870 invenerat,
1497 4804 1525 4856 et
1538 4801 1573 4854 D.
1592 4803 1655 4857 Cae-

98 4868 158 4925 lius
171 4869 317 4934 ltebraice,
333 4871 521 4927 aliuslatine
534 4878 700 4926 consonent.
717 4872 777 4924 lin.
838 4888 850 4918 o
872 4883 935 4924 sare
960 4869 1082 4924 Baronio
1103 4875 1223 4936 petente.
1246 4870 1282 4923 D.
1308 4868 1467 4925 cardinalis
1486 4871 1653 4943 mortalius,

98 4940 235 4996 adiuerit
252 4943 347 4997 homae
363 4943 436 4998 duos
451 4943 611 5012 episcopos,
635 4943 736 4997 Linum
752 4947 781 4996 et
836 4958 850 4988 a
871 4940 998 5009 ejusdem
1013 4939 1127 4995 ordinis
1140 4945 1292 5008 protector,
1306 4953 1382 4995 anno
1395 4938 1465 4995 laea
1477 4942 1593 4997 Romam
1605 4942 1653 4998 al-

98 5012 141 5082 pul
154 5013 374 5081 presentialiter
384 5027 467 5069 omne
481 5014 674 5069 ministerium
690 5025 782 5068 sacer·
837 5030 849 5059 r
871 5010 939 5066 terri
953 5011 1051 5079 jussit.
1066 5010 1193 5080 Cumque
1208 5023 1259 5081 ego
1275 5012 1445 5067 Franciscus
1460 5013 1557 5077 Penta,
1575 5014 1652 5070 Rotae

119 5081 191 5138 urbe
212 5084 299 5140 Roma
323 5084 428 5153 populo
449 5084 491 5139 vel
508 5082 778 5154 supervenientibus
836 5103 849 5131 r
869 5082 997 5151 auditor,
1010 5082 1140 5137 eumdem
1157 5080 1264 5137 librum
1280 5087 1382 5137 nactus
1391 5096 1492 5151 essem,
1506 5097 1581 5152 eum,
1596 5099 1654 5142 ser·

98 5160 134 5210 nt.
153 5155 181 5208 B.
199 5160 295 5210 autem
310 5157 412 5211 Petrus
433 5156 641 5212 adorationem
658 5162 686 5212 et
703 5170 777 5226 prrae-

98 5239 131 5280 im
143 5225 280 5295 populum
292 5227 565 5282 erudiensracabat.
575 5229 627 5283 llic
637 5242 702 5284 vero
712 5241 777 5283 cara

98 5298 166 5368 lage
183 5298 264 5367 prius
289 5299 319 5353 in
333 5299 440 5367 ludaea,
456 5304 484 5353 el
500 5305 595 5368 postea
610 5300 705 5355 Romae
721 5308 777 5353 tam

98 5379 175 5424 anem
201 5370 270 5437 imp.
288 5384 373 5439 quam
389 5378 416 5425 et
438 5376 503 5424 ante
519 5371 654 5441 populum
673 5371 778 5426 multas

101 5453 172 5494 ones
182 5439 295 5503 habuit,
305 5449 332 5496 et
344 5443 566 5510 quosPetrusad
578 5441 658 5496 lldem
668 5440 777 5496 Christi

98 5516 138 5581 at,
150 5510 200 5565 ille
212 5526 261 5580 per
273 5514 398 5583 magicas
408 5514 590 5581 deceptiones
602 5512 777 5583 segregabat.

103 5581 223 5638 diutius
240 5584 458 5649 altercarentur,
475 5584 572 5639 Simon
592 5584 692 5639 divino
705 5590 779 5637 nutu

98 5659 147 5710 tus
161 5661 217 5711 est.
235 5656 334 5712 Petrus
356 5668 421 5712 vero
442 5656 571 5712 sentiens
585 5656 662 5712 diem
677 5654 779 5712 mortis

835 5172 849 5202 »
870 5154 944 5208 ratis
957 5152 1063 5209 eisdem
1078 5152 1302 5216 characteribus,
1311 5153 1465 5209 transcribi
1477 5155 1549 5209 milri
1563 5169 1652 5211 cirra-

836 5243 849 5274 ι
870 5225 907 5292 ιι,
918 5230 945 5280 et
957 5236 1056 5293 perme
1069 5225 1161 5292 ipsun
1173 5238 1236 5278 cum
1248 5225 1545 5297 antiquoexemplari,
1555 5227 1585 5280 in
1594 5242 1652 5298 quo

836 5315 848 5346 s
870 5294 1651 5365 sunttrequentessoloecismi,obimperitiamiortassis

836 5386 848 5418 s
870 5367 1032 5436 scriptoris,
1046 5365 1168 5427 contuli,
1185 5372 1217 5420 ut
1228 5373 1346 5435 apparet
1362 5368 1391 5422 in
1407 5367 1458 5422 hoc
1473 5368 1561 5424 libro.
1582 5387 1596 5419 »

870 5439 926 5493 llac
942 5438 1089 5507 praemissa
1103 5437 1227 5503 notione,
1251 5438 1385 5506 sequitur
1397 5445 1548 5495 contextus
1571 5439 1651 5511 libri,

836 5510 864 5564 in
883 5525 940 5579 quo
960 5509 1083 5578 primum
1104 5509 1231 5562 occurrit
1243 5507 1395 5580 catalogus
1415 5510 1584 5566 Pontillcum
1597 5514 1654 5566 llo-

834 5580 929 5637 clesiae
945 5579 1280 5650 constantinopolitane,
1295 5578 1417 5637 tortasse
1428 5589 1547 5637 assutus
1558 5583 1652 5638 codici

833 5653 1038 5709 anastasiana.
1055 5651 1126 5707 Tum
1140 5648 1276 5722 leguntur
1290 5651 1419 5721 epistolae
1431 5652 1505 5725 duae,
1518 5654 1548 5709 D.
1559 5653 1656 5711 lliero·

112 5769 248 5833 epistolem
263 5771 366 5823 exhibet
382 5773 458 5823 edilis
474 5773 608 5825 Fabrotlll
626 5774 699 5825 deest
712 5773 739 5823 iu
759 5769 871 5822 editione
888 5769 1007 5819 Romano
1020 5766 1146 5818 Vaticana
1160 5780 1238 5831 quam
1248 5767 1390 5829 sequimur.
1408 5766 1481 5818 Enrr.
