3892 6136
123 301 196 362 4057
579 311 739 368 HISTORIA
760 310 805 368 DE
824 309 912 366 vnis
930 308 1014 365 holt.
1035 309 1135 365 PONT.
1150 341 1187 351 -
1203 312 1231 366 S.
1259 312 1369 368 tillus.
1705 359 1707 365 .
1761 312 1831 372 ⁴058
1857 368 1858 372 ,

122 443 176 497 per
204 446 287 500 piram
313 434 430 505 angelos
452 433 565 503 laceret,
591 442 620 492 et
635 435 834 507 archangelos·
853 436 911 491 imo
926 440 954 490 et
967 435 995 495 Α
1010 436 1188 505 percipiendi
1203 438 1420 492 demonstrans:
1437 441 1496 493 lum
1510 438 1600 492 velata
1612 437 1805 496 leminaruml
1820 472 1831 483 ·

120 503 293 574 angelorum
318 515 411 561 errata
435 509 617 563 emendaret:
644 509 687 573 uti
708 523 740 563 ei
766 510 871 563 lrenao
899 507 954 561 late
1008 506 1076 574 cies,
1106 513 1134 562 et
1157 514 1253 578 caput,
1281 507 1475 563 exclusionem
1504 508 1540 562 ah
1568 510 1665 564 endem
1693 517 1831 579 potestate

120 576 261 641 exposuit
283 576 427 634 Batonius
441 579 476 634 ad
488 592 595 634 annum
611 576 655 648 35,
672 593 790 636 numero
804 576 839 636 20
858 584 886 633 et
905 591 954 633 se-
1009 578 1192 647 percipienda
1203 585 1376 634 contestans.
1392 578 1459 648 Quae
1471 592 1525 635 non
1542 578 1615 635 levia
1627 594 1692 634 cum
1703 580 1763 637 sint
1775 583 1831 639 do-

121 646 296 714 quentihus.
1009 657 1139 704 eumenia
1161 656 1265 706 nostrae
1289 649 1491 714 consessionis,
1515 650 1697 706 mediatorem
1712 653 1830 709 unicum

160 717 234 772 lluie
251 718 344 789 igitur
367 721 495 775 nascenti
525 721 711 791 impudentiae
736 720 888 777 muliebris
900 734 954 775 su·
1010 721 1188 775 Deuminter
1210 729 1238 776 et
1261 721 1391 776 homines
1414 721 1560 777 Christum
1586 721 1831 790 profitentis,sive

121 788 241 857 perhiae,
267 789 303 843 ah
319 791 519 847 haereticorum
546 794 741 863 protagonista
764 793 879 848 Simone
896 793 953 858 jam
1010 805 1074 846 cum
1091 792 1178 847 semel
1192 792 1325 847 introivit
1340 793 1370 847 in
1392 799 1501 852 sancta.
1527 793 1588 847 sive
1602 806 1667 849 cum
1680 794 1830 864 apostolis,

122 865 185 913 tun
197 862 328 915 excitata
341 863 375 917 ad
387 863 557 922 docendum.
568 871 596 919 et
609 865 821 936 corrigendum.
832 863 955 932 etpuulo
1009 869 1037 918 et
1051 863 1251 918 sacerdotibus
1264 863 1336 929 suis,
1362 870 1392 919 ut
1408 864 1662 932 potestateeisdem
1676 864 1792 932 tradita,
1804 874 1833 922 et
1884 904 1888 911 ,

121 937 190 998 post
214 945 229 986 a
251 933 389 1000 proximis
405 935 538 990 sectariis
563 935 643 991 elatae
670 936 703 991 ad
732 934 952 1006 praesidendum,
1009 942 1109 1002 negata
1124 935 1236 989 catoris
1252 941 1418 1003 uterentur3
1433 933 1569 991 nonlevis
1581 935 1668 990 etiam
1682 936 1829 1001 momenti,

122 1002 341 1073 baptizandum,
365 1004 394 1058 el
417 1005 593 1062 ollerendum
618 1020 695 1062 more
721 1006 903 1069 sacerdotali,
921 1018 953 1060 eo
1008 1006 1055 1060 sed
1074 1018 1204 1075 magnum
1231 1008 1462 1075 operaepretium
1488 1005 1619 1061 luittum
1647 1007 1677 1060 in
1693 1007 1832 1076 Epistolis

74 1107 78 1114 ·
119 1072 738 1146 validiusobsistereoehuerrntapostoli,
762 1076 954 1148 quoiacilius
1007 1076 1832 1149 PaululumindecretisaPetroyierl,inumeditis,ea

120 1144 709 1218 gliscereiuposterossuhindepoterat,
728 1149 952 1215 memoriarepe·
1007 1148 1183 1218 consignari,
1213 1162 1276 1217 pure
1304 1149 1338 1203 de
1363 1148 1493 1203 velandis
1518 1147 1692 1203 mulieribus
1721 1150 1750 1204 in
1783 1150 1833 1205 in-

120 1216 242 1282 tituros,
267 1217 477 1273 samaritanum
503 1220 585 1275 illum
611 1218 951 1287 simonemhujusmodi
1008 1232 1107 1289 gressu
1137 1218 1265 1274 ecclesia
1300 1219 1456 1290 scriptores
1493 1220 1623 1275 llitarum
1655 1233 1831 1276 commemo-

118 1287 302 1356 dognratum,
328 1296 356 1344 et
383 1291 563 1358 impietatum
587 1291 788 1350 architectum.
812 1289 952 1359 apostolis
1009 1295 1081 1346 rant.
1690 1330 1694 1339 .

118 1357 576 1428 ahinilioadhasissc.aouihus
588 1361 952 1430 postulaveratutcuicun·
1041 1360 1117 1416 Duxi
1132 1360 1191 1415 haec
1205 1360 1385 1418 enucleatius
1408 1361 1579 1429 explicanda
1603 1362 1754 1419 occasione
1777 1363 1832 1418 de-

119 1444 180 1497 iyne
195 1444 296 1486 marius
307 1432 611 1501 imponeretSpiritum
626 1440 756 1488 sanctum
776 1433 947 1503 largiretur:
1006 1434 1076 1487 creti
1096 1432 1248 1500 apostolici
1264 1434 1298 1488 de
1314 1433 1434 1489 velando
1458 1430 1630 1489 feminarum
1645 1433 1739 1504 capite
1756 1434 1832 1489 inter

120 1502 329 1569 reprehensum
346 1518 433 1559 veroa
450 1506 581 1567 l‘etro,et
595 1504 629 1558 ad
645 1503 950 1572 poeuitentiamcohor-
1006 1504 1144 1559 orandum
1158 1503 1186 1557 in
1211 1504 1333 1559 ecclesia
1357 1505 1402 1574 (de
1428 1518 1485 1575 quo
1502 1504 1631 1567 duhitari
1649 1517 1829 1575 nequaquam

119 1579 214 1626 tatum
247 1573 378 1640 precihus
407 1575 575 1641 apostolicis
600 1588 630 1629 se
641 1576 854 1630 commendasse
872 1576 948 1642 (iet.
1007 1581 1109 1644 potest,
1124 1576 1194 1644 quin
1211 1575 1247 1629 ah
1266 1576 1406 1644 apostolis
1419 1577 1460 1630 sit
1474 1576 1628 1645 prolatum,
1641 1590 1705 1632 cum
1719 1574 1833 1648 legatur

119 1643 195 1707 vrul.
219 1646 356 1699 intererat
373 1647 437 1699 lidei
462 1647 628 1716 zeipialium,
649 1660 682 1701 ac
706 1653 895 1715 posterorum,
918 1653 950 1700 ut
1005 1645 1035 1700 in
1049 1645 1176 1713 Epistola
1189 1646 1291 1717 Pauli),
1302 1661 1356 1702 non
1370 1647 1453 1703 modo
1466 1648 1612 1704 utdecreti
1625 1649 1680 1702 vim
1696 1660 1832 1703 eausam-

122 1714 300 1784 inielligeret
315 1715 436 1771 leminas
458 1718 606 1772 uuiversas
622 1721 660 1771 ila
677 1731 766 1772 essea
787 1717 949 1772 sacerdotio
1005 1730 1060 1786 que
1074 1716 1260 1780 illustrarem,
1287 1719 1434 1773 sedetiam
1461 1727 1492 1774 ut
1515 1719 1606 1787 possit
1626 1721 1832 1789 unusquisque

120 1785 268 1855 exclusas,
283 1793 314 1842 ut
332 1788 404 1842 nulli
417 1801 512 1843 eurum
528 1789 767 1858 permitteretur«
782 1789 810 1842 in
823 1788 949 1843 Ecclesia
964 1804 990 1864 Β
1007 1789 1073 1844 inde
1088 1789 1232 1859 colligere.
1248 1789 1323 1844 ritus
1333 1791 1469 1858 mysticos
1483 1789 1519 1843 ah
1527 1789 1667 1857 riyvostolis
1679 1789 1831 1845 institutos

121 1855 216 1925 loqui,
238 1861 409 1922 necdocere,
422 1873 472 1914 nee
486 1861 606 1930 tingere,
625 1860 799 1925 necoderre,
825 1874 876 1914 nec
900 1859 950 1914 ul·
1007 1859 1829 1930 luisseiprialldelihusservarenturinpuhlicisprecihus.

121 1927 185 1982 lius
204 1929 301 1983 virilis
315 1932 450 1996 muneris,
470 1933 572 1986 nedum
588 1930 870 1987 sacerdotalisollicii
883 1945 950 1986 sor·
1006 1930 1250 1994 etcorrventihus;
1270 1945 1361 2001 neque
1377 1931 1423 1987 his
1442 1933 1587 2001 mysteriis
1600 1935 1731 1988 caruisse
1743 1932 1829 1987 etiam

122 2005 181 2052 tem
202 1999 258 2054 sihi
276 2001 438 2057 vindicare·
457 2003 724 2072 »quemammodum
747 2003 885 2058 distincte
902 1999 961 2057 re-'
1006 2002 1173 2068 velamenta,
1199 2004 1362 2057 eorumdem
1379 2003 1573 2072 apostolorum
1603 2005 1736 2060 mandato
1758 2003 1822 2072 uui-

119 2071 239 2125 censuit
250 2072 408 2140 Septimius
419 2074 538 2128 Tertull.
551 2075 586 2128 de
600 2075 729 2129 velandis
744 2075 833 2144 virg,
844 2087 905 2142 cap.
921 2071 948 2128 9.
1007 2073 1125 2128 busdam
1143 2074 1240 2138 vetita,
1262 2073 1434 2142 quibusdam
1458 2074 1612 2145 assignata.
1637 2075 1666 2129 Si
1680 2075 1756 2130 enim
1772 2074 1830 2128 haec

120 2141 164 2196 llil
177 2144 309 2197 tuendam
320 2144 392 2214 legis
402 2147 696 2200 istiusauctoritatem
706 2153 765 2201 tum
780 2146 809 2199 iu
821 2146 950 2216 frequen·
1005 2145 1282 2200 admittantnecesse
1292 2145 1429 2200 estetiam
1441 2145 1484 2200 illi
1498 2146 1637 2209 haeretiei,
1649 2147 1699 2215 qui
1714 2145 1831 2213 Episto-

121 2213 252 2268 tiorihus
267 2215 408 2283 ecclesiis,
422 2224 481 2271 tum
498 2218 525 2271 in
552 2217 677 2285 yiarciori
690 2231 810 2272 numero
821 2218 949 2272 lidelium
1006 2216 1136 2271 lasl‘auli
1147 2215 1455 2271 nohiscumnumerant
1466 2217 1540 2272 inter
1551 2216 1832 2286 Scripturasdivini·

122 2285 257 2354 praeditis
270 2287 403 2350 eoetihus,
418 2288 607 2343 adhihendam
620 2303 682 2343 esse
692 2294 950 2357 censueruntapo-
1005 2296 1052 2342 tus
1067 2289 1232 2357 inspiratus,
1245 2288 1434 2356 consequitur
1450 2295 1482 2342 ut
1502 2301 1603 2359 negare
1630 2288 1749 2343 minime
1762 2300 1832 2357 pos-

121 2357 447 2426 stoliconmemliosam,
465 2367 645 2428 parauisset
665 2361 793 2414 omnium
820 2360 948 2428 aspectui
1005 2357 1830 2433 sintrituumsacrorumoriginemindeprolectamluisse,

121 2428 286 2498 expositam
312 2431 510 2486 admonitione
524 2452 536 2482 u
561 2431 589 2485 in
610 2432 717 2499 capitis
742 2432 947 2501 integumento,
1007 2431 1082 2484 uuile
1100 2430 1225 2484 Ecclesia
1238 2431 1347 2499 aceepit
1366 2431 1540 2496 Scripturas.
1566 2431 1660 2498 Quare
1679 2429 1832 2485 conliden-

122 2500 201 2570 quod
212 2499 375 2556 loveletiam
391 2503 555 2570 praesidium
567 2503 747 2557 modestiaet
759 2504 947 2556 castimoniae.
1007 2502 1159 2570 tiusquam
1172 2515 1222 2569 par
1237 2503 1276 2556 sit
1292 2502 1405 2570 plaudit
1418 2502 1474 2557 sihi
1497 2501 1654 2556 Doduellns
1676 2501 1833 2556 inaddita-

121 2571 362 2627 Admonchantur
374 2572 582 2628 etiamleminte
594 2587 642 2642 per
653 2573 776 2628 velamen
789 2574 878 2642 capiti
892 2575 950 2628 im·
1007 2578 1100 2626 mento
1114 2572 1148 2627 ad
1166 2587 1228 2638 cap.
1244 2571 1419 2627 6Pearsonii
1435 2574 1550 2628 dissert.
1566 2567 1594 2626 ll
1612 2572 1647 2628 dc
1670 2572 1755 2627 annis
1768 2572 1832 2641 pri-

125 2644 266 2712 positum,
283 2645 336 2698 suh
358 2645 451 2699 aliena
468 2651 605 2714 potestate
620 2659 650 2700 se
676 2646 850 2700 constitutas
875 2660 949 2714 prae·
1007 2656 1117 2699 morum
1146 2644 1240 2698 llomae
1266 2644 1467 2712 episcoporum
1502 2657 1621 2699 numero
1650 2640 1683 2698 lo
1707 2643 1831 2699 demon-

122 2714 239 2769 clusum
255 2715 364 2770 aditum
387 2723 523 2785 perpetuo
542 2716 691 2771 hahituras
713 2716 747 2771 ad
763 2715 884 2786 gloriam
900 2730 951 2772 sa·
1006 2721 1128 2769 stratum
1150 2728 1209 2769 ase
1222 2710 1314 2770 luisse
1329 2723 1444 2784 putans,
1460 2716 1535 2785 quod
1551 2736 1564 2767 r
1580 2714 1665 2771 Nulla
1675 2715 1832 2770 Clementis

125 2786 261 2851 cerdotii,
279 2788 362 2853 cujus
375 2789 440 2855 jura
466 2788 538 2842 viris
568 2793 735 2856 praeservata
752 2801 815 2842 rum
842 2787 950 2843 honoro
1007 2785 1185 2855 temporihus
1207 2787 1353 2857 virginum
1376 2800 1425 2856 per
1450 2787 1540 2842 velum
1565 2786 1757 2856 abepiscopo
1784 2786 1833 2841 iu-

127 2856 267 2928 imaginis
283 2873 340 2912 suae
356 2860 494 2913 llominus
507 2858 655 2914 voluisset.
679 2859 708 2913 ld
728 2859 950 2928 apertesignill-
1005 2857 1150 2913 duendum
1178 2855 1268 2913 luerit
1294 2858 1431 2913 solemnis
1452 2858 1638 2914 consecratio.
1663 2857 1754 2913 Nullae
1771 2857 1834 2926 pri-

126 2928 203 2982 cavit
219 2929 366 2983 l'aulusin
391 2931 509 2985 exordio
524 2931 632 2985 decreti
654 2931 745 2998 prima
758 2930 791 2985 ad
806 2930 871 2986 Cor.
886 2944 950 3000 cap.
1008 2929 1062 2982 mis
1089 2928 1306 2984 Christianismi
1337 2929 1612 2998 temporibusque
1635 2929 1832 3000 virginitatem

127 2995 179 3052 ll:
210 3001 275 3055 Volo
290 3007 378 3054 liutem
400 3018 446 3054 uos
470 3004 548 3070 seire,
566 3001 672 3072 inquit,
694 3001 767 3069 qood
781 3004 868 3056 omnis
896 3005 951 3055 uiri
1007 2999 1117 3054 luerint
1142 3000 1183 3054 vel
1227 2999 1370 3067 prolessae.
1403 3000 1495 3055 Nullae
1525 3000 1580 3054 soh
1615 2999 1758 3056 Clemente
1798 2999 1832 3054 ad

125 3079 209 3140 ceput
224 3072 347 3125 Christos
370 3080 427 3126 est:
444 3078 526 3142 coprit
540 3080 629 3127 autem
641 3073 765 3126 lautioris
777 3075 841 3126 oie:
868 3078 950 3142 copul
1010 3071 1215 3141 professionem
1239 3072 1302 3139 ejus
1324 3070 1468 3138 publicam
1484 3071 1628 3137 admissae,
1659 3079 1714 3127 ele.
1741 3069 1833 3125 Nullae

123 3158 189 3196 cero
210 3143 312 3197 Christi
334 3148 415 3199 ileos.
437 3144 530 3198 dranis
557 3148 601 3198 uir
613 3160 703 3207 orons,
721 3148 770 3197 out
784 3146 950 3213 prophetans
965 3159 990 3221 c
1007 3145 1132 3213 denique
1149 3148 1244 3210 postea
1269 3155 1333 3196 cum
1354 3143 1411 3210 jam
1429 3142 1508 3198 aliud
1526 3142 1655 3199 aviiluis
1676 3141 1831 3211 collegium
1875 3198 1878 3203 ,

122 3214 215 3267 uelato
245 3217 343 3284 cupite,
372 3217 501 3285 deturpet
524 3221 605 3284 copul
624 3231 714 3268 suurn.
742 3215 835 3269 Omnis
859 3223 950 3271 autem

122 3287 330 3349 multominus,
346 3295 395 3340 oid
416 3288 581 3356 prophetans
600 3303 653 3340 nitu
667 3288 754 3340 oeloto
776 3289 874 3355 eapite,
898 3289 951 3341 dc-

124 3363 223 3426 turpot
249 3365 330 3426 caput
348 3374 437 3412 souin.
463 3361 497 3412 ht
517 3373 631 3414 rursum
659 3359 761 3412 versic.
783 3355 872 3413 lait:
902 3360 951 3414 Vir

123 3429 236 3497 quidem
245 3446 298 3482 raon
313 3431 390 3483 debet
401 3431 490 3483 uiatore
503 3436 584 3498 copul
596 3446 675 3482 suum
689 3448 697 3482 ε
713 3431 948 3498 quoniomt'mogo,

124 3505 150 3554 et
164 3501 255 3567 glorio
269 3505 317 3556 liei
336 3506 385 3563 cst,
411 3503 510 3554 mtrelier
530 3507 621 3555 nutem
635 3502 723 3567 ploriu
743 3502 797 3553 vim¹
822 3505 869 3554 est.
890 3503 951 3556 Non

123 3574 198 3625 enim
216 3575 260 3626 eir
273 3589 307 3625 ric
325 3575 439 3626 rriulirre
453 3580 502 3635 est,
519 3574 565 3625 ..sed
590 3574 689 3625 mittier
704 3587 737 3625 cae
756 3573 826 3624 uiro.
841 3574 951 3627 Etenim

124 3659 180 3696 novt
209 3649 248 3697 cst
266 3650 372 3698 ereotus
401 3647 445 3697 uir
468 3650 581 3714 propter
602 3645 751 3704 attollerem,
778 3642 826 3695 sed
852 3644 951 3698 mulier

121 3721 238 3783 primler
258 3719 358 3769 viriam.
374 3716 435 3770 ldro
462 3717 539 3769 ‹lielmt
561 3716 659 3768 maulim·
671 3718 832 3781 potestatem
852 3716 951 3769 dobere

123 3802 211 3852 supro
226 3793 307 3855 cripui
322 3793 431 3856 propter·
442 3788 562 3854 iinprlos.
576 3787 669 3854 Quare
683 3786 830 3853 lity'slicam
847 3793 951 3842 auclo-

101 3915 105 3923 ,
125 3858 241 3911 ritatem
253 3859 342 3925 signi,
361 3859 551 3913 contestantis
565 3858 595 3912 in
611 3857 703 3911 velato
719 3856 812 3925 capite
825 3855 950 3914 lomina-

125 3942 202 3994 rum,
219 3938 247 3984 et
270 3930 298 3983 in
322 3938 420 3999 aperto
433 3931 561 3984 virorum
580 3928 641 3983 illis
661 3933 800 3997 negatam,
818 3928 865 3984 his
876 3943 951 3984 con-

123 4013 234 4055 cessam
262 4007 426 4067 potestatem
452 4000 620 4068 praesciendi
638 4001 667 4053 in
688 3998 848 4052 sacerdotio
876 4001 949 4056 ima-

122 4072 219 4141 ginem
241 4078 269 4126 et
293 4072 412 4142 gloriam
440 4072 562 4139 Christi,
588 4078 664 4126 recte
689 4083 719 4124 se
734 4067 879 4126 allirmant
898 4074 969 4127 de»

124 4142 301 4209 prehendere
318 4145 347 4199 in
372 4143 485 4199 decreto
504 4150 533 4199 et
556 4144 652 4198 verbis
673 4141 800 4209 apostoli
833 4148 888 4198 tam
905 4144 949 4199 illi

121 4213 223 4269 Patres
242 4216 291 4283 qni
310 4228 359 4284 per
378 4215 495 4284 angelos
521 4213 691 4282 intelligunt
717 4211 815 4267 beatos
828 4215 951 4282 spiritus

123 4285 253 4339 lidclium
272 4285 455 4342 orationihus
472 4285 670 4354 presidentes,
693 4297 778 4352 quam
790 4286 885 4340 caeteri
899 4287 949 4356 qui

121 4354 951 4425 angelicumministeriumnostrorumsacerdotnminter·

122 4434 283 4496 prelanlur.

157 4499 227 4551 Nam
242 4504 362 4569 latorque
377 4500 451 4554 ritus
473 4500 599 4555 velandae
614 4498 736 4559 leminae.
762 4506 790 4556 et
803 4498 858 4554 viri
884 4505 950 4556 autc

120 4568 211 4623 Deum
226 4569 349 4625 sistendi
371 4572 466 4640 capite
480 4572 586 4626 intecto
600 4572 668 4626 dum
683 4578 745 4626 orat
761 4578 812 4628 aut
824 4571 948 4640 prophe·
964 4556 991 4617 D

120 4646 174 4705 tat,
190 4641 331 4711 dirigitur
351 4641 384 4695 ad
399 4644 526 4697 eamdem
538 4642 746 4697 consessionem
757 4643 865 4713 rapitis
878 4644 949 4698 uni-

120 4711 196 4765 versi
214 4713 369 4768 sacerdotii
381 4713 409 4766 in
421 4713 536 4769 Christo
546 4719 646 4782 suapte
659 4721 761 4770 natura
775 4714 862 4783 positi
873 4713 946 4784 (cum

121 4783 206 4837 radix
227 4783 266 4837 sit
281 4784 467 4855 sanctitutis),
484 4791 511 4840 et
526 4799 542 4840 a
556 4785 671 4840 Christo
686 4787 864 4840 emanantis:
890 4798 946 4840 non

118 4853 238 4923 quidem
265 4854 293 4908 in
310 4855 437 4926 angelos,
455 4870 527 4926 quos
552 4870 607 4911 non
629 4856 819 4924 apprehendit
837 4855 870 4911 ad
898 4855 948 4909 in-

117 4933 271 4980 cruentum
285 4927 461 4982 sacnhcium
476 4942 561 4982 suum
579 4927 751 4993 iterandum,
768 4927 816 4982 sed
834 4931 945 4981 tantum

118 4995 153 5050 ad
174 4997 336 5053 ministeria
358 5012 472 5066 precum
498 4997 723 5067 offerendarum,
746 5011 837 5068 neque
857 4999 886 5053 in
901 4997 914 5052 l
928 5026 946 5036 -

119 5068 226 5127 minus.
241 5082 313 5137 «ruas
329 5077 418 5124 tuma
438 5070 576 5125 sacrilieii
603 5070 809 5138 immolatione,
835 5075 894 5125 tum
910 5069 946 5124 ah

117 5137 280 5195 oblationis
298 5141 461 5196 ministerio
479 5142 506 5195 in
532 5141 615 5196 altami
633 5143 793 5210 praestando
814 5141 943 5204 removit,

116 5210 168 5265 sed
186 5211 271 5266 ulrice
285 5211 318 5265 ud
334 5213 421 5273 viros,
438 5213 559 5268 donatos
578 5214 712 5284 imagine,
733 5221 760 5269 et
783 5213 876 5285 gloria
895 5227 947 5268 ca-

118 5282 193 5351 pitis
212 5282 367 5339 sacerdotii
393 5292 418 5338 et
445 5284 592 5353 pontilicis
615 5285 714 5340 aterni
737 5285 844 5340 Christi
872 5287 947 5340 inter

118 5353 253 5408 homines
266 5354 450 5423 praeferenda,
463 5370 527 5410 cum
542 5362 680 5424 potestate
689 5357 800 5411 ceteris
808 5357 945 5426 denegata

116 5425 319 5492 ministrandi,
334 5425 484 5492 ollerendi,
494 5427 693 5492 consecrandi,
707 5433 736 5481 et
750 5427 943 5483 sacrincanoi.

115 5496 295 5567 Dignitatem
309 5499 407 5567 itaque
422 5499 514 5553 divini
526 5499 631 5567 capitis
643 5498 751 5552 Christi
765 5498 901 5566 praedicat
912 5512 947 5556 ex

115 5579 179 5621 aevo
192 5569 387 5635 apostolorum
407 5570 524 5624 inducta
540 5577 597 5624 tum
622 5571 651 5622 in
668 5568 740 5622 viris
761 5570 795 5623 ad
810 5570 947 5626 sacerdo-

116 5638 194 5693 tium
212 5637 295 5694 lectis
307 5646 435 5705 tonsum,
451 5648 479 5696 et
493 5654 598 5695 corona
612 5640 732 5708 Christi,
745 5640 820 5696 Petri
833 5640 944 5712 legibus

113 5709 185 5779 jure
198 5711 352 5779 attributa,
369 5718 401 5767 ut
417 5712 492 5766 inira
506 5711 669 5765 videhimus
683 5713 711 5767 in
725 5711 854 5781 hniceto,
866 5718 946 5768 etsa-

1006 3214 1074 3270 sola
1103 3214 1326 3277 constituerent,
1354 3227 1405 3267 seu
1422 3213 1482 3268 velo
1509 3213 1691 3281 imponendo,
1708 3225 1758 3267 seu
1773 3211 1832 3265 ali-

1005 3299 1062 3356 quo
1076 3285 1133 3340 alio
1149 3283 1269 3338 solemni
1291 3285 1351 3338 ritu
1376 3282 1411 3337 ab
1435 3283 1569 3352 episcopo
1594 3288 1777 3350 consecratae,
1798 3295 1832 3337 ne

1006 3356 1121 3427 quidem
1146 3357 1242 3424 sesqui
1269 3354 1374 3409 seculo
1398 3354 1592 3410 aClementis
1613 3353 1695 3410 ohitu
1722 3353 1829 3422 elapso,

1005 3441 1070 3482 cum
1106 3426 1245 3483 scriberet
1276 3425 1446 3496 Cyprianus.
1475 3426 1575 3495 »Quid
1613 3425 1648 3480 de
1683 3424 1828 3497 virginum

1004 3494 1832 3568 statuprofessione,etriruvelaminissuscipienoiprimis

1006 3569 1086 3624 hisce
1110 3569 1242 3624 Ecclesiae
1265 3568 1444 3636 temporibus
1461 3568 1643 3623 sentiendum
1659 3569 1708 3623 sit.
1731 3571 1831 3622 contm

1005 3644 1193 3696 sectariorum
1203 3639 1364 3695 obstinatas
1377 3638 1658 3709 inliciasopportune
1668 3638 1832 3694 videbimus

1008 3712 1037 3767 in
1048 3714 1154 3767 sotere.
1174 3713 1256 3766 Nunc
1269 3712 1343 3766 satis
1354 3724 1415 3765 esse
1428 3711 1567 3766 duximus
1579 3710 1740 3768 ohservare.
1766 3722 1832 3764 mu-

1008 3783 1131 3838 lierihus
1145 3781 1288 3838 universis
1298 3797 1312 3835 a
1324 3784 1439 3836 Petroet
1454 3782 1540 3838 Paulo
1555 3781 1719 3836 mandatum
1731 3779 1832 3840 luisse.

1009 3860 1042 3910 ut
1053 3854 1247 3923 carpriievelato
1260 3852 1409 3909 eeclesiam
1424 3854 1652 3924 ingrederentur,
1661 3858 1690 3909 et
1698 3856 1830 3908 orarent:

1007 3933 1035 3981 et
1052 3927 1079 3979 in
1096 3939 1172 3981 eure
1187 3938 1242 3979 non
1259 3927 1341 3981 rivorio
1367 3932 1545 3994 prospectum
1562 3923 1654 3982 luisse
1672 3923 1833 3980 honestatis

1009 3997 1155 4066 praesidio,
1171 4003 1198 4052 et
1224 3996 1424 4051 sanctimoniae
1435 3996 1597 4051 Christiani
1611 4001 1703 4051 coetus
1719 3995 1749 4050 in
1765 4008 1833 4051 cou-

1008 4075 1093 4124 ventu
1126 4083 1213 4124 sexus
1250 4068 1405 4137 utriusque
1436 4066 1574 4133 lidelium,
1606 4080 1703 4123 verum
1745 4066 1832 4122 etiam

1007 4141 1156 4209 quaesitam
1194 4138 1286 4194 luisse
1319 4138 1466 4208 mysticam
1494 4138 1662 4193 relationem
1695 4137 1773 4207 lidei,
1800 4150 1833 4192 ac
1917 4180 1920 4184 a

1006 4214 1066 4281 spei
1093 4220 1197 4267 nostra
1220 4210 1254 4265 ad
1280 4210 1389 4265 Christi
1416 4211 1608 4266 sacerdotium
1632 4209 1832 4274 indicandum,

1006 4283 1148 4409 {elatamque
1169 4283 1236 4353 jura
1261 4281 1414 4338 asserenda
1436 4280 1507 4336 viris
1526 4281 1725 4338 tantummodo
1740 4293 1832 4336 reser-

1344 4460 1494 4516 ciaconii

1043 4605 1128 4660 Linea
1142 4602 1154 4658 l
1162 4645 1168 4657 .
1180 4634 1217 4643 —
1230 4605 1326 4671 Linus,
1338 4604 1449 4656 notione
1470 4602 1568 4667 Italus,
1582 4603 1700 4669 regionis
1717 4603 1828 4656 Tusciae.

1005 4676 1102 4732 Patria
1119 4675 1332 4731 volaterranus.
1351 4680 1430 4742 patre
1440 4674 1609 4738 llereulano,
1624 4673 1737 4742 primus
1750 4673 1831 4729 heato

1005 4749 1090 4802 Petro
1102 4749 1131 4802 in
1145 4747 1271 4802 Romano
1288 4744 1456 4813 pontillcatu
1475 4749 1623 4799 successit.
1640 4745 1721 4800 llunc
1732 4745 1761 4798 ll.
1778 4745 1831 4798 l’e-

1009 4814 1832 4882 trus,dnmuniversalisiiccleslaesollicitudine,ahUrhc

1011 4890 1041 4943 in
1063 4889 1191 4944 diversas
1203 4888 1362 4943 Christiani
1379 4885 1459 4941 orhis
1474 4887 1638 4956 provincias
1653 4891 1829 4954 evocaretur,

1010 4958 1155 5015 ordinavit
1179 4959 1372 5028 coadjrtorem
1395 4957 1560 5026 episcopum
1579 4969 1713 5012 unacum
1734 4956 1828 5011 Cleto:

1008 5031 1058 5100 oui
1070 5030 1157 5085 simul
1174 5029 1235 5085 loco
1260 5029 1354 5097 ipsius
1370 5029 1443 5084 Petri
1469 5028 1606 5093 absentis,
1621 5028 1831 5084 ecclesiasticas

1006 5100 1180 5165 functiones,
1197 5108 1225 5156 et
1240 5101 1339 5155 munia
1354 5099 1529 5170 episcopalia
1549 5098 1673 5165 obirent,
1690 5105 1718 5155 et
1740 5100 1831 5154 Linus

1007 5174 1123 5244 quidem
1140 5173 1216 5228 intra
1228 5170 1340 5234 Urbem,
1356 5171 1453 5227 Cletus
1466 5176 1561 5226 autem
1575 5180 1654 5226 extra
1666 5172 1696 5226 in
1720 5170 1831 5227 schur-

1004 5244 1064 5299 hiis
1078 5244 1214 5298 vicaeiam
1231 5243 1347 5298 interim
1364 5248 1493 5312 gererent
1508 5247 1686 5312 potestatem.
1710 5243 1744 5298 Et
1763 5242 1831 5297 licet

1006 5317 1106 5371 Petrus
1130 5315 1302 5370 Clementem
1327 5326 1519 5368 successorem
1554 5313 1612 5368 sihi
1640 5313 1829 5384 designasset,

1006 5388 1134 5442 Clemens
1147 5393 1241 5441 tamen
1267 5385 1407 5440 modestia
1421 5398 1492 5440 usus
1510 5384 1571 5453 juri
1599 5398 1652 5440 suo
1674 5384 1780 5441 cessit:
1803 5392 1831 5440 et

1006 5460 1096 5515 Linus
1108 5455 1244 5528 pontifex
1264 5455 1410 5511 Romanus
1424 5456 1532 5510 electus
1548 5453 1614 5511 luit.
1765 5462 1769 5469 ’

1361 5580 1464 5638 PhGn.

1037 5714 1124 5770 Linou
1155 5709 1179 5766 l.
1193 5741 1230 5750 -
1251 5710 1327 5765 Sedit
1353 5723 1450 5770 orthos,
1466 5713 1521 5764 etc.
1541 5706 1570 5764 S.
1590 5708 1667 5764 Petri
1690 5708 1828 5777 vicarius,

116 5781 283 5837 cerdotium
314 5782 357 5837 illi
391 5784 633 5839 communicatum
668 5783 852 5855 significans,
883 5792 943 5840 tum
999 5779 1668 5854 seucoadiutorconsecratnsest,eiqueluxta
1685 5782 1832 5845 Hierony-

114 5854 254 5924 aperium
269 5854 395 5911 aliorum
421 5856 549 5911 virorum
565 5859 661 5926 caput,
677 5855 840 5913 facultatem
861 5857 944 5914 illius
999 5871 1078 5918 mum
1092 5857 1122 5912 in
1139 5853 1312 5928 pontificatu
1320 5864 1398 5911 anno
1410 5849 1450 5910 (ih
1462 5852 1625 5909 sscsessit.
