3892 6136
117 222 187 280 4459
719 220 900 277 ANASTASH
930 219 1205 277 ntccinnnccnnn
1758 218 1825 280 ttco

117 346 199 414 tissa,
216 345 290 414 quod
305 346 397 415 primo
408 344 541 401 dituculo
551 357 676 400 asomno
689 345 818 413 exorati,
829 343 944 399 Christo
957 343 986 404 A
997 344 1126 415 ignatius
1140 344 1294 414 episcopus
1323 343 1520 400 antiochenus
1540 356 1578 399 ex
1591 342 1695 399 eodem
1708 343 1827 401 Eusebii

116 426 254 485 tanquam
268 419 324 472 Deo
339 416 459 486 hymnos
474 422 771 471 astronomicarum
788 415 942 483 :riiiriteria
997 414 1072 471 libro
1084 429 1145 484 cap.
1160 414 1204 483 sc,
1224 424 1344 487 interque
1363 429 1438 471 anno
1455 412 1516 483 tto,
1543 422 1575 470 ut
1595 414 1694 484 legere
1708 424 1755 471 est
1766 416 1827 472 eri-

118 488 288 544 nomicidia.
301 495 328 543 et
345 489 456 558 reliqua
470 486 765 558 hujusmodicrimiua
779 487 845 542 ilios
856 487 942 541 etiam
997 486 1060 541 tica
1084 488 1249 542 Barouianaa
1264 500 1339 541 anno
1365 483 1425 542 iti.
1450 486 1514 541 itae
1529 488 1700 555 persecutio
1713 487 1829 543 dumrit

116 559 473 628 aversari,ounctaquees
493 558 859 627 'transcriptolrpumapere
886 558 943 611 lie-
998 558 1140 628 usquead
1170 572 1275 613 annum
1306 557 1426 613 Adriani
1454 558 1643 625 imperatoris
1669 556 1827 625 decimum,

117 630 237 699 scripsit
257 630 397 698 trajanus
419 631 445 684 in
471 631 529 685 naec
555 629 658 683 verna:
685 629 871 697 Conquirendi
889 644 943 681 nori
995 628 1103 683 Christi
1120 626 1181 690 496,
1196 630 1246 698 qui
1262 629 1326 697 rjus
1340 636 1440 683 astum
1463 628 1621 697 mitigavit,
1638 642 1764 684 suorum
1779 631 1830 685 de·

117 708 202 755 snut:
218 703 243 754 si
256 702 418 768 doni-autur·
432 706 458 753 rt
483 706 651 767 sarpiuntur,
672 701 806 769 prrrairndi
823 707 898 753 srartt.
911 702 941 753 in
995 699 1158 755 cennniintn
1173 700 1332 767 occasione,
1344 701 1447 770 dequo
1463 698 1604 771 tegendus
1615 699 1766 756 Eusebius
1780 700 1828 755 tin.

118 771 169 826 iiia
187 773 384 841 perseeutione
403 771 515 826 Simeon
529 771 659 839 Cieopnae
682 769 761 825 titius
776 770 943 839 itierosoiy-
997 784 1036 833 ιι,
1055 784 1116 838 carr.
1130 772 1159 836 8,
1174 769 1221 825 ubi
1238 771 1292 825 ista
1306 769 1392 826 retest
1406 784 1440 825 ex
1452 769 1480 825 S.
1495 770 1615 826 tustino
1644 770 1676 825 iu
1688 771 1829 843 Apologia

119 856 229 898 suorum
245 843 397 911 episcopus
409 855 501 897 annos
517 848 601 897 natus
617 840 667 897 tro
682 842 763 896 cruci
775 840 876 895 attixus
886 846 939 908 ast,
996 842 1031 897 ad
1044 843 1238 909 imperatores,
1250 848 1279 896 et
1290 856 1351 907 ean.
1364 839 1382 896 9
1394 840 1515 896 Adriani
1528 841 1690 910 epistotam
1701 842 1826 909 exhibet,

118 914 202 982 cutus
226 916 394 984 martyrium
415 926 448 967 ex
471 914 631 982 liegesippo
645 911 787 968 describit
800 912 942 966 Eusebius
996 912 1111 982 nequis
1125 911 1355 967 Christianorum
1374 912 1485 967 indicta
1498 924 1589 968 causa
1604 913 1765 982 puniatur.
1785 914 1828 969 Lc-

118 984 170 1040 iib.
188 999 229 1040 ιιι.
256 998 318 1053 cap.
335 982 380 1039 32.
402 986 570 1054 Martyrium
595 984 703 1052 pariter
717 982 810 1038 subiit
824 990 942 1038 sanstus
997 983 1086 1055 ganda
1104 983 1202 1039 itidem
1216 983 1331 1041 Baronii
1347 982 1461 1040 critica.

699 1375 789 1447 Vnt
826 1374 1015 1444 SANCTUS
1053 1376 1206 1447 sixtus

638 1620 728 1663 anno
749 1619 877 1663 cuuisri
909 1603 967 1664 132
984 1620 1119 1664 snraisru
1142 1621 1213 1664 tur.
1244 1604 1291 1665 13.

864 1812 1066 1827 —

274 1958 449 2034 Sitiatas,
467 1960 605 2024 natione
632 1964 874 2040 carracenses
900 1965 1001 2042 patre
1032 1964 1188 2038 Pastore,
1206 1963 1245 2026 de
1265 1963 1402 2043 repioae
1428 1964 1490 2028 Via
1505 1961 1597 2039 iata,
1613 1963 1713 2027 sedit
1727 1980 1826 2029 arra

239 2056 357 2136 decana,
382 2074 508 2120 neruos
523 2062 604 2135 tres,
614 2060 686 2121 dies
696 2059 828 2137 oipinti
838 2077 946 2122 ranrarn
959 2070 975 2102 ⁸
988 2104 997 2122 .
1011 2061 1096 2122 Fuit
1109 2063 1223 2123 autern
1233 2061 1437 2142 tenrporidns
1458 2062 1570 2126 Adria
1576 2059 1644 2124 nib
1665 2081 1778 2145 easque
1788 2062 1826 2127 ad

243 2155 363 2217 Vernae
394 2158 427 2217 et
455 2155 658 2217 Ariarioulum
686 2170 709 2216 ι.
734 2158 907 2236 Martyria
932 2161 1126 2221 coronatur.
1158 2158 1227 2221 Ilio
1253 2159 1434 2222 conterno
1453 2162 1492 2221 nt
1520 2162 1732 2226 rninisteria
1751 2160 1825 2225 ‘sa-

243 2254 339 2313 crata
357 2269 422 2314 raon
448 2256 676 2331 tanperrntnr
701 2254 771 2317 nisi
795 2271 816 2315 a
843 2255 1043 2318 nrinr'strise
1062 2302 1068 2315 .
1084 2256 1153 2319 Ilio
1179 2257 1360 2319 corastitnit
1383 2261 1421 2319 at
1436 2258 1637 2340 qaieanqne
1654 2261 1822 2341 episeopo-

204 2350 223 2407 5
244 2364 322 2410 rnrn
336 2353 492 2413 euocatus
505 2350 631 2432 suisset
647 2353 692 2413 ad
704 2354 814 2414 sedern
832 2351 1078 2433 apostoliearnf
1096 2402 1106 2432 ,
1123 2357 1155 2415 et
1170 2355 1307 2416 rediens
1335 2356 1382 2417 ad
1394 2356 1596 2436 parochiana
1623 2374 1743 2433 strant,
1769 2376 1823 2420 noa

238 2447 473 2527 susciperetur
487 2449 556 2510 nisi
571 2466 645 2511 oraru
661 2448 792 2512 titteris
815 2449 1013 2529 piatriarchae
1028 2450 1242 2511 salutationis
1263 2451 1352 2530 plebi
1367 2466 1384 2507 a
1416 2470 1490 2533 quae
1505 2458 1556 2516 est
1586 2454 1824 2518 tormentalis

237 2542 320 2624 fecit
335 2544 568 2608 ordinationes
590 2549 660 2609 tres
673 2563 730 2624 per
744 2563 892 2609 mensem
906 2547 1094 2611 Decembris
1110 2571 1116 2610 :
1138 2550 1353 2629 praeoptares
1367 2552 1534 2629 ¹randeairn,
1562 2553 1733 2616 diaconos
1751 2567 1822 2635 qta-

237 2640 343 2702 taorh
359 2687 367 2717 ,
382 2641 551 2721 episeopos
562 2659 626 2722 per
640 2644 777 2706 rtioarsa
790 2643 862 2707 toea
878 2662 1016 2707 ararmro
1029 2650 1187 2726 quatuor.
1203 2648 1269 2722 Qui
1283 2649 1386 2711 etiarn
1399 2648 1559 2730 sepultus
1572 2654 1626 2713 ast
1635 2653 1660 2730 j
1664 2655 1753 2715 nata
1762 2667 1822 2715 cor-

233 2737 405 2818 prestanti
418 2738 570 2801 Patr-iio
585 2740 785 2803 Vaticanum
800 2759 834 2802 111
855 2744 966 2804 Nonas
976 2743 1124 2825 Aprilisi
1145 2747 1201 2823 ,et
1226 2746 1372 2809 cessarit
1399 2746 1619 2828 episcopatos
1639 2749 1719 2813 dies
1740 2751 1821 2814 dan.

701 2901 948 2965 CATALOGUS
961 2905 1039 2967 SUB
1057 2905 1235 2967 LIBERIO.

160 3036 272 3101 Sixtus
287 3039 386 3100 orariis
402 3038 524 3118 decem,
540 3040 714 3103 mensibus
727 3041 848 3118 tribus,
869 3043 988 3107 diebus
999 3045 1125 3123 viginti
1139 3064 1216 3108 uuo.
1233 3046 1311 3110 Fuit
1328 3048 1534 3126 temporibus
1548 3050 1702 3116 Adriani
1716 3074 1739 3119 a
1752 3072 1823 3119 rou-

119 3135 233 3197 sulatu
249 3136 347 3214 Nigri
362 3140 394 3198 et
415 3138 598 3219 Aproniani
614 3156 721 3219 usque
737 3142 820 3201 Vero
835 3143 882 3202 ΙΙΙ
898 3145 930 3204 et
945 3142 1135 3206 Ambibulo.

701 3316 842 3361 NO'I'ULAE
857 3319 883 3359 M
887 3317 1065 3363 anclnnclss
1078 3320 1242 3365 FABROTTI

154 3456 169 3487 ²
182 3448 205 3501 Β
218 3460 264 3502 un.
284 3443 326 3513 tn,
342 3460 438 3503 mense
454 3443 465 3500 4
479 3449 548 3503 etd.
566 3445 610 3503 99.
667 3446 722 3503 bet
732 3448 871 3505 Antonini
885 3451 938 3505 Pii.
1013 3455 1070 3511 cii,
1090 3467 1180 3522 usque
1199 3454 1233 3511 ad
1254 3456 1320 3510 Ant.
1344 3455 1417 3527 nug.
1430 3464 1458 3514 et
1473 3460 1508 3513 Μ.
1533 3461 1639 3518 Aurei.
1654 3465 1822 3522 intonans

119 3515 300 3585 drasaec,
325 3532 360 3572 ru.
396 3520 529 3573 sacratis.
598 3518 955 3600 ί’99Ιὶοιιιιιιιιιηιιιιιοει.
1041 3524 1277 3589 attiniacum
1299 3526 1532 3586 turmatissalut.
1552 3533 1825 3604 appresentaro

119 3596 211 3657 apost.
230 3590 299 3645 Vide
312 3590 378 3644 Bor.
394 3591 432 3644 nat
443 3606 490 3644 ran.
509 3586 569 3645 tte.
645 3589 789 3646 hcnuos.
843 3593 1148 3663 Ιι’ΒιιιιιιιΑιιιίΙ.

771 3753 913 3815 VARIAE
929 3753 1170 3817 unctiones

260 3884 345 3952 Aperit
355 3885 512 3939 Fatbrottnm
527 3900 560 3939 aa
572 3885 662 3940 codiee
675 3887 796 3940 Freiria.
996 3889 1048 3943 nto
1060 3892 1214 3948 constitnit
1238 3900 1270 3949 ut
1287 3895 1362 3950 intra
1377 3898 1519 3953 actionem
1532 3903 1678 3962 sacerdos
1694 3906 1825 3979 incipient

154 3972 235 4025 Nam.
246 3969 274 4035 8,
292 3971 342 4024 tin.
364 3970 391 4041 6,
407 3972 428 4025 Β
443 3985 508 4027 curn
529 3972 636 4028 titteris
650 3975 816 4045 apostolica.
828 3975 942 4032 saluta·
997 3960 1104 4031 909940
1119 3961 1254 4032 hymnum
1274 3966 1448 4035 diffinienti,
1463 3968 1585 4026 Sanctus
1600 3990 1626 4028 ⁸·
1654 3992 1681 4031 s·
1707 3982 1825 4035 Βοιιιῑιιι

121 4041 222 4097 tinnis.
236 4042 287 4095 tiri.
299 4042 372 4107 eod,
386 4042 473 4111 quod.
996 4033 1068 4086 licus
1078 4031 1208 4100 Sotitotit,
1224 4041 1278 4090 etc.
1300 4038 1351 4092 iiic
1367 4037 1444 4108 iecit,
1458 4045 1513 4110 etc,
1531 4043 1584 4098 tin.
1595 4042 1625 4115 9,
1644 4048 1677 4103 in
1689 4049 1824 4107 vitiano.

225 4131 269 4183 Ea
282 4130 372 4184 codice
393 4132 485 4200 Rapio,
503 4133 646 4187 Mirzorino
671 4139 696 4188 ot
711 4135 833 4189 Thanna.
1140 4141 1225 4209 apua
1235 4144 1437 4200 iiotstrniumet
1450 4147 1694 4209 SitheIrstrotiurn.

155 4219 217 4272 Lin.
236 4216 264 4277 9,
282 4224 408 4287 tempore
426 4219 493 4274 Adr.
521 4221 560 4274 tin
587 4220 614 4287 3,
641 4236 708 4277 ann.
732 4224 874 4279 consules.
892 4226 944 4280 Hic
1034 4228 1086 4283 cin
1100 4226 1128 4294 9,
1144 4231 1251 4284 «tassia.
1267 4237 1293 4285 et
1317 4234 1390 4287 Ftor.
1416 4235 1478 4301 atrio,
1506 4251 1622 4294 mensos
1647 4244 1726 4302 duos
1757 4246 1825 4301 dien

119 4289 274 4347 constituit
290 4294 372 4371 utm.
386 4304 413 4372 s.¹
429 4290 478 4343 tin.
494 4289 574 4348 tilis.
590 4293 667 4374 sedis
679 4295 843 4360 apostoticae
855 4295 942 4352 salut.
1000 4312 1101 4354 unum.
1120 4301 1170 4353 tin.
1183 4299 1210 4368 9,
1224 4303 1296 4357 Ptor.
1305 4308 1380 4373 prim
1394 4348 1402 4371 ,
1418 4306 1585 4379 ambiguus
1597 4288 1737 4372 Bibutus'.
1754 4314 1824 4381 tini,

120 4372 146 4429 p.
160 4362 231 4414 niara
248 4360 354 4414 stertat.
373 4360 443 4414 inid.
455 4362 529 4430 (ruod
545 4369 587 4417 est
598 4361 618 4416 t.
635 4364 683 4415 trra.
696 4361 723 4430 i,
743 4379 783 4433 pr.
803 4364 845 4420 n.
861 4368 942 4434 iiras,
999 4376 1027 4424 et
1041 4371 1166 4440 rediens,
1183 4376 1261 4428 neost
1274 4376 1305 4427 in
1325 4376 1410 4430 Vatia.
1427 4379 1534 4433 etFtor.
1548 4390 1588 4436 et.
1605 4384 1659 4439 tin.
1675 4386 1704 4451 6,
1718 4388 1826 4451 Casas,

120 4445 164 4500 pr.
176 4430 202 4487 5.
220 4431 295 4487 diac.
315 4428 357 4485 n.
373 4432 467 4514 diruti.
484 4431 591 4498 loeai3
606 4434 654 4515 nic
670 4436 807 4517 martyrio
819 4451 945 4493 corona-
999 4442 1175 4522 apostolicae.
1204 4445 1292 4498 Vatia.
1320 4456 1345 4499 oa
1368 4448 1440 4502 ntor.
1464 4449 1523 4505 duo
1546 4453 1628 4509 sedis
1656 4458 1825 4527 apostoticae,

120 4509 167 4558 tus
182 4510 236 4568 est,
246 4510 274 4559 et
289 4502 420 4573 sepultus
428 4517 450 4571 J.
464 4517 489 4558 o.
504 4504 554 4557 nn.
566 4503 592 4572 9,
609 4518 638 4559 ιιι
656 4506 801 4562 Vaticano.
1000 4512 1050 4564 ian.
1066 4511 1094 4582 9,
1109 4514 1198 4579 Ftor„
1215 4515 1362 4573 Vaticano.

333 4592 376 4645 Ea
390 4592 479 4645 cadiae
507 4593 619 4647 Tio-nono
632 4594 726 4649 attero.
1160 4604 1245 4671 ,iprad
1259 4607 1371 4661 Panium
1385 4624 1420 4663 ea
1441 4610 1676 4671 castrodunensi.

157 4682 216 4735 iio.
229 4678 257 4745 9,
274 4692 385 4734 menses
398 4676 426 4741 9,
441 4680 517 4735 diem
542 4679 566 4733 t.
583 4682 632 4735 tio.
647 4679 675 4751 5,
697 4683 882 4751 apostoticam
897 4701 945 4741 re·
1029 4690 1095 4744 tin.
1114 4687 1139 4760 t,
1151 4692 1270 4762 Xystus.
1299 4694 1337 4748 tin
1364 4694 1390 4764 9,
1408 4698 1459 4764 ΒΡ,
1481 4699 1510 4755 in
1535 4701 1711 4764 Baticauuru
1730 4723 1762 4766 ιιι
1776 4710 1828 4765 n'o-

117 4751 212 4807 dieus.
230 4751 280 4804 tin.
294 4750 321 4819 a,
331 4750 519 4807 salutationis
533 4751 622 4823 pieni,
639 4755 713 4824 quod
728 4762 771 4811 est
782 4755 942 4813 formatam.
999 4772 1050 4815 nas
1062 4762 1154 4831 norit.
1171 4770 1199 4820 et
1214 4766 1335 4821 cessavit
1349 4768 1547 4840 episcopatum
1559 4773 1626 4831 dies
1645 4791 1679 4834 u.

790 4892 912 4953 NOTAE
931 4894 1164 4960 VARIORUM.

429 5010 632 5067 ALTASERRA
1000 5018 1189 5077 «ambonem
1204 5023 1289 5080 ettam
1314 5039 1503 5084 marmoreum
1530 5029 1562 5085 tn
1586 5034 1688 5091 eadem
1715 5038 1826 5095 sociasti

386 5153 391 5164 .
498 5155 503 5165 .
541 5154 546 5165 1
657 5156 662 5166 ⁸
999 5088 1827 5176 tecit,eamquediversisunavnnnteis,atquemtoisto

156 5155 242 5211 Linea
257 5150 284 5210 3.
307 5181 338 5193 -
354 5153 405 5206 Hie
416 5156 557 5206 constitnit
575 5158 606 5207 ut
624 5157 777 5210 ruanistrria
795 5172 876 5213 sacro
890 5176 945 5213 nort
1001 5162 1064 5216 riis.
1079 5163 1181 5218 aldeni
1195 5165 1365 5224 inUrbann:
1379 5170 1454 5225 «nio
1467 5169 1535 5227 tecit
1546 5174 1714 5234 ministeria
1725 5188 1827 5237 sacrata

119 5231 304 5293 adunarentur,
321 5225 378 5276 nisi
396 5240 413 5275 n
441 5225 577 5278 ministris
593 5226 740 5281 Decretum
753 5228 826 5283 Sitti
840 5237 894 5295 est,
911 5244 945 5285 ne
962 5233 1097 5298 Bournia
1118 5242 1261 5305 argentea.
1280 5255 1292 5285 r

119 5309 186 5351 vasa
200 5309 281 5351 sacra
295 5293 331 5348 ab
344 5294 413 5349 aitis
436 5307 519 5361 truarn
534 5310 549 5350 a
568 5296 658 5350 sacris
672 5298 815 5353 ministris
830 5309 946 5356 contre·
1036 5304 1123 5359 Linea
1142 5304 1167 5359 t.
1183 5335 1220 5345 -
1244 5309 1296 5361 iiic
1308 5311 1449 5365 constituit
1462 5315 1494 5365 at
1507 5316 1669 5385 quintoque
1690 5324 1827 5392 episcopo-

119 5373 233 5421 ctentur
254 5379 315 5421 can.
334 5368 365 5419 in
385 5370 480 5418 sarneio
496 5365 529 5417 ar
548 5382 663 5421 sinisera.
680 5368 740 5423 dist
755 5367 780 5423 4.
808 5371 846 5425 iix
863 5385 944 5428 conc.
1000 5381 1195 5430 mmroorotns
1210 5380 1308 5444 suisset
1322 5381 1360 5433 od
1374 5381 1463 5436 sodon
1476 5388 1668 5452 apostoticam.
1686 5397 1713 5445 ot
1725 5393 1826 5446 radios

120 5436 298 5501 moticensi,
313 5450 377 5492 can.
392 5434 439 5499 94,
457 5449 511 5489 arran
528 5436 592 5492 lion
607 5438 805 5505 subdiaconis,
822 5456 944 5510 «turnum
1001 5446 1040 5498 od
1061 5447 1221 5514 paroeciam
1242 5465 1328 5509 snarrn.
1346 5468 1400 5506 uon
1413 5455 1608 5521 susciperetur.
1632 5464 1691 5515 nisi
1704 5478 1765 5516 omn
1783 5464 1828 5515 tit-

123 5508 247 5560 nondum
264 5513 417 5562 sinceraret
432 5507 513 5571 ordo,
529 5520 609 5587 saara
623 5524 688 5589 vasa
703 5518 891 5567 contrectare.
907 5516 947 5568 Ex
1002 5518 1066 5569 teris
1080 5520 1244 5585 partriarcha
1258 5522 1436 5576 salutationis
1448 5524 1530 5593 partos,
1555 5543 1618 5595 que
1647 5536 1827 5599 estformotn.

119 5588 200 5655 conc.
227 5578 337 5631 Bracar.
361 5591 380 5632 1.
397 5589 461 5632 cau.
475 5573 520 5644 98,
547 5579 621 5632 idern
646 5582 831 5638 interdictum
853 5593 897 5640 est
913 5584 949 5639 le·
1001 5586 1075 5641 sixti
1095 5588 1216 5643 atterum
1241 5590 1384 5647 deareturn
1400 5600 1452 5658 est,
1480 5608 1515 5650 ne
1529 5598 1828 5669 episcopuserocatus

120 5643 264 5727 ataricus,
291 5647 358 5701 Can.
390 5650 451 5703 iton
493 5653 606 5716 oportd,
637 5651 697 5705 Non
722 5654 792 5714 ticet.
820 5652 856 5710 93
878 5655 946 5712 dist.
1002 5657 1037 5711 ad
1054 5658 1360 5729 sodamapostoiicam,
1380 5664 1445 5720 inde
1465 5666 1629 5725 rediensin
1646 5675 1826 5731 suaoeetesia

121 5718 285 5772 ministeria
306 5721 452 5773 suutvasa
475 5731 565 5775 saara.
582 5720 716 5777 anastas.
735 5723 765 5778 in
780 5725 946 5796 Gregorii:
1002 5727 1175 5784 admittatur
1201 5734 1265 5786 sine
1288 5732 1429 5805 formatis,
1460 5742 1491 5791 ut
1517 5737 1642 5810 liqueat,
1667 5756 1704 5800 an
1732 5744 1828 5801 nacon
