3892 6136
116 257 185 320 11111
741 250 921 311 adierisll
938 249 1213 311 meliorassem
1763 254 1832 315 1518

113 390 147 444 31
157 398 269 452 macer,
287 394 352 440 cum
365 379 470 438 fuisset
483 381 592 438 detecta
605 381 660 438 sub
675 380 831 439 ilelcblade
842 379 941 450 ponti·
952 379 983 441 A
999 381 1138 450 mysterii,
1152 380 1303 453 asingulis
1316 379 1834 456 11311133131311133131133313

114 457 230 514 ficatum
245 456 347 524 adepto
362 452 503 525 abigenda
519 451 607 509 fuerit
622 454 652 508 iu
667 453 786 510 exordio
799 452 846 510 sui
863 451 942 523 reqi—
997 452 1105 508 assumi
1121 454 1300 523 permittitur
1315 453 1373 509 alia
1389 467 1488 509 norma
1510 455 1673 525 prescripta
1686 453 1759 540 esti:
1776 456 1834 512 sire

115 529 203 584 minis
220 525 368 598 pontificia
382 524 524 595 ejusmodi
538 523 607 608 lege,
620 530 740 581 veterem
754 524 941 594 disciplinam
997 537 1062 579 cum
1082 524 1266 587 Eleutherius
1286 531 1443 594 opponeret
1466 524 1628 581 heresibus
1647 525 1790 582 Basilidis
1808 532 1835 583 et

115 599 312 669 conflrmante,
329 610 364 652 ne
377 595 481 652 diebus
497 596 656 653 Dominicis
675 597 786 665 jejunia
801 594 942 653 solemnia
996 593 1187 665 carpocratis,
1203 596 1261 652 duo
1277 610 1370 653 rerum
1390 596 1533 667 principia
1554 597 1758 654 statuentibus
1774 598 1836 652 boui

116 674 319 743 congerentur
337 667 423 725 etiam
447 668 476 722 in
496 673 603 738 septem
626 666 853 724 hebdomadibus
871 667 944 735 Qua·
997 671 1022 720 et
1035 667 1204 737 modicaque
1220 666 1411 723 referentibus
1427 668 1504 724 inter
1523 669 1603 733 deos,
1620 676 1651 724 et
1669 670 1832 725 animorum

114 743 294 815 dragesimm,
316 754 333 797 a
360 739 532 808 Telesphoro
558 753 591 795 ex
613 739 771 797 traditione
797 739 826 795 in
852 737 941 807 legem
998 739 1280 809 transmigrationem
1303 740 1483 808 commentis,
1505 746 1534 795 et
1555 739 1669 796 idcirco
1689 742 1835 810 supersti-

115 815 252 883 scriptam
271 811 405 879 redactis,
422 823 489 866 neve
503 810 605 881 quinta
620 810 692 866 feria
703 810 864 880 1313133113
880 809 942 865 ini·
997 809 1834 882 tioseabstinentibusacibisquibusdametanimantibus,

116 881 942 953 113313333313333313333331133133333133333133-
1018 893 1060 935 uae
1074 881 1108 936 ad
1123 880 1283 937 Creatorem
1301 882 1367 937 mali
1384 895 1434 938 seu
1455 881 1563 939 malurn
1585 883 1772 952 principium
1789 896 1831 953 per

135 958 256 1012 esimum
282 954 411 1020 indictis,
443 958 475 1009 ut
502 967 590 1022 supra
617 954 739 1026 legimus
768 954 941 1008 innumero
997 894 1064 1007 filas
1077 952 1282 1020 referebantur,
1298 953 1482 1023 promulgans
1498 954 1588 1022 legem
1607 953 1771 1011 indiscrete
1785 954 1836 1010 31-

117 973 242 1092 {allisth
271 1024 478 1081 includeretur.
502 1024 719 1096 Quinquaginta
739 1026 815 1080 enim
836 1023 942 1095 gradus
998 1021 1115 1079 bibendi
1133 1024 1167 1079 ad
1186 1038 1268 1080 usum
1284 1038 1462 1081 communem
1479 1025 1680 1096 quodcunque
1700 1024 1834 1082 esculen-

116 1100 203 1170 primi
222 1096 401 1168 probationis
417 1095 632 1153 llilhriacorum
649 1097 768 1154 totidem
783 1103 864 1151 erant
878 1095 942 1150 dies
997 1099 1070 1162 tum,
1094 1100 1125 1150 ut
1143 1109 1231 1165 supra
1253 1096 1375 1168 legimus
1395 1110 1513 1152 numero
1531 1093 1585 1166 fl,
1600 1098 1667 1152 sire
1680 1111 1750 1153 cum
1766 1095 1834 1152 ilel-

115 1171 291 1227 ccutiuuate
318 1167 501 1238 abstinentiae
528 1181 579 1238 per
606 1174 711 1238 septem
740 1167 940 1235 hebdomadas,
997 1165 1115 1222 chiades
1129 1168 1327 1233 constitueret,
1344 1181 1379 1223 ne
1400 1168 1539 1225 solemnia
1560 1167 1704 1224 Ecclesiae
1724 1168 1834 1239 jejunia

112 1258 163 1370 ti
186 1238 721 1367 il‘lfllfl‘dilllhfihfidili
743 1236 943 1366 liutoldi
996 1234 1835 1368 1111111111111111113111111111311

142 1326 184 1369 tce
216 1327 230 1368 s
577 1350 583 1363 .
1365 1325 1373 1341 ·

115 1326 320 1454 33313113131111
333 1381 368 1436 ab
378 1380 517 1450 apostolis
528 1382 628 1437 traditi
640 1324 768 1450 gxemplo
779 1381 929 1436 Dominico
997 1381 1104 1450 quadra
1126 1380 1227 1448 esima,
1241 1387 1269 1437 et
1283 1396 1332 1451 per
1345 1388 1468 1453 quatuor
1483 1383 1553 1439 anni
1567 1383 1836 1453 3313331333-

114 1461 143 1512 ct
159 1469 208 1525 per
221 1453 424 1516 Telesphorum
441 1452 549 1520 scripta
565 1452 625 1534 lege
640 1452 830 1518 constabiliti,
848 1421 939 1534 videri
997 1457 1089 1507 mrnte
1104 1397 1205 1536 gerlam
1221 1453 1381 1524 quintama
1398 1454 1495 1510 triduo
1509 1454 1636 1523 1313311,
1651 1455 1711 1511 Deo
1728 1469 1834 1537 semper

134 1532 246 1584 oteraut
258 1524 470 1594 quinquaqinta
484 1523 528 1579 illi
544 1525 629 1594 primi
642 1525 749 1597 gradus
762 1521 942 1593 probationis
996 1521 1144 1587 offerenda,
1162 1537 1216 1581 non
1233 1538 1315 1581 secus
1336 1537 1368 1580 ac
1385 1524 1517 1592 publicas
1534 1539 1649 1595 preces,
1674 1539 1726 1597 per
1742 1526 1835 1598 legati-

115 1542 345 1660 Rlithriacorum,
363 1595 519 1664 praesertim
535 1595 560 1649 si
579 1603 609 1651 ut
624 1609 640 1650 a
656 1598 771 1651 llanete'
784 1594 860 1650 Solis
874 1595 942 1651 cul·
997 1608 1056 1650 mos
1071 1595 1218 1663 pontiaces
1234 1597 1289 1652 Deo
1302 1597 1421 1663 dicatas,
1437 1596 1585 1667 perfidem
1599 1599 1762 1654 exercitam
1777 1611 1832 1654 me-

116 1676 177 1727 1333
192 1668 242 1724 illa
259 1666 408 1722 institutio
429 1670 560 1736 suscepta
581 1666 683 1736 luerat,
706 1664 942 1737 frequentaretur
998 1666 1087 1721 moria
1108 1667 1253 1735 passionis
1272 1681 1305 1723 ac
1324 1668 1558 1726 Resurrectionis
1576 1668 1696 1724 Christi
1715 1669 1832 1725 Domini.

115 1742 233 1798 etfama
252 1737 418 1794 liauicbaeis
432 1737 525 1794 Solem
546 1737 710 1794 colentibus
726 1738 815 1804 impie
834 1736 940 1795 confu-
958 1724 983 1786 Β
1032 1737 1095 1792 1133
1116 1739 1235 1807 provida
1256 1737 1425 1796 1313113113
1446 1753 1516 1797 cura
1542 1739 1604 1796 uisi
1630 1741 1832 1810 praecessisset,

114 1826 178 1870 sum
200 1823 265 1868 cum
288 1809 404 1865 Christo
424 1809 554 1865 Domino.
581 1810 652 1866 liuic
668 1809 796 1880 periculo
816 1811 942 1867 sceleste
997 1821 1081 1878 quam
1106 1813 1240 1878 putamus
1255 1806 1452 1867 confusionem
1471 1810 1681 1868 suborituram
1698 1811 1790 1869 fuisse
1802 1813 1832 1868 13

116 1882 313 1955 persuasionis
326 1885 354 1937 et
368 1879 549 1937 confusionis
566 1883 641 1952 quud
660 1884 830 1951 praesentius
849 1896 942 1939 reme·
997 1879 1206 1937 catholicorum
1231 1881 1404 1952 imaginario
1418 1895 1567 1939 consensu
1589 1897 1660 1939 cum
1689 1884 1831 1954 disparato

115 1956 196 2013 dium
209 1957 363 2024 opponeret
376 1952 548 2008 llelchiades
560 1953 656 2008 statim
669 1966 702 2008 ac
711 1952 859 2009 deteritin
871 1953 944 2010 Urbe
997 1951 1078 2007 cultu
1102 1952 1326 2009 Manichaeorum
1351 1954 1660 2011 3111111313333331
1687 1969 1755 2012 333
1778 1954 1830 2011 sola

115 2026 287 2084 1133131333
299 2024 313 2079 i
325 2025 474 2080 Decretum
488 2023 600 2081 scilicet
614 2024 815 2094 opponendum
830 2026 944 2081 censuit
999 2024 1137 2091 temporis
1155 2021 1277 2080 affinitas
1300 2025 1329 2079 iu
1344 2032 1449 2093 septem
1467 2025 1708 2083 hebdomadibus
1727 2026 1831 2096 1313313

114 2099 221 2154 ueteris
232 2095 397 2166 discipline
411 2094 584 2166 apostolicae,
598 2104 708 2153 castum
724 2096 823 2164 ritum,
837 2102 865 2152 et
879 2110 944 2153 333-
997 2093 1170 2163 deputandis
1184 2096 1259 2165 apud
1273 2095 1441 2166 catholicos,
1453 2096 1523 2153 dum
1536 2097 1692 2154 lfitbriaci
1709 2098 1830 2167 prascri-

116 2181 176 2225 sam
184 2180 356 2225 secernensa
366 2167 580 2236 superstitiosis
589 2168 713 2224 inventis
722 2166 941 2224 liithriacorum
997 2163 1097 2221 bereut
1109 2166 1172 2222 dies
1185 2168 1398 2238 quinquaginta
1411 2168 1497 2224 famis
1512 2168 1676 2225 tolerandae
1688 2169 1769 2226 Solis
1780 2168 1833 2224 eul-

115 2246 143 2297 et
151 2240 383 2296 Manichaeorum.
395 2239 515 2308 Septem,
529 2237 636 2310 inquit,
651 2238 839 2296 hebdomades
848 2239 941 2295 nostrl
997 2236 1120 2307 toribus,
1137 2238 1245 2294 sensim
1262 2237 1412 2295 induceret
1425 2244 1509 2295 aetate
1528 2240 1717 2312 llierouymr',
1732 2254 1748 2297 a
1766 2239 1831 2296 ilel-

116 2312 273 2383 131331133
296 2322 421 2380 uuquam
444 2309 600 2367 credantur
619 2310 942 2368 3333131113313113-
995 2308 1098 2364 chiude
1119 2322 1174 2366 non
1193 2310 1339 2378 disjuncta
1355 2311 1465 2383 integra
1480 2311 1602 2379 saeculo,
1624 2313 1775 2381 pruritum
1789 2324 1830 2368 re·

117 2381 552 2453 madeslndiesquinquaqinta
583 2381 942 2439 robationisailithriacls
996 2378 1105 2436 ferendi
1131 2381 1206 2437 iuter
1231 2381 1403 2438 1133131333
1422 2382 1499 2438 Solis
1516 2396 1551 2439 33
1578 2384 1677 2439 1111333
1698 2383 1829 2453 cultores,

115 2454 266 2525 explicatae
284 2459 335 2509 aut
358 2452 532 2510 deformatae.
554 2397 750 2525 6331331313
771 2453 849 2510 3313
874 2459 942 2511 sunt
995 2464 1060 2507 cum
1084 2466 1137 2510 suo
1157 2454 1231 2510 duce
1251 2453 1359 2509 Christi
1383 2466 1484 2510 nomen
1508 2454 1605 2510 eidem
1627 2453 1831 2512 3331331331-

115 2526 179 2583 1133
190 2525 294 2595 1313311
307 2526 362 2580 3113
375 2537 425 2594 per
435 2524 583 2594 pontifices
592 2524 772 2582 Christianos
783 2526 941 2582 Deodicatl
996 2525 1088 2594 gente,
1111 2530 1253 2595 quotquot
1274 2524 1422 2594 31313313
1447 2524 1589 2595 pallentes
1613 2539 1650 2584 ac
1677 2534 1828 2585 maceratos

116 2597 171 2654 sub
185 2595 323 2666 exemplis
337 2595 451 2651 Domini
467 2601 495 2652 et
513 2597 723 2666 prophetarum.
740 2600 810 2653 Cum
825 2596 870 2652 his
886 2611 940 2653 non
996 2594 1204 2664 conspicerent.

115 2673 320 2725 accenseantur
332 2670 436 2734 septem
450 2667 513 2722 dies
528 2667 671 2723 Dominici
688 2666 819 2739 singulas
833 2666 943 2724 hebdo-
1031 2665 1150 2722 Constat
1165 2667 1256 2739 igitur
1269 2667 1342 2723 ratio
1353 2666 1460 2725 decreti
1472 2668 1526 2725 sub
1539 2667 1710 2727 ifelchiade
1722 2669 1827 2726 conditi

117 2738 215 2795 marias
240 2736 417 2801 inchoantes,
441 2736 490 2805 qui
514 2750 579 2792 cum
602 2736 753 2806 preferant
778 2739 942 2795 memoriam
996 2740 1025 2792 et
1039 2750 1126 2793 causa
1148 2738 1277 2806 ejusdem
1298 2738 1378 2795 illico
1401 2739 1476 2796 iuter
1497 2740 1606 2796 333311
1628 2747 1784 2812 postquam
1801 2740 1827 2797 in

116 2806 346 2866 Resurrectiouis
367 2805 523 2862 christiin
558 2807 765 2866 ucviscirculo
785 2808 942 2867 bebdoma-
998 2807 1071 2863 Urbe
1090 2808 1199 2865 detecta
1220 2754 1828 2881 33133331333133333.1133333113

115 2880 209 2951 13313,
233 2876 312 2935 33133
333 2881 377 2933 331
397 2878 511 2933 eosdem
534 2822 665 2962 deputari
686 2880 806 2949 jejunio,
834 2881 942 2938 indicio
997 2885 1132 2962 contextu
1157 2879 1826 2953 1111131333311333331331331331313113

117 2950 272 3024 passionis.
290 2951 330 3005 113
345 2949 529 3019 3113133133
541 2949 622 3006 3131
636 2949 762 3007 solemne
775 2964 792 3007 3
808 2951 943 3010 Patribus
996 2956 1173 3020 continetur,
1188 2965 1253 3022 quae
1265 2957 1374 3022 spectat
1385 2953 1419 3008 31
1434 2953 1619 3022 11111313333,
1644 2969 1696 3024 per
1711 2955 1825 3026 particu-

118 3023 235 3095 perinde
244 3021 393 3088 traditum,
405 3020 588 3077 etacalilsto
599 3022 761 3078 mandatum
774 3022 882 3080 litteris
893 3038 943 3094 per
998 3021 1052 3078 iam
1067 3023 1210 3078 causalem
1227 3026 1313 3106 quicr
1327 3023 1396 3081 dum
1417 3023 1561 3096 legimus:
1578 3043 1592 3076 ι
1608 3026 1666 3082 ilic
1682 3025 1829 3083 constituit

117 3093 248 3167 singulas
260 3092 329 3148 anni
343 3096 533 3162 tempestates,
549 3100 581 3148 ut
594 3093 697 3150 eaedem
711 3093 885 3163 singillatim
895 3096 943 3152 cla·
957 3094 981 3156 C
997 3092 1829 3169 331133311333113[133131333311331311313313311313

116 3165 317 3223 1331333133
336 3162 477 3220 bonorum
499 3164 619 3221 Domino
641 3173 855 3237 consecrentur,
871 3180 943 3224 con·
997 3163 1127 3220 fidelium
1146 3171 1242 3237 ageret
1260 3166 1330 3236 quia
1345 3165 1474 3222 1331133
1490 3168 1609 3238 pagani,
1624 3175 1765 3241 tauquam
1783 3181 1829 3225 33·

115 3238 226 3294 1133133
247 3234 339 3292 feriis⁴
354 3239 466 3306 quarta,
494 3240 583 3307 scita,
608 3243 635 3292 et
658 3235 786 3305 sabbato,
812 3238 943 3295 Passioni
997 3249 1077 3292 crum
1091 3236 1447 3306 ieiuniumcclebrabant:
1462 3254 1475 3288 r
1491 3238 1584 3295 altera
1600 3253 1673 3297 vero
1687 3254 1773 3298 33333
1785 3252 1827 3295 re·

114 3308 272 3366 13313133
287 3306 396 3362 idcirco
414 3306 560 3377 speciatim
575 3306 734 3377 attributis,
751 3309 827 3379 quod
842 3309 944 3366 conci·
998 3307 1126 3377 spiciens
1145 3309 1326 3376 1133131333,
1343 3321 1359 3363 3
1375 3321 1551 3380 paganorum
1574 3309 1746 3368 11111313313
1764 3323 1825 3367 suas

116 3380 188 3438 lium
213 3381 276 3446 3133
297 3378 421 3434 tradenti
445 3376 517 3434 feria
540 3376 566 3445 l,
592 3392 669 3435 mors
689 3379 770 3436 Deria
788 3377 816 3451 6,
837 3379 945 3437 sabba·
1000 3378 1221 3447 superstitiones
1239 3379 1365 3446 edoctos,
1382 3380 1510 3450 proxime
1526 3379 1670 3438 redditur
1684 3387 1823 3449 commate,

116 3457 145 3509 to
157 3449 480 3522 sepulturacontlgerit.
492 3449 573 3506 feria
584 3451 853 3521 veroquintastatis
866 3453 953 3508 hisce.
998 3449 1035 3506 ab
1048 3449 1145 3506 eadem
1167 3451 1282 3521 periodo
1305 3450 1425 3508 fortasse
1437 3464 1494 3509 nou
1510 3451 1725 3525 disjungendo,
1738 3452 1827 3509 uerbis

113 3524 236 3595 13133113
247 3534 323 3578 more
332 3522 536 3590 3313333333
548 3520 709 3579 includitur
718 3540 725 3593 i
735 3535 799 3578 nam
811 3537 943 3595 vespere,
957 3533 959 3536 ’
999 3535 1064 3592 quae
1077 3521 1296 3593 subsequuntur
1309 3523 1349 3579 113
1363 3530 1509 3594 concepto,
1523 3528 1552 3580 et
1564 3525 1720 3584 1133131331
1732 3524 1829 3582 maenti

116 3595 244 3664 ejusdem
260 3593 332 3659 1131,
348 3592 463 3662 quando
480 3593 575 3662 passio
592 3592 622 3648 13
640 3592 722 3650 13313
742 3594 875 3652 inchoata
889 3601 943 3668 est,
999 3598 1064 3649 3331
1077 3595 1108 3649 in
1121 3594 1286 3651 urbeilcmo
1301 3594 1450 3650 abeodem.

117 3664 283 3723 referuntur
294 3677 370 3721 more
381 3663 589 3734 patriodirinae
600 3665 672 3736 lepis
684 3664 718 3721 31
733 3664 833 3722 feriam
844 3666 946 3725 oscu-
1328 3682 1489 3740 qqpcopq

117 3745 293 3810 sequentem.
305 3736 433 3792 litemus
445 3735 552 3861 itapue,
566 3737 609 3792 ait
618 3735 802 3801 bleichlades,
814 3741 900 3795 etiam
914 3740 944 3795 ln

118 3808 165 3866 his
176 3810 330 3865 novitatem
340 3812 427 3877 atque
436 3818 488 3862 con
505 3808 633 3864 usionem
645 3822 708 3865 cum
722 3807 841 3879 profano
851 3810 943 3880 cultu,
1035 3774 1120 3831 ΗΜ
1132 3772 1160 3830 ⁶·
1172 3803 1210 3815 “
1222 3775 1272 3830 ⁸5⁶
1283 3775 1356 3842 sem»
1373 3779 1405 3829 ω
1426 3773 1580 3830 ⁰⁶¹⁰‘f0m
1602 3781 1770 3833 0011111118
1783 3792 1827 3848 W

999 3847 1144 3912 Ecclesiae,
1166 3861 1201 3901 aa
1219 3850 1375 3902 consecratu
1398 3847 1516 3916 episcopi
1537 3847 1741 3917 diriperentur,
1763 3847 1828 3920 quod

999 3916 1157 3973 1331333133
1183 3920 1358 3985 fermentum,
1396 3916 1544 3974 lliltiades
1576 3919 1754 3990 pontificatu
1781 3932 1828 3976 suc

1000 3987 1107 4045 multos
1124 3987 1273 4046 haereticos
1286 3990 1451 4047 Donatistae
1466 3990 1563 4047 Rome
1575 3990 1750 4048 delitescere
1761 4005 1826 4048 con·

1000 4060 1084 4131 perit,
1102 4060 1223 4131 ideoque
1238 4066 1269 4117 ut
1280 4061 1310 4116 11
1334 4066 1518 4119 noscerentur
1532 4065 1562 4118 et
1575 4062 1829 4135 distinguerentur

998 4130 1194 4201 acatholicis,
1212 4137 1240 4188 31
1258 4077 1418 4190 morbidum
1441 4145 1529 4203 pecus
1551 4146 1569 4188 a
1592 4147 1681 4205 sano,
1704 4133 1828 4191 institnit

999 4215 1098 4273 panem
1111 4201 1311 4261 fermentatum
1323 4203 1516 4274 benedictum,
1533 4217 1606 4275 quo,
1624 4205 1663 4262 ub
1675 4204 1826 4263 communi·

998 4274 1122 4331 cationis
1136 4273 1308 4345 symbolum,
1322 4274 1357 4331 ab
1371 4275 1505 4358 episcopo
1523 4275 1562 4330 im
1606 4277 1753 4334 rtireutcr
1765 4288 1826 4333 cun·

997 4346 1035 4402 311
1052 4345 1230 4416 parochiales
1246 4344 1412 4418 presbyteri,
1427 4360 1478 4416 qur
1490 4358 1559 4402 eum
1581 4360 1630 4404 em
1648 4347 1706 4406 sub
1719 4360 1823 4406 secon-

997 4416 1111 4474 stitutis
1125 4416 1259 4474 11311133
1268 4418 1486 4487 distribuerent,
1498 4418 1591 4474 certis
1604 4419 1726 4477 diebus.
1736 4417 1826 4491 hppel·

998 4488 1111 4545 labatur
1130 4494 1225 4545 autem
1245 4487 1424 4555 fermentum,
1444 4489 1479 4544 ad
1498 4489 1729 4549 distinctionem
1744 4488 1824 4566 azpmi

999 4560 1091 4631 panis,
1108 4572 1142 4617 ex
1161 4573 1218 4631 quo
1232 4560 1336 4618 soleret
1350 4560 1452 4618 confici
1472 4560 1667 4619 liucharistla
1678 4563 1694 4618 1
1705 4563 1826 4632 113133·

1019 4645 1053 4688 33
1071 4637 1114 4688 331
1128 4632 1352 4701 Sacramentum,
1374 4630 1448 4703 quod
1464 4637 1541 4687 esset
1554 4632 1724 4705 episcopali
1746 4633 1825 4689 bene·

117 3881 179 3937 sive
194 3879 372 3936 occasionem
390 3876 468 3933 false
490 3879 695 3951 persuasionis,
712 3880 788 3950 apud
809 3882 947 3938 Ethnicos

116 3949 201 4008 facile
216 3951 373 4021 proditura
386 3961 421 4004 ex
432 3950 599 4007 continuata
615 3952 690 4008 serie
705 3952 796 4008 tridui
808 3953 945 4011 Etbuico·

117 4036 180 4080 rum
198 4023 228 4078 in
243 4020 431 4079 saecularibus
451 4021 580 4091 ipsorum
600 4023 702 4107 sacris,
718 4032 750 4080 ut
764 4029 874 4094 uocant,
892 4025 945 4081 hoc

116 4099 160 4151 est
175 4091 443 4162 superstitionibus,
463 4092 598 4149 celebrati
612 4095 724 4164 1313313
739 4100 767 4151 31
783 4096 946 4167 pervigiliis

116 4163 340 4222 accommodatis
351 4163 386 4217 31
402 4163 534 4219 1333133
549 4165 667 4221 133333
687 4180 806 4223 suorum
820 4166 943 4225 fabulas.

75 4238 80 4251 ·
116 4235 250 4292 Servetur
265 4235 425 4303 interrupta
443 4233 494 4289 illa
511 4247 612 4291 norma
628 4236 657 4305 13
671 4238 735 4292 3311
756 4251 805 4306 per
825 4236 944 4295 1331333

117 4303 942 4383 Patribusuobisassipuatas,quibusraredcmcnstretur,

118 4375 944 4439 uostreconsuetudiuisiustitutauihiihabereccmmune

119 4462 183 4507 curu
203 4449 279 4508 solis
294 4455 323 4506 31
342 4447 456 4504 llithrae
470 4446 563 4518 cultu,
578 4454 629 4505 aut
642 4463 707 4506 cum
722 4450 835 4507 Christo
848 4454 944 4509 11331-

117 4523 261 4580 cneorum
274 4518 414 4579 cumSole
428 4518 566 4589 confus03
577 4520 624 4576 secl
643 4521 671 4577 in
688 4523 780 4579 nostri
797 4521 886 4580 forma
899 4503 985 4595 je·D

114 4591 941 4721 {uniisolumanopisggfrmTunlcecolilesumChristum

116 4664 631 4808 ag¹¹fe¹ss¹nffim5⁰¹cofidnossgmefgffffi
641 4678 798 4794 ‘fflqffig
812 4680 941 4811 {mg}
997 4647 1126 4789 31311333
1145 4708 1298 4761 sacratum.
1319 4703 1461 4759 literatus
1476 4712 1645 4773 perseuerat
1659 4705 1740 4777 apud
1753 4703 1824 4761 Gre-

117 4821 182 4866 eum
205 4821 240 4866 ue
249 4807 396 4864 christum
412 4818 463 4862 nos
475 4804 559 4862 fateri
572 4821 622 4877 pro
636 4808 720 4865 nobis
736 4809 763 4864 13
776 4823 862 4866 33333
879 4824 943 4880 pas·
998 4787 1047 4832 ⁰⁰⁵
1062 4774 1220 4832 ’ΝΟΜ

117 4895 180 4937 333
216 4893 255 4936 aec
273 4877 384 4949 jejunia
401 4883 633 4947 praemonstrasse
652 4880 791 4951 exemplo,
808 4894 840 4937 ac
858 4882 944 4938 ‹ledi-
1358 4861 1461 4921 ΡᾹῧῙῙ·

117 4949 942 5010 3333333113333133313313.Ρ33133131133313313
1032 4955 1162 5014 Schisma
1195 4955 1420 5025 Donatistarum,
1454 4951 1540 5021 cujus
1579 4951 1708 5012 initium
1744 4950 1824 5026 pleri-

116 5021 299 5080 confusionis
312 5020 544 5078 christianorum
558 5021 695 5077 catholici
708 5025 811 5078 333331
825 5025 941 5096 dogma·
998 5042 1053 5099 que
1078 5041 1177 5085 omnes
1206 5043 1271 5085 cum
1297 5025 1427 5091 Duronio,
1454 5024 1489 5080 ad
1518 5037 1632 5081 aunum
1657 5025 1824 5084 trecentesi-

118 5095 156 5152 113
167 5108 232 5152 333
248 5092 939 5166 133333331133131333333,311331113133333,
997 5115 1074 5157 mum
1092 5107 1203 5156 sextum
1228 5105 1369 5165 revocant,
1391 5108 1467 5152 3333
1487 5099 1605 5152 tantum
1627 5098 1823 5155 trecentesimo

117 5172 224 5222 castam
236 5165 341 5237 1313311
357 5163 554 5233 disciplinam,
572 5164 713 5233 qualema
729 5165 942 5234 majoribusac·
997 5172 1167 5228 duodecimo
1184 5172 1351 5228 inchoatum
1365 5174 1418 5235 est,
1439 5170 1594 5237 postquam
1617 5183 1675 5238 pax
1691 5169 1823 5227 Africana

118 5243 230 5308 ceperat
253 5236 434 5306 providenter
457 5234 942 5303 3331331111313113133,31131113
996 5242 1130 5299 Ecclesiae
1158 5243 1269 5299 reddita
1298 5241 1354 5298 fult
1380 5253 1396 5296 a
1424 5238 1569 5294 llaxentin
1594 5256 1601 5293 :
1628 5241 1824 5312 «Tempestas

118 5309 299 5380 consignavit
313 5313 439 5377 apertam
455 5307 534 5362 fidei
552 5313 656 5362 nostre
676 5304 892 5377 professionem,
911 5316 943 5365 ut
998 5314 1216 5385 persecutionis,
1239 5313 1282 5370 ait
1303 5313 1326 5369 D
1347 5317 1422 5368 tatus
1444 5308 1641 5367 tibatonem
1663 5313 1823 5370 Parmenis-

118 5380 286 5436 ediametro
299 5380 431 5450 opposita
450 5391 561 5505 semper
581 5385 783 5448 agnosceretur
796 5382 941 5451 supersti·
997 5398 1076 5454 num,
1101 5391 1212 5454 peracta
1234 5392 1261 5440 et
1286 5329 1403 5441 1383113
1424 5385 1477 5435 est.
1499 5379 1625 5439 lubente
1647 5385 1721 5450 Deo,
1742 5379 1823 5439 indul·

118 5450 249 5507 tionibus
260 5452 497 5517 lithnicorum,et
528 5449 943 5509 olosmtransformationicor·
997 5458 1121 5529 gentiam
1138 5457 1267 5512 mittente
1286 5453 1439 5518 Maxentio,
1455 5451 1638 5510 Christianis
1652 5454 1822 5512 libertasse

118 5526 211 5589 ruptae
219 5522 283 5577 1131
298 5523 529 5579 Manichaeorum.
542 5522 634 5591 Quare
646 5522 712 5592 1333
731 5521 816 5581 13113
832 5524 948 5580 1111113-Ι
998 5529 1142 5584 restituta.
1159 5529 1260 5583 Dotrus
1274 5532 1301 5584 et
1313 5525 1470 5590 Gelensius,
1487 5530 1520 5578 ut
1534 5525 1663 5595 dicitur,
1680 5527 1758 5598 apud
1769 5525 1821 5579 Car

122 5591 249 5648 11333313
263 5595 455 5650 enumeranda
478 5595 553 5649 inter
573 5594 686 5649 decreta
703 5595 867 5664 pontificum
885 5598 945 5653 lto-
999 5600 1144 5671 thaqinem
1162 5600 1291 5655 ordinari
1312 5598 1462 5666 cupientes
1481 5608 1601 5665 operam
1621 5597 1778 5661 13133331
1797 5598 1823 5648 ¹¹²

120 5671 270 5719 manorum
286 5664 422 5721 solemnis
438 5666 497 5721 baec
516 5665 684 5736 declaratio,
705 5680 769 5737 quae
782 5669 816 5723 31
834 5668 945 5725 1311313
998 5671 1166 5728 absentibus
1179 5671 1321 5739 Numidis,
1333 5669 1388 5726 soli
1401 5666 1491 5723 ticini
1504 5667 1638 5739 episcopi
1653 5673 1819 5741 peterentur,

118 5727 547 5807 omntbascudstlanistejunta
556 5736 943 5810 pertinetfnampriratorum
998 5745 1050 5871 qul
1074 5744 1285 5800 ordinationem
1313 5740 1387 5812 apud
1410 5738 1514 5795 Cartha
1538 5738 1615 5797 'nem
1638 5739 1819 5798 3313133331

118 5802 313 5875 abstinentie,
336 5816 408 5874 qua
425 5808 602 5877 3331133113
628 5814 740 5869 133133
762 5822 945 5882 33333,.333
1023 5813 1230 5888 3333313313
1243 5814 1334 5873 muas
1349 5809 1524 5884 populli'cc
1536 5808 1821 5886 Dauuseligltuw
