3892 6136
147 300 218 358 tuas

538 289 701 346 HISTORIA
719 292 765 346 bu
785 289 871 345 vltls
890 288 973 345 holt.
994 287 1092 344 PONT.
1112 318 1148 329 -
1165 289 1193 344 S.
1215 290 1459 348 sabbatismus.

1781 295 1846 354 4454

144 419 349 490 assignandam
365 429 466 473 censeo
481 428 621 471 annorum
642 413 669 482 4,
683 413 824 469 mensium
846 411 889 482 45,
902 412 968 469 dle·
983 406 1013 466 A
1020 413 1114 482 prela-m
1136 415 1170 467 ah
1191 415 1349 483 hrrjusmorli
1372 417 1524 469 horninibus
1547 417 1727 487 (christiania)
1740 437 1849 490 parram

144 488 266 545 rurnlii.

180 563 220 615 Ex
237 560 273 616 ao
287 561 365 625 llaii,
382 573 437 629 qua
454 558 591 614 recolitur
604 558 771 626 martyrium
785 555 860 611 beati
880 555 970 625 Eleu,-

144 633 245 701 therii,
259 640 328 687 etex
341 630 511 686 consulibus
524 631 649 684 blaterna
661 636 688 684 et
701 627 809 683 Bradua
821 628 888 682 anni
907 625 967 697 tas,

145 717 278 774 regressa
292 702 366 758 iacto
396 703 424 756 in
448 702 593 757 anteriora
618 707 744 769 tempora
758 712 807 768 per
820 712 910 754 annos
924 697 966 763 lb,

145 788 256 830 menses
271 772 287 828 4
313 781 341 829 44
355 774 417 830 dies
431 771 449 828 5
473 773 604 842 provenit
617 772 744 837 ejusdem
770 771 916 826 ordinatio
931 771 966 826 ad

142 847 342 915 episcopatum
366 847 413 900 die
437 844 587 900 Dominica
607 840 643 901 44
665 843 795 900 44444444
812 855 887 897 anno
905 839 965 911 440,

142 917 309 987 quindecim
324 916 427 971 solidis
438 914 584 970 mensibus
598 921 749 984 antequam
761 917 892 971 decessor
906 914 969 983 ejus

139 989 223 1044 Soter
236 989 373 1053 martyrio
385 993 581 1051 coronaretur,
617 986 669 1041 uod
685 987 817 1058 contigit,
835 991 968 1054 utsupra

140 1059 284 1127 diximus,
306 1057 343 1114 44
367 1059 478 1128 Aprilis
497 1058 566 1113 anni
584 999 646 1128 444,
661 1058 762 1114 Severo
782 1059 804 1112 ll
817 1063 845 1113 et
859 1058 968 1112 lleren-

142 1130 422 1186 uiauocousulilrus.
645 1158 648 1164 ·

178 1203 234 1257 llos
257 1203 353 1272 itaque
378 1200 511 1256 consules
533 1199 665 1256 Severum
680 1200 891 1256 Herennianum
918 1212 967 1254 re-

140 1273 213 1328 tulit
224 1273 372 1344 catalogus
385 1272 554 1327 Liberianus
567 1273 600 1327 ad
620 1272 737 1326 initium
751 1271 865 1340 epochae
876 1271 965 1339 ponti-

140 1344 235 1400 dcalis
248 1344 407 1399 Eleutherii
423 1358 505 1410 ;cum
518 1343 645 1412 parietur
657 1357 691 1398 ex
703 1355 736 1397 ea
745 1343 793 1397 die
804 1341 966 1397 rationibus

137 1418 210 1470 anni
237 1416 420 1485 pontificalis,
444 1415 518 1484 apud
535 1416 733 1486 catalogorum
748 1415 904 1482 scriptores
918 1425 966 1467 re-

139 1488 265 1543 uocandi
305 1486 434 1543 Paschali
483 1492 607 1555 tempore
644 1486 722 1541 eirca
763 1486 965 1540 ascensionem

137 1558 266 1619 Domini,
294 1558 532 1628 quemadmodum
556 1558 663 1612 diserte
691 1556 840 1626 profitetur
865 1563 966 1611 auctor

136 1630 262 1701 catalogi
276 1629 420 1685 Liberiani
448 1631 477 1682 in
501 1627 681 1683 Praeiatione:
708 1648 720 1679 a
741 1633 846 1698 etpost
865 1629 966 1683 Ascen-

138 1700 251 1755 sionem
271 1702 333 1769 ejus
344 1700 529 1756 beatissimas
545 1702 644 1755 Petrus
654 1699 848 1769 episcopatum
864 1712 964 1754 susce-

1024 486 1144 551 dimouit,
1166 489 1204 540 ita
1221 488 1276 540 alio
1290 489 1367 540 niodo
1379 489 1472 556 palam
1488 488 1625 555 dispersit,
1648 491 1754 557 adiecta
1767 496 1849 548 etiam

1023 559 1227 612 accarsammbas
1256 559 1440 624 (danmatione,
1467 562 1492 612 et
1516 559 1625 627 quidem
1651 564 1768 616 44444444.
1798 565 1848 620 llis

1024 630 1151 683 ostendit
1167 626 1436 699 principem'uahls
1451 630 1604 700 caeteroqui
1619 644 1674 687 non
1692 631 1846 705 insensum,

1024 699 1118 755 imoet
1144 703 1368 770 propensiorem.
1384 703 1469 756 etiam
1493 708 1556 771 post
1575 705 1781 771 receptaabeo
1794 704 1848 762 be-

1023 771 1124 826 444444
1149 772 1280 841 precibus
1304 772 1429 828 militam
1453 772 1684 829 Christianorum
1705 777 1849 834 exercitas

1023 844 1197 912 praeservati,
1213 858 1301 914 eaque
1316 850 1472 900 contestata
1491 845 1603 900 senatui
1615 845 1777 917 populoque
1789 848 1849 904 llo-

1023 928 1116 977 mano,
1135 915 1259 984 pumales
1276 922 1366 970 tamen
1385 916 1459 971 teres
1473 917 1582 984 pridem
1599 923 1696 972 contra
1715 931 1767 973 nos
1782 919 1847 975 edi-

1023 991 1067 1041 tas
1082 999 1136 1041 non
1161 986 1332 1058 abrogasse3
1349 933 1428 1057 4444
1439 988 1510 1043 satis
1537 992 1598 1041 erat
1623 993 1655 1043 ut
1677 988 1792 1057 iudices
1813 1004 1848 1047 ex

1023 1057 1116 1113 4444444
1139 1058 1305 1127 inquirendi
1321 1065 1421 1113 contra
1435 1072 1485 1113 tros
1502 1065 1667 1127 potestatem
1684 1074 1735 1128 pro
1750 1061 1847 1119 lubitu

1022 1134 1196 1184 exercerent.
1224 1129 1404 1199 Excogitavit
1430 1130 1545 1198 quidem
1581 1131 1715 1195 remedia,
1740 1132 1848 1201 quibus

1023 1201 1210 1255 redderentur
1233 1199 1366 1255 difficiles
1395 1200 1614 1256 criminationes
1633 1214 1665 1256 ac
1688 1202 1848 1259 delationes

1021 1270 1262 1340 Christianorum,
1273 1270 1405 1326 hostibus
1416 1272 1571 1341 prasertim
1585 1273 1717 1342 privatis,
1730 1276 1848 1342 pericu-

1022 1342 1081 1398 lum
1102 1343 1481 1411 subiturisadjectrecontra
1495 1342 1561 1398 illos
1578 1357 1675 1413 prena,
1690 1345 1748 1400 nisi
1764 1360 1798 1401 ex
1810 1346 1847 1401 le·

1021 1414 1107 1484 gibus
1122 1428 1177 1470 non
1192 1413 1338 1485 abrogatis
1362 1428 1426 1470 reos
1446 1415 1622 1485 peregissent
1641 1430 1713 1486 quos
1730 1417 1845 1486 publico

1019 1486 1132 1553 judicia
1147 1487 1213 1541 sisti
1225 1492 1388 1541 curassent.
1402 1486 1470 1554 Quae
1482 1500 1545 1542 cum
1560 1493 1667 1542 attente
1683 1489 1845 1559 considero,

1020 1557 1119 1613 videor
1128 1557 1200 1613 mihi
1212 1558 1284 1613 satis
1299 1559 1447 1626 perspicue
1459 1557 1580 1612 delinire
1590 1571 1671 1626 posse
1681 1573 1731 1628 per
1744 1561 1846 1616 decen·

1021 1629 1101 1684 nium
1120 1630 1235 1699 imperii
1249 1630 1295 1684 sai
1312 1629 1433 1697 primam
1452 1629 1491 1683 ita
1502 1641 1556 1683 non
1570 1630 1673 1685 vetitas
1687 1631 1847 1688 delationes

1021 1706 1049 1754 et
1063 1702 1261 1756 accusationes
1272 1700 1514 1766 Christianorum,
1532 1706 1564 1755 ut
1579 1701 1716 1769 praesides
1728 1703 1848 1771 provin-

138 1772 186 1841 pit
199 1774 243 1826 Ea
256 1789 308 1841 qao
335 1778 451 1841 ternpore
475 1785 524 1841 per
546 1772 755 1827 successionem
776 1771 961 1840 dispositum,
980 1761 1130 1827 Baiarum
1145 1779 1173 1826 et
1186 1775 1372 1842 magistratus
1394 1770 1496 1826 urbani
1511 1772 1560 1840 jas
1574 1771 1663 1843 gladii
1682 1782 1846 1832 exercerent

137 1843 208 1912 quis
227 1848 390 1913 episcopus,
415 1849 442 1898 et
473 1849 542 1913 quot
568 1856 658 1897 anuos
689 1840 812 1910 44444444,
841 1841 883 1896 vel
906 1855 963 1912 quo
1021 1845 1201 1913 tauquamln
1231 1857 1293 1898 reos
1305 1842 1417 1898 violatae
1430 1842 1580 1913 religionis
1595 1851 1694 1899 contra
1706 1844 1845 1901 Christia-

138 1914 314 1982 imperante:
344 1934 357 1963 a
386 1915 618 1984 praecipuarum
644 1914 737 1968 llomre
771 1912 869 1968 civilis
895 1928 963 1968 usas
1020 1928 1081 1982 nos,
1111 1915 1193 1984 Juxta
1226 1914 1336 1983 praxim
1371 1914 1534 1981 alrajano
1560 1916 1720 1971 mandatam
1748 1917 1843 1972 Plinio

135 1997 280 2041 annorum
296 1985 331 2040 ab
348 1985 422 2040 Urbe
445 1986 560 2041 condita
580 1999 613 2039 ex
642 1984 796 2053 parilibus,
811 1984 963 2039 adhibitus
1019 1987 1184 2054 proconsuli
1204 1988 1232 2040 in
1254 1986 1398 2055 Bithynia,
1421 1998 1506 2052 «paam
1521 1985 1718 2042 Tertullianus
1734 1988 1843 2043 indicat

136 2056 169 2110 iu
184 2055 267 2112 lastis
283 2058 451 2112 marmoreis
466 2063 523 2111 tam
543 2055 747 2111 consularibus
761 2070 845 2126 quam
862 2057 964 2111 trium·
1017 2057 1163 2127 Arrologiae
1174 2072 1235 2125 cap.
1247 2055 1275 2121 E,
1289 2064 1318 2112 et
1331 2056 1474 2112 Eusebius
1495 2057 1628 2112 llistoriae
1652 2056 1701 2112 lib.
1722 2072 1762 2113 ιιι.
1780 2074 1842 2129 444.

137 2126 285 2196 phalibus,
315 2142 423 2183 necnon
456 2129 485 2183 ia
512 2127 645 2197 collegiis
675 2126 904 2183 sacerdotalibus
926 2127 959 2181 ad
1018 2126 1063 2195 44,
1082 2130 1123 2183 444
1145 2129 1274 2184 observat
1291 2129 1430 2183 baronius
1444 2127 1478 2182 ad
1493 2141 1599 2183 anuum
1616 2125 1677 2191 tol,
1694 2131 1844 2186 numliet

133 2201 207 2254 Acta
242 2198 355 2268 publica
397 2199 530 2254 marmori
560 2198 723 2265 incidenda,
755 2201 834 2268 paria
859 2197 963 2254 laceret
1017 2197 1044 2255 7.
1072 2200 1287 2255 lertallianas:
1318 2201 1426 2254 «Tunc
1448 2199 1588 2268 Traianus
1608 2201 1768 2270 rescripsit,
1790 2202 1843 2257 hoc

133 2284 202 2325 cum
220 2271 432 2339 pontillcalibus
458 2270 544 2324 annis
560 2270 679 2335 nostriS,
706 2270 746 2324 lta
764 2269 916 2339 dispositis
929 2285 961 2324 ex
1018 2286 1108 2342 genus
1123 2272 1328 2340 inquirendam
1345 2271 1460 2340 quidem
1476 2284 1529 2325 non
1553 2285 1623 2338 csse,
1650 2270 1761 2328 oblatos
1776 2287 1842 2328 veru

134 2342 275 2397 instituto
289 2344 415 2410 eiusdem
432 2341 566 2411 catalogi.
581 2342 651 2397 Vide
664 2340 810 2397 observata
826 2342 963 2410 saperius
1019 2344 1116 2412 puniri
1129 2343 1302 2411 oportere.0
1315 2343 1482 2397 sententiam
1497 2343 1664 2398 necessitate
1677 2342 1840 2400 confusam!

134 2414 166 2467 ia
183 2415 259 2468 notis
277 2414 330 2469 col.
348 2411 426 2480 toab,
450 2410 528 2482 4439,
546 2410 624 2467 4449.
650 2413 717 2468 Fuit
736 2412 825 2468 altera
849 2420 963 2483 444444
1017 2417 1106 2484 Negat
1118 2415 1316 2484 inquirendos,
1330 2421 1361 2468 at
1373 2414 1546 2478 innocentes,
1559 2421 1587 2468 et
1599 2416 1842 2484 maadatpunien·

131 2497 223 2540 cerusa
234 2484 500 2540 tribuendieosdem
510 2485 643 2539 consules
651 2484 817 2540 Eleutherio
828 2503 836 2552 ς
847 2498 911 2540 cum
925 2486 960 2540 ad
1016 2487 1078 2556 dos,
1092 2493 1123 2542 ut
1134 2493 1278 2540 nocentes.
1292 2486 1386 2541 Parcit
1398 2492 1425 2539 et
1437 2485 1527 2547 saevit,
1541 2485 1707 2541 dissimulat
1715 2488 1839 2542 etaaim·

135 2568 260 2610 mensem
273 2557 452 2621 ianuarium,
469 2557 602 2625 qaonriri
618 2555 751 2610 consules
772 2570 876 2611 annum
891 2569 963 2624 ape·
1016 2559 1151 2613 advertit.
1169 2575 1180 2606 u
1204 2558 1344 2626 Traianus
1358 2557 1480 2626 epistola
1495 2554 1530 2610 98
1551 2556 1617 2611 libri
1635 2572 1662 2613 x.
1681 2558 1757 2613 inter
1777 2559 1839 2613 Pli-

135 2625 422 2691 ricbantlulianam,
450 2628 596 2682 reserenda
611 2629 651 2683 sit
680 2628 743 2696 ejas
766 2628 913 2684 ordinatio
926 2628 959 2684 ad
1017 2632 1138 2684 uianas:
1166 2629 1294 2684 «Actum
1320 2641 1403 2698 quem
1425 2628 1563 2693 delmisti,
1589 2628 1627 2683 mi
1654 2628 1792 2695 Secunde,
1811 2630 1839 2684 in

132 2697 348 2768 episcopatum,
365 2706 396 2754 ut
408 2698 558 2770 colligitur
573 2701 663 2754 exdie
678 2699 915 2769 martyriumque
928 2713 962 2755 ex
1017 2700 1200 2757 excutiendis
1210 2701 1307 2755 cerasis
1318 2713 1416 2755 eorum
1429 2701 1478 2769 qui
1491 2699 1650 2755 Christiani
1666 2701 1701 2757 ad
1712 2709 1738 2756 te
1751 2701 1839 2757 delati

135 2778 292 2825 memorata
307 2784 417 2825 summa
442 2783 594 2838 annorum,
616 2770 767 2837 mensium,
783 2784 816 2826 ac
836 2771 960 2840 dierum,
1017 2771 1145 2840 suerunt,
1164 2779 1280 2828 secatus
1294 2786 1334 2825 es.
1348 2773 1445 2841 h'eque
1459 2771 1534 2825 enim
1551 2772 1580 2826 iu
1597 2773 1762 2828 universum
1782 2773 1841 2828 ali-

132 2841 228 2896 eidem
249 2841 388 2896 attributa
418 2842 448 2896 in
469 2842 609 2912 catalogis
624 2848 652 2898 et
675 2842 797 2911 picturis
822 2843 917 2913 quarti
934 2851 961 2898 et
1016 2844 1184 2914 quidquod
1209 2844 1293 2914 quasi
1314 2849 1419 2899 certam
1446 2840 1565 2897 sormam
1589 2842 1700 2910 babeat,
1727 2846 1841 2900 consti-

133 2913 233 2982 4444ῑί
257 2912 368 2967 sacculi.
386 2914 505 2968 Necesse
527 2915 618 2983 igitur
641 2920 684 2968 est
699 2914 838 2969 vicarium
852 2914 961 2970 Soteris
1016 2917 1059 2971 tui
1073 2921 1174 2985 potest.
1187 2915 1383 2984 Conquirendi
1404 2927 1459 2969 non
1479 2921 1565 2982 sunt3
1588 2914 1612 2968 si
1626 2913 1792 2970 deierantur
1812 2923 1840 2970 et

132 2997 336 3054 recognoscere
357 2983 550 3040 Eleutherium
572 2997 619 3053 per
643 2982 676 3040 45
690 2984 757 3041 illos
770 2998 891 3056 menses,
908 2986 958 3054 444
1015 2994 1184 3059 arguantur,
1196 2987 1423 3053 puniendisunt.
1441 2985 1607 3039 »Eusebius
1618 2985 1837 3053 istarecensens,

133 3054 361 3110 intercedentes
373 3053 461 3111 444444
478 3056 619 3114 ianuarii.
631 3056 780 3112 [lominica
793 3057 959 3113 ordinatio-
1017 3059 1084 3128 qaid
1100 3059 1166 3114 inde
1178 3062 1346 3126 sequeretur
1357 3056 1524 3111 admonuit:
1540 3076 1553 3106 a
1567 3055 1629 3123 Quo
1641 3054 1723 3118 lacto,
1737 3060 1836 3126 444444,

131 3126 182 3181 uis
196 3125 366 3189 Eleutherii,
383 3127 417 3183 ad
433 3127 508 3182 diem
525 3125 560 3182 44
574 3128 694 3196 aprilis,
712 3129 833 3183 natalem
848 3129 956 3184 Soteris
972 3116 996 3177 C
1017 3130 1225 3199 persecutionis
1240 3127 1416 3192 incendium,
1431 3128 1506 3195 quod
1523 3125 1607 3181 nubis
1622 3127 1778 3183 violentius
1791 3130 1839 3184 irr-

129 3209 166 3252 ex
192 3199 328 3268 martyrio
352 3212 404 3254 sua
418 3199 577 3254 redditam:
602 3200 809 3255 cons-uetudine
823 3200 894 3254 satis
909 3213 958 3254 re-
1013 3200 1174 3269 cumhebat,
1187 3200 1355 3254 restinctum
1374 3198 1488 3267 quidem
1500 3196 1598 3265 aliqua
1613 3211 1647 3251 ex
1664 3205 1742 3266 parte
1757 3199 1838 3254 vide-

130 3277 214 3338 cepta
225 3270 349 3325 vicarios
360 3271 388 3324 in
404 3269 475 3325 Urbe
492 3271 520 3324 in
537 3270 784 3340 persecutionibus
795 3284 958 3341 promoven·
1013 3272 1118 3338 batur,
1142 3272 1180 3326 iis
1206 3277 1299 3325 tamen
1315 3269 1364 3339 qui
1381 3283 1433 3323 nos
1461 3268 1583 3338 maligne
1597 3276 1624 3322 ct
1640 3266 1838 3326 fraudulenter

129 3339 175 3404 di,
185 3339 312 3410 aliisque
336 3341 469 3396 Ecclesiae
493 3342 725 3397 necessitatibus.
1012 3344 1129 3415 aggredi
1143 3342 1258 3405 vellent,
1270 3354 1325 3396 nun
1339 3341 1432 3394 minor
1444 3341 1646 3408 opportunitas
1658 3340 1835 3411 suppetebat,

168 3413 369 3482 llartyrlorum
400 3426 456 3468 non
473 3412 640 3484 infrequens
659 3412 715 3469 4444
739 3414 891 3483 imperium
913 3415 953 3469 44.
1014 3409 1836 3483 interdumpopulo,interdumpresidibuspruvinciarum

128 3482 256 3547 Aurelii,
273 3483 339 3539 licet
350 3493 376 3539 et
389 3485 553 3539 antoninus
569 3492 657 3554 pater,
671 3493 699 3541 et
712 3486 894 3554 ipsellarcus
910 3499 958 3541 re·
1012 3488 1150 3543 adversus
1172 3493 1286 3540 nastros
1310 3483 1435 3539 insidias
1449 3483 1693 3551 comparantibus.
1715 3484 1793 3539 4444
1808 3491 1839 3540 44

128 3555 239 3622 4444444
257 3556 383 3610 dedisset
400 3569 449 3625 pro
463 3557 693 3611 Christianarum
716 3557 879 3622 securitate,
895 3571 958 3628 quaa

128 3623 279 3682 observata
289 3634 357 3681 sunt
373 3628 401 3681 in
419 3630 496 3682 notis
511 3627 662 3683 historicis
676 3628 709 3683 ad
723 3628 751 3682 S.
767 3630 902 3685 Soterem.
916 3632 957 3686 Ex

129 3710 189 3767 444
200 3697 432 3754 ltomaelustinus
443 3698 832 3769 philosophusChristianus,
843 3701 893 3771 444
906 3716 957 3772 444

129 3775 229 3824 nostra
241 3783 326 3825 causa
355 3776 535 3840 peroraverat
549 3771 583 3825 ad
602 3771 748 3841 principes
763 3779 791 3827 44
813 3780 955 3844 senatum,

128 3838 956 3910 puhlicojudiciocapitisdamnatusestcumsociis,anno

128 3907 183 3966 tta
207 3912 289 3980 juxta
304 3913 466 3968 Chronicon
491 3912 717 3970 Alexandrinum
745 3922 772 3970 et
788 3916 953 3985 barcariam,

127 3984 270 4053 quemad
300 3980 351 4038 467
373 3983 472 4040 4444444
503 3993 598 4040 morrei
620 3986 791 4042 Ruinartias
814 3986 854 4113 {a
879 3992 955 4043 Actis

127 4066 193 4125 pag.
210 4051 253 4123 44)
275 4055 318 4111 444
334 4068 409 4111 4444
428 4053 488 4121 tlt),
503 4057 587 4124 juxta
602 4058 729 4113 calculos
747 4061 817 4128 Pape
840 4059 952 4131 rochii3

127 4125 234 4180 mirum
251 4140 306 4181 non
320 4133 372 4196 est,
390 4128 414 4181 si
428 4141 504 4183 mors
518 4127 598 4184 illata
619 4128 677 4185 luit
693 4131 785 4185 liomac
800 4131 885 4185 etiam
899 4133 954 4186 So-

126 4196 182 4252 teri
196 4212 282 4267 papae.
295 4199 427 4254 dectores
437 4199 649 4267 provinciarum
661 4201 849 4270 pulsabantur
859 4203 952 4258 ethni·

124 4279 225 4322 corum
267 4268 386 4338 libellis,
428 4270 664 4340 philosophorum
696 4278 724 4327 et
757 4275 952 4335 sophistarum

123 4337 250 4404 artibus,
266 4341 446 4397 sacerdotum
458 4342 594 4412 querelis,
609 4350 636 4398 et
652 4344 748 4399 insani
762 4346 839 4417 vulgi
852 4346 954 4402 clamo

125 4409 220 4478 ribus,
244 4412 309 4468 dira
333 4419 432 4469 contra
456 4427 506 4469 nos
533 4414 776 4485 imprecantibus3
794 4426 825 4472 ut
840 4417 953 4473 abunde

124 4482 313 4551 comprobant
328 4484 468 4555 apologia
483 4487 551 4554 ipsae
565 4486 684 4554 tustini,
701 4500 734 4541 ac
748 4489 859 4544 Tatiani
875 4491 952 4545 scri-

125 4560 184 4623 pta,
200 4561 228 4609 et
241 4555 371 4624 epistotae
393 4561 547 4626 martyrum
571 4559 805 4628 Lugdunensium
817 4561 852 4616 ad
863 4563 952 4618 Eleu-

124 4624 252 4680 therium
270 4639 369 4696 papam
386 4628 563 4683 transmissae
575 4643 623 4697 per
640 4630 786 4702 lrenaeum,
801 4639 860 4688 tum
878 4640 952 4689 tem-

124 4696 206 4766 poris
217 4698 423 4767 presbyterum,
433 4698 468 4754 ab
477 4700 600 4756 Eusebio
613 4701 707 4755 relatae
716 4702 770 4757 lib.
785 4717 811 4759 rr
820 4705 952 4760 llistoriac

122 4780 186 4837 cap.
205 4767 229 4821 4.
246 4771 421 4838 lmportunis
442 4772 951 4846 igiturpetitionibusextorquebant

122 4837 271 4895 abeodem
290 4842 430 4911 principe,
448 4843 563 4897 mitiora
578 4843 613 4899 de
629 4843 712 4899 nobis
724 4845 852 4913 jubente,
870 4855 952 4918 pote-

120 4917 225 4966 statem
239 4910 328 4982 gladii
343 4921 440 4968 444444
465 4914 562 4971 lideles
574 4917 724 4971 exercendi
740 4916 857 4974 obtentu
872 4919 951 4974 Chri-

120 4981 212 5038 stiani
238 4984 384 5050 nominis3
411 4985 487 5055 quod
516 4985 677 5042 luculenter
700 4989 856 5045 ostendunt
881 4993 950 5045 Acta

119 5053 286 5109 eorumdem
312 5062 469 5125 martyrum
501 5058 736 5128 Lugdunensium
751 5073 784 5116 ac
806 5061 950 5117 Viennen-

119 5126 197 5181 sium
210 5125 241 5179 in
253 5125 359 5182 Galliis
371 5134 398 5182 et
411 5128 439 5182 in
453 5128 537 5197 Urbe,
550 5130 653 5185 nedum
664 5130 733 5187 aliis
746 5133 775 5188 in
792 5134 950 5203 provinciis

118 5202 200 5324 gesta
215 5202 243 5252 et
271 5198 429 5270 passiones,
457 5206 489 5255 ut
516 5200 663 5272 Polycarpi
694 5216 726 5259 ac
748 5205 893 5261 sociorum
920 5206 947 5261 ln

143 5269 200 5337 sia,
227 5269 370 5325 Ptolemaei
401 5272 605 5341 sociorumque
633 5275 661 5328 in
688 5277 758 5331 urhe
781 5278 867 5333 Roma
895 5276 948 5333 suh

119 5339 255 5412 prefecto
282 5341 393 5409 urbico,
421 5358 485 5413 quae
509 5343 681 5401 Ruinartius
702 5349 736 5404 ad
758 5362 864 5405 :annum
887 5345 947 5418 446,

118 5413 207 5469 llarci
231 5414 343 5468 aurelii
367 5421 395 5468 et
410 5416 437 5469 L.
468 5416 531 5471 l'eri
548 5417 694 5487 quintam,
717 5419 863 5475 referenda
887 5434 949 5476 esse

117 5485 308 5540 demonstrat.
334 5485 533 5542 Tertullianus
553 5488 580 5540 in
605 5487 790 5559 apologetico
809 5491 947 5548 adversus

119 5563 218 5627 gentes
240 5557 391 5612 confirmat
408 5571 439 5612 ea
460 5572 522 5626 4444
549 5559 685 5625 dicimus,
700 5559 769 5615 dum
792 5562 893 5616 eximit
909 5565 944 5617 ll.

117 5628 295 5683 aureliane
317 5628 648 5685 namerodehellatorum
663 5630 803 5698 Ecclesia,
828 5634 946 5704 ejusque

118 5699 233 5756 litteras
269 5701 390 5768 indicat,
422 5705 610 5760 memorantes
644 5706 833 5759 tiarnarniram
873 5709 946 5762 sitini

116 5772 337 5827 Christianarum
359 5773 479 5826 rnilitum
489 5775 693 5841 precationibus
709 5776 846 5845 insperato
861 5779 946 5835 444444

115 5845 281 5901 discussam.
305 5842 412 5901 subdit
429 5844 517 5916 enim,
541 5844 616 5914 quod
643 5846 798 5918 imperator
823 5857 865 5922 ut,
890 5867 945 5907 aaa

1013 3560 1037 3615 si
1053 3572 1108 3614 raon
1133 3556 1223 3626 palam
1237 3562 1265 3611 et
1293 3554 1415 3623 publice,
1445 3554 1548 3610 locales
1565 3556 1657 3608 tamen
1681 3554 1710 3609 in
1726 3554 1839 3625 aliquot

1014 3630 1172 3698 provinciis
1195 3627 1407 3697 persecutiones
1421 3626 1648 3694 exardescerent,
1672 3632 1700 3680 et
1716 3625 1836 3694 plurimi

1012 3715 1044 3756 ex
1058 3700 1191 3756 tidelibus
1203 3696 1661 3767 multiplicismartyrlicertamen
1670 3695 1809 3753 subirent.
1822 3716 1835 3748 4

1011 3773 1046 3827 Et
1071 3786 1173 3829 rursus
1202 3783 1345 3839 exponens
1368 3768 1478 3837 praxim
1507 3781 1523 3822 a
1547 3766 1641 3823 l‘linio
1666 3768 1837 3837 proconsule

1011 3844 1199 3910 observatam,
1217 3855 1302 3912 quam
1317 3841 1458 3909 Traianus
1483 3837 1644 3895 rescribens
1658 3838 1837 3909 approbare·

1012 3922 1065 3983 rat,
1082 3916 1124 3971 ait
1140 3915 1212 3969 hauc
1226 3913 1326 3979 luisse,
1344 3917 1374 3965 nt
1387 3912 1518 3980 quasdam
1532 3911 1686 3973 damnaret,
1704 3912 1837 3980 quosdam

1009 3988 1100 4056 44444
1111 3988 1234 4056 pelleret.
1253 3986 1292 4039 Ex
1308 3984 1354 4039 his
1370 3986 1467 4053 itaque
1479 3983 1503 4038 le
1526 3982 1601 4045 ibas,
1612 3982 1837 4039 consuetudini-

1009 4060 1065 4116 bus
1079 4065 1107 4115 et
1132 4058 1280 4126 rescriptis
1293 4055 1408 4124 Traiani
1424 4068 1480 4110 non
1496 3999 1642 4125 affirogatis
1663 4062 1758 4110 actum
1773 4068 1836 4111 esse

1008 4133 1102 4188 dicam
1125 4130 1179 4185 suh
1203 4128 1348 4183 Antonino
1374 4127 1423 4181 Pio
1435 4134 1463 4181 et
1478 4126 1533 4181 suh
1546 4127 1580 4180 44.
1599 4125 1727 4188 Aurelio,
1744 4125 1835 4196 priori

1008 4205 1071 4273 ejus
1083 4201 1197 4271 imperii
1211 4199 1349 4256 44444444
1360 4197 1481 4262 labente,
1498 4199 1587 4253 donec
1600 4198 1791 4253 annorlecimo
1806 4198 1836 4254 iu

1008 4275 1190 4344 expeditione
1201 4270 1370 4327 Germanica
1385 4272 1452 4326 dum
1464 4275 1569 4341 ageret,
1583 4269 1735 4337 impetrata
1755 4270 1835 4326 coeli·

1009 4353 1056 4402 tus
1068 4346 1163 4416 pluria
1181 4343 1314 4413 precibus
1327 4342 1558 4397 christianorum
1573 4340 1667 4410 (cujus
1683 4341 1724 4396 rei
1743 4341 1835 4397 docu-

1009 4411 1834 4480 mentumillustrerisitarincolumnacachlide,ejusdem

1009 4488 1077 4545 belli
1093 4489 1182 4559 gestis
1197 4486 1379 4557 anaglyptico
1394 4497 1478 4553 opere
1495 4481 1659 4551 insculpta),
1687 4482 1715 4535 in
1734 4491 1833 4550 poste-

1008 4555 1566 4637 rumllarcusedixltmitiusagenduum
1575 4559 1674 4634 rantra
1687 4553 1831 4609 Christia-

1008 4645 1071 4697 nos,
1085 4633 1114 4686 in
1127 4630 1249 4700 epistola
1266 4641 1315 4697 per
1331 4626 1483 4682 Eusebium
1502 4625 1609 4679 inserta
1625 4622 1700 4678 hhro
1715 4637 1754 4693 ιι,
1768 4637 1830 4694 444.

1007 4702 1051 4771 43,
1066 4702 1191 4758 sublatis
1206 4697 1402 4755 delationibus
1417 4710 1489 4767 quas
1508 4695 1647 4764 Traianus
1665 4695 1833 4763 permiserat

1008 4776 1118 4846 praxim
1135 4772 1295 4827 Pliniauam
1306 4768 1477 4839 approbans,
1491 4766 1754 4835 nequeamoniaus
1764 4767 1832 4823 Pius

1006 4845 1174 4914 sustulerat,
1192 4844 1260 4899 licet
1280 4843 1414 4897 saeviores
1428 4838 1549 4895 adriani
1566 4836 1642 4912 leges
1665 4838 1752 4894 silere
1763 4839 1833 4908 jus-

1005 4921 1102 4974 sisset.

1040 4990 1138 5058 opera
1153 4987 1275 5057 pretium
1288 4989 1331 5041 est
1344 4983 1432 5053 halus
1441 4980 1569 5051 epistola
1580 4979 1615 5035 ab
1629 4980 1750 5036 Eusebio
1763 4995 1831 5050 pro·

1004 5061 1099 5117 ductae
1112 5065 1256 5115 auctorem
1277 5069 1310 5111 ac
1334 5062 1446 5123 tempus
1461 5053 1620 5123 ostendere,
1647 5054 1681 5108 ad
1695 5066 1827 5121 compro·

1004 5131 1127 5188 handam
1145 5130 1295 5186 historiam
1308 5127 1475 5197 pontillcum
1487 5132 1514 5180 et
1525 5131 1682 5194 martyrum
1699 5124 1828 5192 secundi,

1004 5204 1040 5260 44
1054 5218 1112 5274 444
1124 5203 1249 5274 agimus,
1266 5198 1377 5255 saeculi.
1392 5197 1523 5253 Valesius
1541 5197 1569 5251 in
1585 5197 1689 5264 doctis,
1705 5197 1830 5252 adnota-

1005 5275 1136 5332 tionibus
1159 5275 1193 5330 ad
1221 5270 1376 5330 Eusebium
1403 5269 1510 5339 pridem
1547 5268 1684 5335 ostendit,
1705 5269 1830 5339 graviter

1005 5347 1116 5417 lapsum
1131 5346 1314 5407 historicum,
1328 5343 1378 5412 qui
1391 5341 1517 5397 eamdem
1529 5341 1681 5409 epistotam
1693 5338 1830 5395 tribuerit

1003 5409 1831 5488 atrrontnoPio,camipsainscripttoeridemerostendat

1004 5491 1105 5547 reterri
1121 5489 1155 5544 ad
1180 5491 1213 5543 44.
1231 5486 1391 5543 Aureliam.
1411 5506 1423 5535 a
1439 5485 1531 5549 Errat,
1549 5483 1656 5552 inquit,
1674 5481 1828 5550 Eusebius,
1928 5546 1935 5557 ι

1004 5565 1054 5635 444
1071 5562 1216 5617 antonino
1235 5559 1282 5614 444
1306 5557 1378 5613 hanc
1400 5555 1551 5625 epistolam
1578 5553 1693 5616 tribuit,
1710 5568 1773 5609 cunr
1792 5555 1831 5610 sit

1002 5636 1062 5692 divi
1088 5634 1187 5702 llarci,
1205 5639 1236 5688 ut
1248 5645 1283 5686 ex
1300 5629 1491 5698 inscriptione
1504 5627 1566 5696 ipsa
1577 5632 1705 5695 apparet,
1722 5627 1830 5696 scripta

1001 5720 1077 5763 anno
1098 5707 1190 5775 primo
1218 5705 1281 5774 ejas
1306 5702 1432 5770 imperii,
1453 5712 1517 5754 cum
1547 5698 1608 5767 ipse
1623 5700 1828 5753 essettertium

1000 5778 1113 5835 consul.
1127 5798 1140 5831 a
1156 5775 1260 5833 subdit
1273 5788 1363 5830 vero»
1379 5790 1386 5828 :
1400 5774 1613 5827 lluncerrorem
1627 5768 1829 5825 Eusebiividit

1001 5852 1117 5922 quidem
1143 5856 1245 5906 auctor
1271 5844 1408 5903 Chronici
1434 5840 1642 5912 Alexandrini,
1669 5841 1727 5896 ssd
1747 5838 1841 5891 ‘xxxam
