3892 6136
121 264 191 325 ⁴589

557 261 717 318 distollit
736 265 782 318 DE
800 263 889 319 titis
906 260 991 318 nont.
1007 260 1107 317 PONT.
1122 290 1159 302 -
1171 263 1200 319 S.
1219 263 1412 320 sitvnsllsn.

1757 258 1825 322 tato

118 389 263 457 iordanis,
277 400 326 454 spe
340 386 491 443 ulterioris
507 385 662 454 proiectus,
674 384 714 440 ita
728 383 843 440 dillerri
857 381 989 445 indul-A
1006 381 1125 451 lepram,
1149 396 1234 454 aquo
1256 385 1419 454 metaphora
1441 384 1655 454 scripturarum
1674 384 1825 453 desumpta

120 468 209 534 geret.
225 458 393 527 Disciplina
407 462 532 514 attamen
548 463 631 512 tenax
647 456 785 525 providit,
801 468 835 510 ne
849 453 949 509 unctio

119 533 219 603 aliqua
234 530 417 587 omitteretur
436 529 522 583 etiam
535 541 599 582 cum
613 527 759 597 presbyter
773 525 947 595 baptizaret:

120 610 150 660 et
174 600 303 672 mysterii
333 599 476 656 retinendi
500 597 800 667 causaeonstituit,ut
822 597 951 665 baptizo-

120 679 178 730 tam
206 673 299 726 liniret
324 671 468 740 presbyter
489 670 643 736 chrismate,
670 670 787 723 leuatam
812 667 844 721 de
863 681 947 735 tique,

122 744 198 816 quod
211 749 343 800 occurret
361 741 493 811 sequenti
504 741 639 796 sectione.

157 816 295 870 Praeterea
318 812 505 881 disciplinam
537 812 670 866 Ecclesia
685 811 826 879 vigentem
840 821 904 874 suo,
920 812 949 861 et

121 885 252 943 silvestri
266 884 384 946 sacculo,
403 885 432 938 in
450 883 620 938 chrismatis
634 887 813 938 sacramento
827 877 950 934 admini-

123 958 241 1014 strando
256 968 312 1012 uon
335 967 447 1023 semper
464 953 544 1009 illico
558 958 622 1022 post
635 953 821 1019 baptismum,
835 950 885 1005 sed
899 949 949 1003 in-

122 1027 263 1097 terposito
277 1026 450 1096 quaudoque
470 1030 605 1093 ternpore,
618 1023 711 1079 varias
725 1022 760 1077 ob
776 1033 879 1077 causas
900 1032 950 1074 ra-

123 1098 289 1161 tionabiles,
303 1097 376 1153 satis
389 1108 552 1164 expressam
570 1095 686 1150 exhibet
700 1093 783 1149 nobis
798 1094 826 1147 s.
844 1091 949 1145 lliero-

126 1183 227 1238 uymus
243 1170 273 1223 in
287 1167 555 1238 Dialogoadversus
568 1166 775 1229 luciferianos,
788 1164 837 1220 ubi
848 1160 950 1217 Ortho-

124 1241 217 1298 doxus
231 1238 353 1295 affirmat
369 1252 376 1285 τ
392 1258 405 1290 v
426 1239 502 1292 lianc
517 1251 578 1292 esse
588 1237 775 1293 ecclesiarum
794 1236 949 1289 consuetu·

124 1312 233 1379 dinem,
250 1315 281 1366 ut
303 1311 338 1365 ad
349 1323 408 1373 eos,
423 1308 474 1391 qui
497 1308 580 1432 lonffie
604 1308 634 1364 in
651 1306 813 1362 minoribus
827 1302 949 1360 urbibus

125 1395 175 1451 per
185 1380 545 1451 presbyterosetdiaconos
572 1379 689 1448 aptizati
701 1381 779 1445 sunt,
794 1376 949 1444 episcopus

124 1453 160 1508 ad
178 1453 388 1509 invocationem
403 1451 496 1507 sancti
507 1450 644 1520 Spiritus,
663 1462 776 1504 manum
792 1445 949 1515 impositu-

125 1537 175 1579 rus
189 1529 324 1579 excurrat
339 1542 353 1572 »
369 1540 375 1576 :
391 1527 417 1577 et
434 1521 519 1591 paulo
534 1528 596 1590 post
610 1520 663 1575 hoc
677 1520 750 1574 idern
766 1517 890 1573 nitidius
903 1528 949 1570 ex-

125 1593 248 1663 plicans,
264 1594 346 1650 doeet
360 1612 392 1647 :i
410 1593 487 1647 llanc
502 1591 727 1648 observationem
749 1603 783 1644 eii
801 1601 832 1643 ea
846 1592 949 1642 aucto-

124 1665 211 1720 ritate
223 1664 404 1731 descendere,
417 1663 492 1733 quod
510 1669 732 1733 postaseensum
749 1657 948 1727 Dominispi-

124 1735 202 1790 ritus
217 1742 332 1790 sanctus
351 1735 386 1789 ad
402 1734 547 1804 apostolos
565 1733 723 1798 descendit,
741 1736 773 1787 ut
785 1730 899 1785 scilicet
917 1728 947 1781 in

124 1805 428 1874 ecclesiabaptizatus,
445 1805 503 1858 nisi
519 1818 567 1874 per
582 1801 821 1872 manusepiscopi
839 1812 949 1855 nonac-

124 1875 216 1945 cipiat
228 1876 370 1945 Spiritum
390 1880 520 1930 sanetum
532 1875 571 1943 (iii
582 1878 752 1929 sacramento
762 1873 949 1940 confirmatio-

126 1947 181 2017 m's)
197 1960 280 2072 quem
296 1960 349 2001 nos
359 1947 519 2002 asserimus
534 1948 564 2000 in
577 1958 642 2000 vero
651 1945 822 2014 baptismate
835 1941 946 1997 tribui:

125 2023 152 2073 et
169 2018 197 2071 ln
220 2031 235 2072 e
253 2018 371 2083 veniret,
391 2023 421 2073 ut
434 2018 497 2072 sine
516 2016 671 2072 chrismate
695 2020 724 2071 et
737 2014 865 2085 episcopi
882 2013 951 2081 jus-

126 2088 218 2155 sione,
239 2102 331 2159 neque
355 2088 500 2158 presbyter
517 2101 608 2157 neque
626 2087 767 2143 diaconus
779 2086 827 2155 jus
848 2084 949 2139 habeat

127 2157 303 2228 baptizandi,
315 2159 391 2230 qnod
404 2157 578 2229 frequenter,
593 2159 617 2214 si
629 2166 721 2213 tamen
737 2155 893 2213 necessitas
904 2167 949 2211 co-

127 2235 184 2300 gat,
201 2231 309 2286 scimus
319 2231 404 2285 etiam
419 2230 503 2285 licere
513 2229 609 2286 laicis.
622 2248 635 2280 a
648 2228 804 2298 baptizatis
816 2228 908 2298 igitur
918 2226 948 2280 in

127 2300 244 2369 riculis,
258 2307 309 2357 aiil
324 2301 354 2356 in
369 2300 506 2360 castellis,
529 2308 580 2357 aiit
599 2302 628 2355 in
650 2300 856 2357 remotioribus
876 2297 949 2353 loeis

127 2384 177 2441 per
191 2370 370 2442 presbyteros
384 2379 412 2429 et
424 2372 561 2429 diaconos
577 2373 619 2428 ait
631 2371 743 2427 evenire
762 2375 794 2426 ut
806 2376 872 2424 ante
891 2368 949 2424 rita

127 2444 337 2512 excedentem
356 2444 511 2512 dormiant,
529 2457 614 2514 quam
631 2458 679 2514 per
693 2443 859 2512 episcopum
877 2437 949 2493 invi-

128 2520 249 2570 sautur:
267 2515 343 2570 unde
357 2520 444 2584 patet,
462 2528 517 2570 non
531 2515 668 2570 omnihus
679 2516 763 2569 etiam
784 2510 894 2566 adultis
908 2510 948 2564 il-

128 2583 184 2641 lico
201 2592 264 2655 post
277 2584 464 2655 baptismum,
477 2584 602 2641 conferri
617 2584 801 2641 consuevisse
811 2581 948 2637 chrisma·

128 2656 167 2711 tis
179 2663 400 2724 sacramentnm,
415 2657 464 2713 sed
477 2671 527 2727 pro
540 2657 618 2711 iuria
634 2651 949 2726 opportunitatediller-

128 2726 165 2796 ri,
181 2734 212 2784 ut
225 2728 311 2783 etiam
328 2727 413 2784 hodie
426 2727 458 2783 nt
469 2748 477 2783 .·
488 2728 725 2797 quemadmodum
740 2725 867 2796 spiritus
879 2734 950 2778 san-

127 2800 230 2854 clusin
244 2799 522 2868 hctisapostolorum
534 2797 759 2866 datuspluribus
770 2795 874 2851 diebus
887 2797 951 2863 post

127 2870 323 2925 ascensionem
357 2870 472 2924 Domini
499 2868 572 2924 hanc
605 2868 790 2937 disciplinam
818 2864 950 2921 Ecclesia

128 2941 300 2996 monstravit
322 2939 530 3009 attemperandi
555 2939 736 2995 collationem
770 2935 949 2997 chrismatis,

127 3024 178 3067 seir
193 3010 598 3067 eounrmationissacramenii
608 3012 690 3080 juxta
706 3008 949 3080 opportunitatem

1005 461 1058 519 est,
1077 454 1157 510 valde
1172 455 1314 525 suspicor.
1329 456 1509 510 Consuetudo
1523 455 1596 510 enirn
1612 456 1675 524 ejus
1689 453 1824 511 translati

1006 524 1083 580 verbi
1097 526 1126 580 in
1138 526 1298 596 Scripturis
1310 527 1343 581 ad
1359 533 1471 596 peccata
1484 526 1672 597 significanda
1685 523 1822 591 adhibiti,

1005 609 1069 650 cum
1087 595 1192 665 lepram
1217 611 1234 651 a
1253 597 1331 666 lepra
1346 597 1525 667 distinguere
1540 597 1573 652 ad
1589 595 1713 653 officium
1726 608 1825 652 sacer-

1005 665 1825 731 doiisrelertur;itatarriliartseiaiaiatesilvestrietcoii·

1006 737 1141 808 stamini,
1157 745 1187 794 ut
1201 739 1408 794 ecclesiasticis
1419 739 1491 793 viris
1510 739 1614 807 passim
1630 745 1826 794 assumeretur

1004 807 1099 889 etiam·
1116 809 1144 864 in
1172 810 1319 865 dictandis
1334 808 1494 864 canonibus
1515 809 1724 864 conciliorum:
1747 807 1824 879 quod

1006 892 1189 947 perspicuum
1208 881 1239 934 lit
1257 880 1417 952 legentibus
1432 893 1569 935 canonem
1586 876 1619 934 li
1632 879 1749 935 concilii
1763 879 1825 934 hn-

1004 951 1103 1019 cyrani
1119 951 1173 1007 sub
1188 951 1335 1015 silvestro,
1355 953 1394 1005 ita
1409 958 1588 1019 conceptum,
1604 963 1636 1005 ac
1647 949 1744 1005 latine
1756 949 1826 1005 red-

1004 1022 1118 1077 ditum:
1133 1044 1146 1073 r
1160 1024 1215 1078 Eos
1229 1024 1279 1092 qui
1296 1021 1537 1077 irrationabiliter
1549 1021 1687 1090 vixerint,
1702 1028 1730 1076 et
1745 1020 1825 1089 lepra

1006 1092 1097 1149 inusti
1112 1093 1329 1149 criminisalios
1343 1093 1510 1162 polluerint,
1523 1091 1656 1162 pracepit
1672 1096 1771 1146 sancta
1782 1104 1827 1160 sy·

1005 1163 1098 1221 nodus
1112 1165 1185 1219 inter
1198 1178 1246 1220 eos
1256 1179 1346 1234 orare,
1359 1164 1409 1234 qni
1421 1163 1528 1231 spiritu
1548 1162 1751 1232 periclitantur
1766 1161 1827 1221 line

1005 1236 1148 1291 mundo.»
1166 1237 1254 1304 lepra
1269 1236 1358 1303 iqitur
1370 1235 1535 1300 criminum,
1553 1247 1609 1288 non
1625 1232 1702 1302 lepra
1719 1244 1825 1302 eorpo-

1005 1309 1047 1364 ris
1059 1305 1634 1362 mundatnmexhibebantdonstautinum
1647 1304 1759 1359 sincera
1774 1301 1825 1358 ilia
1855 1307 1857 1311 ‘

1003 1380 1174 1435 documenta
1202 1391 1264 1447 quae
1287 1376 1466 1432 describebat
1485 1382 1585 1431 auctor
1599 1374 1718 1430 secundi
1742 1376 1825 1428 cata-

1004 1450 1033 1506 lo
1056 1453 1075 1516 i,
1087 1454 1115 1503 et
1129 1462 1193 1502 curn
1208 1461 1240 1502 eo
1253 1447 1496 1503 bibliothecarius
1506 1447 1534 1501 in
1545 1447 1598 1501 hoc
1611 1458 1738 1505 numero,
1754 1443 1824 1498 dum

1003 1535 1017 1577 a
1052 1518 1191 1587 rmabant,
1222 1533 1237 1573 a
1268 1520 1406 1574 silvestro
1434 1531 1501 1588 papa
1534 1516 1707 1586 baptizatum
1734 1513 1825 1570 luisse

1003 1592 1223 1649 Constantinum
1246 1591 1418 1661 Augustum,
1443 1613 1456 1639 a
1483 1601 1565 1657 quein
1587 1588 1698 1643 curarit
1723 1583 1826 1640 Domi-

1004 1679 1059 1720 nus
1073 1677 1120 1733 per
1136 1661 1310 1730 baptismum
1324 1674 1339 1715 a
1351 1660 1438 1729 lepra.
1457 1678 1470 1708 a
1486 1660 1555 1714 heta
1567 1658 1696 1713 silvestri
1707 1669 1762 1712 non
1775 1655 1825 1710 iii-

967 1736 1154 1812 Bterpolata,
1176 1731 1323 1801 probabile
1335 1731 1486 1787 admodum
1508 1737 1561 1791 est,
1578 1729 1652 1784 nihil
1673 1727 1749 1784 ultra
1766 1725 1826 1781 haec

1002 1807 1087 1862 rerba
1107 1803 1372 1872 luissecomplexa3
1388 1816 1453 1857 cnm
1470 1799 1544 1856 nihil
1559 1800 1605 1855 his
1615 1798 1752 1869 adiecerit
1763 1799 1827 1872 hii·

1003 1884 1065 1933 otor
1079 1875 1196 1932 secundi
1214 1875 1347 1943 catalogi,
1363 1873 1496 1942 nihilque
1510 1872 1656 1926 addiderit
1668 1868 1825 1925 Bibliothe-

1003 1949 1101 2004 carius
1116 1944 1238 2002 lideliter
1249 1944 1443 2000 transcribens
1453 1942 1578 2013 phrasim
1592 1941 1697 2011 passim
1710 1938 1826 1995 adhibl-

1004 2025 1060 2075 tam
1076 2029 1201 2089 peream
1216 2022 1326 2071 atatem
1341 2015 1426 2071 etiarn
1438 2015 1467 2069 in
1481 2012 1713 2068 canonecoucilii
1729 2012 1826 2081 hncy-

1005 2091 1079 2146 rani.
1101 2091 1188 2144 Vetus
1212 2102 1308 2143 arcani
1324 2086 1491 2154 disciplina,
1509 2085 1539 2140 in
1563 2084 1707 2154 mysteriis
1726 2093 1826 2137 sacra-

1005 2168 1163 2217 mentorum
1192 2159 1359 2223 tractandis,
1376 2166 1458 2212 caute
1487 2156 1618 2226 proloqui
1641 2155 1771 2217 studens,
1797 2158 1826 2207 et

1005 2231 1190 2304 profanorum
1223 2230 1316 2285 oculis
1348 2228 1493 2285 occultare
1521 2226 1648 2282 lidelium
1680 2222 1825 2280 sanctiora

1004 2304 1191 2365 theoremata,
1214 2300 1252 2357 ita
1272 2306 1437 2356 assueverat
1453 2300 1496 2354 uti
1518 2297 1667 2352 translatis
1681 2291 1824 2364 ejusmodi

1004 2372 1212 2439 locutionibus,
1225 2371 1405 2441 expressisiu
1419 2370 1529 2426 divinis
1546 2369 1660 2434 litteris,
1673 2375 1704 2422 ut
1718 2364 1825 2435 passim

1003 2460 1051 2501 eas
1062 2444 1211 2500 adhiberet
1222 2450 1356 2513 tanquam
1372 2441 1514 2512 proprias,
1528 2440 1588 2494 sive
1604 2444 1635 2493 ut
1645 2436 1825 2508 propriarum

1002 2515 1230 2586 aequipollentes,
1246 2519 1274 2569 ct
1289 2514 1460 2583 quandoque
1471 2513 1501 2566 in
1511 2509 1701 2582 significando
1713 2505 1828 2589 expedi·

1005 2587 1104 2646 tiores.
1117 2588 1200 2656 juxta
1230 2586 1370 2641 monitum
1391 2585 1421 2639 B.
1445 2583 1602 2653 Augustini
1620 2581 1656 2639 in
1682 2579 1766 2633 libris
1790 2576 1826 2634 de

1003 2659 1140 2714 Doctrina
1159 2656 1333 2712 Christiana.
1351 2657 1413 2710 llaec
1431 2654 1535 2709 deinde
1555 2654 1687 2721 dogmata
1712 2648 1825 2720 liguris,

1005 2719 1827 2790 actranslatisinclusalldelibusdistincteexponebantur

1006 2815 1056 2871 per
1068 2802 1229 2855 sacerdotes
1244 2813 1353 2851 arctina
1367 2797 1497 2850 doetrinae
1509 2796 1648 2861 mysteriis
1662 2794 1826 2845 instrui-tos:

1006 2885 1079 2942 quos
1089 2873 1174 2924 retiam
1186 2868 1353 2922 adhibuisse
1361 2864 1580 2920 Constantinum
1592 2862 1626 2916 ab
1641 2864 1702 2932 ipsu
1715 2873 1828 2917 conver·

1005 2942 1100 2996 sionis
1122 2939 1207 2994 initio
1228 2939 1310 2993 docet
1323 2935 1475 2992 Eusebius.
1488 2936 1626 3002 Tempora
1643 2946 1708 2987 vero
1721 2930 1827 2986 subse·

1005 3017 1072 3066 cuta
1098 3024 1132 3066 ex
1156 3009 1287 3079 mysticis
1313 3020 1346 3061 ac
1375 3005 1580 3074 metaphoricis
1617 3001 1826 3071 locutionibus,

128 3080 183 3138 loci
197 3096 230 3138 ac
253 3082 400 3151 temporis,
427 3081 538 3137 caeteris
566 3081 735 3136 muneribus
758 3079 794 3132 ab
816 3077 950 3146 episcopo
965 3086 989 3148 c
1004 3081 1164 3150 compendii
1176 3093 1272 3146 causa,
1290 3077 1460 3133 substitutis
1476 3075 1657 3143 propi-iorum
1674 3072 1825 3127 verborum

126 3151 280 3222 obeundis,
293 3156 344 3210 aut
355 3166 451 3208 causis
460 3151 613 3207 dilationis
622 3151 658 3203 ab
672 3151 734 3217 ipso
744 3146 948 3218 approbandis.

126 3224 187 3281 Non
208 3223 413 3295 igiturmirum
424 3222 518 3276 videri
530 3218 625 3286 debet,
638 3220 663 3274 si
678 3221 773 3275 eadem
787 3217 948 3287 disciplina

126 3308 200 3346 usus
213 3302 257 3345 esi
267 3294 369 3345 heatus
378 3290 514 3346 silvester
526 3291 554 3345 in
567 3290 736 3345 reservanda
747 3287 948 3359 opportuniori

128 3360 202 3429 loco,
215 3374 249 3415 ac
263 3366 387 3431 tempore
408 3361 627 3417 confirmatione
651 3360 845 3428 Constantini,
861 3371 947 3429 quam

130 3432 160 3487 in
176 3431 291 3487 exordio
304 3431 462 3488 Eccleslaea
476 3433 589 3503 Spiritu
602 3438 701 3488 sancto
711 3432 852 3502 apostolis
861 3430 952 3486 tradi·

129 3507 185 3559 tam
198 3502 392 3574 cognoscebat.

162 3573 225 3630 stat
257 3574 349 3645 igitur
379 3587 491 3630 summa
532 3575 677 3631 dictorum
714 3588 780 3632 cum
819 3572 950 3646 legitimo

126 3658 214 3702 sensu
228 3644 396 3701 Eusebianae
407 3645 543 3702 ilistoria
558 3652 586 3701 et
605 3645 805 3716 chronologia
819 3646 855 3702 de
874 3644 948 3715 Vita,

125 3721 208 3773 aetate
232 3728 266 3771 ac
286 3715 429 3785 baptismo
456 3717 486 3772 B.
515 3717 626 3773 llelenae
654 3724 682 3774 et
702 3716 895 3786 Constantini,
921 3723 951 3775 et

125 3786 300 3844 conciliatur
318 3801 384 3843 cum
405 3788 571 3844 Nestoriani
594 3796 622 3844 et
645 3789 754 3845 llalalae
768 3789 949 3860 chronogra-

126 3858 204 3930 phia,
227 3861 256 3913 et
272 3858 447 3925 narratione,
474 3865 501 3914 et
528 3874 591 3915 cuin
622 3859 840 3916 bibliothecarii
856 3865 946 3929 textu,

124 3927 340 3988 asserentibus:
365 3929 541 4000 baptizatum
569 3929 661 3986 luisse
687 3931 855 3986 asilvestro
875 3944 947 4001 papa

124 4002 206 4073 pium
231 3998 315 4056 illum
331 4001 529 4071 imperatorem
559 4001 588 4057 in
609 4001 680 4057 urbe
695 4001 781 4058 lionia
796 4002 831 4056 ad
860 4002 946 4058 Late-

127 4084 240 4129 ranum.

148 4143 208 4225 ,siu
223 4146 320 4224 autem
331 4143 445 4212 phrasis
463 4142 588 4198 Eusebio
603 4148 741 4212 usurpata
758 4142 870 4198 lavacro
885 4156 949 4267 Pte-

125 4219 265 4282 nitentue,
291 4226 324 4269 ac
338 4214 374 4270 de
393 4213 544 4286 signaculo
559 4214 788 4271 confirmationis
804 4221 884 4269 trans
896 4226 948 4269 or-

125 4285 235 4341 mandae
248 4284 312 4353 ejus
327 4287 476 4341 sententiae
492 4298 590 4340 ansam
605 4285 686 4341 dedit
698 4285 826 4352 hrianis,
842 4285 870 4340 id
891 4298 947 4341 noo

125 4361 169 4411 est
181 4356 253 4411 vitio
274 4356 438 4413 vertendum
457 4356 607 4425 historico,
621 4356 669 4412 sed
683 4355 870 4412 abutentibus
884 4356 948 4424 ejus

124 4425 247 4482 historia
262 4426 293 4480 in
314 4427 506 4496 patrocinium
522 4427 648 4483 erroris:
664 4428 788 4496 posteris
808 4439 873 4482 vero
892 4425 947 4481 ab-

124 4496 945 4625 ususilleimpriidenterimposuit,cirinilleiitimampla-

123 4568 284 4640 giariorum
302 4569 507 4635 detorsionem,
528 4583 579 4639 pro
597 4575 673 4626 recto
688 4571 744 4625 scri
767 4570 843 4625 entis
858 4580 944 4625 sensu

122 4639 311 4695 admiserunt.
327 4641 440 4710 imponi
453 4646 546 4697 autem
571 4640 703 4711 posteris,
724 4639 852 4711 sequiori
866 4652 943 4710 prae-

121 4711 222 4767 sertim
250 4715 340 4773 aetate,
365 4725 421 4767 non
446 4710 505 4766 luit
528 4710 648 4767 difficile
678 4714 730 4768 hac
757 4713 786 4767 in
807 4711 941 4781 historia,

121 4788 220 4838 renata
236 4788 278 4837 tot
301 4781 416 4838 artibus
434 4781 650 4839 hereticorum:
676 4782 783 4853 quibus
798 4781 942 4838 tribuitur

121 4853 242 4908 mutatio
269 4854 397 4909 nominis
419 4853 579 4909 Constantii
611 4854 883 4910 inconstantinam
912 4852 940 4907 in

121 4928 200 4980 textu
214 4923 367 4980 Athanasii
380 4925 415 4981 de
424 4925 556 4995 Synodis,
573 4938 681 4981 necnon
697 4923 942 4994 hmbrosii,zosi-

120 4995 170 5064 mi,
202 4995 338 5062 Socratis,
367 4996 514 5052 sozomeni
542 4996 603 5052 loca
637 4997 666 5051 in
697 4995 819 5052 dubium
857 5006 942 5050 reio·

118 5073 192 5129 cata,
206 5069 235 5122 et
252 5079 268 5120 a
283 5065 404 5122 liaronlo
419 5080 548 5136 excussa,
560 5067 603 5123 uti
618 5081 652 5123 ex
668 5068 755 5139 Pagio
770 5065 941 5134 adnotabam

119 5136 207 5192 lnitio
226 5143 358 5194 notarum
373 5137 575 5195 historicarum
596 5139 625 5194 iu
643 5139 719 5194 hunc
734 5151 898 5195 numerum.

152 5209 209 5263 Nee
224 5207 381 5264 dissimilis
405 5209 620 5266 transformatio
632 5211 781 5266 sententia
793 5211 938 5280 suspicari

118 5280 346 5348 potestdeducta
373 5293 407 5335 ex
431 5281 513 5336 hctis
541 5280 684 5345 Silvestri,
711 5296 777 5338 euin
800 5296 865 5338 vero
884 5284 936 5341 ha·

117 5351 225 5421 ptlsmo
251 5352 631 5408 ereumdemadministrato
644 5352 939 5412 llelenaeetconstau-

116 5422 199 5503 tluo,
210 5365 393 5504 asmistaest
409 5422 494 5491 lepra
512 5424 647 5479 curatio:
664 5438 727 5494 qnae
741 5427 771 5481 in
791 5425 871 5479 hctis
884 5440 937 5499 ge-

116 5494 228 5557 uuluis,
242 5499 272 5549 ut
285 5492 423 5563 arbitror,
440 5493 659 5563 memorabatur,
669 5496 717 5551 sed
731 5495 778 5551 lon
800 5496 937 5554 ediverso

115 5564 258 5619 sententia
268 5577 301 5619 ac
312 5564 420 5636 legitur
431 5565 460 5619 in
475 5566 698 5621 transformatis.
712 5568 752 5622 Ex
764 5512 862 5636 phrasi
874 5581 937 5624 eori-

115 5640 208 5716 sueta,
222 5647 285 5703 quae
298 5637 396 5691 sordes
408 5637 512 5692 mentis
524 5637 630 5706 peccati
648 5644 726 5693 reatu
740 5643 843 5694 uotatae
855 5639 936 5708 leprae

115 5717 232 5762 uoiuine
246 5705 319 5762 solet
326 5707 495 5777 exprimere,
503 5709 691 5764 Constantino
705 5708 835 5764 additum
844 5708 937 5765 luisse

116 5776 314 5848 imprudenter
335 5777 464 5836 morbum
486 5780 625 5848 ,corporis
638 5779 868 5850 elephantiasim,
884 5793 936 5839 seii

1006 3153 1084 3221 usui,
1109 3165 1207 3206 ansam
1223 3152 1395 3220 quandoque
1407 3145 1573 3202 obtuleruut
1595 3142 1761 3210 lectoribus,
1777 3153 1827 3197 ae·

1005 3222 1119 3294 quioris
1142 3221 1299 3291 prasertim
1325 3219 1429 3289 aetatis,
1452 3230 1561 3286 suoque
1586 3223 1674 3270 marte
1702 3213 1827 3270 ausisea

1006 3294 1211 3364 interpretari,
1227 3299 1257 3347 ut
1271 3293 1382 3360 ineptas
1401 3288 1581 3344 narrationes
1601 3287 1775 3342 deducerent
1790 3295 1826 3338 ex

1006 3366 1136 3437 ignorata
1154 3366 1181 3421 vi
1196 3363 1329 3419 translati
1352 3361 1442 3425 verbi,
1463 3359 1546 3430 longe
1560 3359 1674 3413 diverso
1688 3369 1775 3412 seusu
1789 3353 1826 3413 ab

1006 3437 1057 3492 illo
1074 3436 1166 3506 primo
1181 3435 1323 3504 scriptore
1333 3431 1467 3498 adhibiti,
1481 3443 1514 3484 ac
1526 3429 1747 3499 perciperetura
1760 3437 1825 3484 sero

1005 3508 1105 3579 aliquo
1117 3506 1344 3575 transcriptore:
1362 3503 1412 3574 qui
1425 3502 1529 3558 deinde
1543 3514 1633 3557 ansus
1650 3512 1712 3555 sese
1726 3499 1755 3552 iu
1768 3511 1825 3554 aii-

1005 3586 1110 3635 ctorem
1124 3579 1235 3660 eripere
1254 3573 1438 3633 admirabilis
1459 3573 1587 3641 alicujus
1610 3569 1741 3626 historiae
1754 3569 1824 3627 aliis

1007 3652 1154 3723 ignoratae,
1181 3655 1294 3706 inventa
1323 3659 1376 3703 sua
1410 3643 1584 3711 venditabat,
1613 3647 1664 3698 aut
1688 3638 1826 3698 assuebat

1005 3728 1130 3778 veterum
1143 3718 1368 3788 narrationibus,
1380 3717 1420 3772 ita
1429 3722 1462 3772 ut
1472 3715 1501 3770 iii
1515 3709 1824 3770 nonnulliseodloibus

1004 3781 1824 3862 additusreperiaturnumerustriiimmilliuminfantium

1004 3865 1039 3920 ad
1056 3864 1188 3920 balneum
1204 3861 1385 3918 Constantini
1397 3860 1483 3928 leprae
1495 3856 1651 3928 parandum
1667 3853 1825 3912 crudeliter

1004 3936 1231 4004 mactandorum,
1246 3947 1327 4002 quem
1342 3946 1357 3987 a
1369 3930 1521 3987 codicibus
1534 3926 1684 3997 castigatis
1698 3937 1825 3981 resecan-

1002 4007 1070 4062 dum
1085 4007 1198 4062 censuit
1210 4017 1279 4060 cura
1293 4002 1465 4073 diligentior
1476 4006 1665 4070 posterorum.
1763 4065 1770 4078 .

1036 4076 1190 4147 Quidpiam
1205 4076 1296 4146 igitur
1308 4073 1405 4129 simile
1420 4084 1572 4142 procusum
1586 4068 1676 4126 luisse
1691 4078 1824 4136 suspicor

1002 4161 1037 4204 ex
1059 4149 1158 4218 phrasi
1171 4154 1200 4203 et
1215 4146 1379 4215 metaphora
1405 4144 1486 4212 lepra·
1499 4158 1549 4211 per
1571 4141 1735 4211 baptismum
1748 4153 1826 4199 mao-

1002 4220 1074 4274 dota
1088 4221 1116 4274 in
1128 4219 1252 4275 historia
1262 4215 1443 4273 Constantini
1454 4211 1655 4281 asimpliciori
1665 4210 1766 4280 aliquo
1776 4222 1823 4265 ar·

1003 4282 1822 4362 tincesequiorisavt,aettludvetustiusaddltaroeniuu,

1003 4363 1078 4431 quod
1096 4363 1192 4417 minus
1204 4360 1301 4417 lelices
1317 4360 1487 4428 interpretes
1498 4356 1628 4412 historiae
1642 4352 1820 4420 Eusebianos,

1001 4432 1062 4488 sire
1076 4434 1163 4489 etiam
1178 4433 1279 4488 hriani
1301 4431 1425 4486 studiosi
1440 4430 1503 4497 ejus
1518 4430 1701 4494 corruptores
1714 4435 1821 4491 prucii-

1000 4504 1125 4559 deuduor
1136 4509 1276 4559 curarunt
1291 4501 1320 4557 io
1334 4501 1454 4572 gratiam
1466 4496 1589 4570 gregalis
1599 4495 1644 4550 sui
1658 4493 1820 4549 Constantii

999 4574 1034 4630 de
1061 4573 1203 4643 baptismo
1232 4570 1456 4637 Nicomediensi,
1479 4572 1594 4637 sumpta
1613 4565 1763 4621 occasione
1785 4576 1820 4620 ex

1000 4646 1166 4713 metaphora
1188 4643 1314 4709 Eusebii,
1338 4655 1394 4712 qua
1409 4639 1533 4710 spiritus
1553 4637 1752 4709 purgationem
1770 4647 1820 4705 per

997 4715 1229 4787 exomologesim,
1246 4729 1297 4771 seii
1318 4712 1514 4781 penitentiam
1533 4712 1641 4764 nomine
1662 4707 1776 4774 laoocra',
1792 4711 1821 4762 et

997 4793 1204 4843 sacramentum
1233 4783 1462 4841 confirmationis
1491 4794 1540 4851 per
1566 4777 1736 4837 uocabulum
1763 4775 1820 4848 ipsi

996 4871 1219 4913 commonacum
1228 4856 1381 4926 baptismo,
1393 4854 1589 4923 nempeitter'nt
1598 4850 1745 4918 sipriieutt,
1754 4849 1820 4910 θείας

997 4931 1139 4999 σφραγῖδος,
1154 4930 1189 4985 de
1202 4927 1391 4984 constantino
1408 4925 1528 4995 loquens
1542 4921 1693 4993 expressit.

1032 5001 1128 5070 Neque
1142 5014 1177 5055 ex
1192 4999 1287 5056 verbis
1309 4997 1446 5054 Chronicl
1469 4994 1626 5051 liiisebiani
1655 4992 1685 5047 in
1700 4991 1819 5049 addita-

998 5078 1091 5127 mento
1121 5070 1285 5141 llieronymi
1309 5068 1467 5141 quidquam
1494 5065 1642 5136 proficient
1661 5069 1820 5119 assertores

996 5140 1818 5213 baptisminicomediensish'amliteronyruusuousuum,

994 5215 1042 5269 sed
1070 5213 1186 5270 Eusebii
1210 5213 1383 5269 chronicum
1418 5210 1515 5265 latine
1541 5208 1672 5270 reddens,
1702 5209 1820 5275 etpost

994 5284 1160 5339 vicennalia
1178 5284 1361 5340 Constantini
1381 5283 1421 5351 (in
1440 5280 1548 5350 quibus
1565 5277 1741 5334 chronicum
1756 5276 1819 5335 litt-

993 5354 1066 5411 sebii
1078 5354 1237 5425 desinebat)
1250 5355 1374 5411 ulterius
1390 5354 1559 5423 produceris,
1574 5363 1608 5405 ex
1620 5348 1747 5418 ejusdem
1762 5360 1819 5405 aii-

992 5426 1081 5482 ctoris
1095 5426 1228 5494 historia,
1243 5425 1361 5482 totidem
1376 5423 1471 5480 verbis
1484 5421 1611 5478 reddidit
1625 5418 1818 5488 metaphoram

993 5497 1131 5554 salutaris
1150 5496 1267 5564 lavacri,
1291 5497 1315 5551 si
1336 5496 1372 5551 de
1386 5498 1563 5551 sacramento
1579 5489 1755 5561 penitentia
1766 5503 1819 5548 ea-

991 5569 1054 5624 dem
1070 5561 1670 5638 prolatacredidit,velsuppletossolemnis
1679 5561 1819 5632 baptismi

993 5641 1068 5696 ritus
1092 5640 1117 5694 si
1132 5637 1207 5695 lorte
1225 5651 1301 5694 more
1324 5636 1552 5705 compendiario,
1572 5639 1600 5690 et
1622 5633 1744 5704 privato,
1760 5646 1817 5691 non

993 5724 1075 5766 secus
1088 5724 1121 5766 ac
1139 5709 1373 5767 decumbentium
1391 5706 1566 5778 egritudine
1580 5705 1817 5761 administratum

993 5781 1167 5852 baptismum
1178 5790 1261 5838 antea
1276 5778 1442 5850 supposuit,
1457 5777 1527 5835 utin
1537 5776 1690 5846 aliquibus
1705 5787 1819 5845 magno·
