3892 6136
115 256 168 315 955
516 255 563 312 AD
580 252 797 311 ANASTASIUM
816 244 1073 306 ruotndotinvn
1093 248 1183 306 nuta.
1202 249 1415 309 limi-Vane.
1557 247 1566 257 ”
1771 248 1818 310 956

116 383 289 455 provincias,
310 382 441 438 Zosinms
454 379 490 450 (a)
504 394 556 450 pro
581 379 739 436 Arelatensi
756 374 940 444 metropolita
956 373 986 433 A
997 373 1105 430 vicario
1117 375 1145 430 ln
1168 375 1279 447 lllyrici
1295 376 1456 446 provinciis
1467 373 1516 447 (b).
1531 376 1602 432 lura
1627 382 1737 434 sanctae
1748 380 1817 438 sedis

116 456 185 512 tulit
195 453 378 515 sententiam,
392 466 476 522 quem
493 452 580 507 etiam
596 451 751 506 constituit
764 462 848 505 suuni
859 446 941 501 vica-
998 449 1097 501 tuetur
1111 451 1228 503 strenue
1240 448 1332 516 quoad
1345 446 1509 504 Occidentis
1522 447 1743 517 patriarchatus
1757 465 1817 520 par-

116 528 192 584 rlum
208 526 236 581 in
251 523 357 581 Galliis
372 524 454 593 ipsis.
479 525 583 577 llarum
607 523 754 590 episeopis
770 517 942 590 perscripsit
998 521 1048 598 tes¹
1065 517 1201 573 adversus
1222 519 1506 590 constantinopoleos
1529 519 1663 589 episcopi
1691 528 1815 595 conatus,

117 599 229 654 litteras
245 598 297 652 bac
321 596 357 650 de
385 609 427 657 re,
457 595 582 662 itemoue
602 593 636 648 ad
651 593 802 662 episcopos
825 587 938 654 atrium,
999 587 1817 660 quiOrientalelllyricnmspectareobtendensadorien-

115 669 318 739 Hispaniarum
329 672 357 722 et
373 665 584 736 provinciarum
608 663 781 719 Viennensis
795 667 823 717 et
835 658 942 714 Narbo·
997 657 1035 712 tis
1052 658 1215 730 imperium,
1229 660 1462 728 jurisdictionem
1478 661 1534 717 sibi
1547 669 1703 718 curaverat
1713 663 1815 734 adiudi-

117 740 217 796 nensis
233 738 375 804 secundae,
391 737 426 792 ad
443 734 653 803 metropolitam
667 732 862 790 Narbonensis
876 729 940 800 pri·
997 729 1132 800 carilego
1145 744 1194 800 per
1219 732 1410 788 Theodosium
1441 733 1643 800 imperatorem
1671 732 1740 789 lata.
1768 733 1814 804 Qui

118 826 179 878 mae,
193 810 227 865 ad
244 807 404 864 Patroclum
421 806 625 875 arelatensem,
654 805 687 859 ad
712 805 820 861 clerum
847 815 942 872 popu·
996 798 1111 872 collega
1125 802 1172 857 sui
1186 803 1304 859 lionorii
1323 803 1570 860 commendatione
1585 803 1714 872 priorem
1737 805 1815 864 abro-

117 883 235 951 lumoue
246 878 465 942 Massiliensem,
479 877 513 932 ad
524 876 599 932 alios
614 876 688 931 alias
698 877 779 932 dedit
790 871 940 956 epistolas.
997 872 1075 953 gavit
1088 871 1187 940 ierem,
1210 873 1336 945 tulitque
1348 874 1435 931 aliam
1451 887 1508 945 qna
1529 873 1653 931 bomani
1675 877 1815 947 pontificis

118 956 147 1009 ln
162 950 296 1009 decretali
310 950 345 1005 ad
361 948 528 1005 Hesiodium
543 947 741 1004 salonitanum
759 947 939 1002 interstitio·
996 945 1191 1012 antiquatum
1202 945 1398 1002 vindicantur.

117 1038 180 1080 rum
196 1018 556 1092 tempuspraellnit,eiqne
572 1024 738 1088 potestatem
762 1013 940 1074 iaeitsnain
1032 1012 1199 1072 Bonilacius
1218 1016 1460 1086 compluribusln
1476 1017 1626 1088 illyricum
1652 1021 1815 1092 perscriptis

117 1093 266 1162 provincia
279 1105 310 1148 se
322 1090 440 1163 gerendi
458 1096 594 1160 unquam
605 1090 767 1160 delegatum
779 1101 796 1144 a
808 1088 836 1144 S.
861 1085 937 1144 sede.
995 1082 1129 1152 epistolis
1146 1087 1291 1155 pontilicis
1305 1089 1370 1154 iura
1388 1088 1514 1144 ostendit
1528 1087 1568 1161 (i),
1584 1103 1653 1146 cum
1676 1091 1723 1146 uti
1738 1090 1816 1149 Occl-

116 1170 148 1221 nt
160 1165 287 1220 sancitas
297 1162 411 1232 regulas
426 1161 574 1217 observari
585 1167 677 1230 curet,
687 1161 712 1214 si
722 1154 939 1228 metropolitani
995 1154 1092 1211 dentis
1103 1158 1284 1227 patriarcba,
1297 1165 1357 1215 tum
1366 1160 1410 1215 uti
1421 1161 1541 1215 Romani
1552 1160 1715 1230 pontiacis.
1725 1161 1813 1233 Quoad

115 1235 282 1293 auctoritati
294 1235 392 1290 deesse
406 1232 445 1289 aii
470 1232 519 1287 uid
536 1232 673 1288 crederet.
693 1231 722 1285 ln
732 1229 791 1287 alia
802 1230 836 1285 ad
851 1230 942 1298 Byza-
997 1226 1120 1295 primum
1135 1230 1218 1298 plura
1232 1231 1355 1286 existere
1366 1231 1541 1287 monimenta
1565 1231 1597 1286 iu
1612 1232 1751 1289 Ecclesia
1766 1235 1814 1290 llo·

115 1320 191 1362 cenae
207 1305 364 1375 provincie
383 1305 413 1360 in
424 1248 521 1358 laica
536 1303 697 1372 episcopos,
710 1302 823 1358 eosdem
843 1297 941 1368 arguit
996 1309 1085 1353 manae
1097 1299 1224 1356 arobivis
1237 1307 1369 1369 testatur,
1382 1301 1692 1372 comprobantiaipsas
1702 1304 1815 1361 casdem

116 1378 192 1448 quod
204 1375 294 1432 laicos
309 1389 404 1431 secum
422 1373 577 1429 admittant
587 1373 621 1428 ad
636 1372 781 1442 indicium
792 1369 941 1427 terendam
996 1381 1051 1449 que
1065 1369 1208 1427 Ecclesias
1224 1386 1287 1441 quae
1303 1372 1332 1427 in
1348 1372 1504 1428 discrimen
1517 1371 1752 1446 adducebantur,
1763 1389 1815 1445 pos·

117 1449 147 1503 in
158 1447 256 1504 causis
267 1447 478 1515 episcoporum.
489 1446 589 1499 Divum
608 1445 800 1516 augustinum
814 1439 942 1525 (elalius-
995 1439 1085 1495 sideri
1098 1440 1134 1496 ab
1141 1442 1305 1499 Occidentis
1315 1442 1594 1512 patriarcba.Qnoad
1604 1444 1744 1508 alterum,
1759 1460 1814 1503 cun

116 1531 172 1588 oue
188 1516 324 1586 praesules
334 1530 368 1572 ex
383 1514 462 1571 diris
472 1514 583 1585 delegat
598 1521 629 1571 ut
643 1518 677 1570 de
689 1514 885 1570 ecelesiastica
911 1523 942 1569 re
995 1510 1148 1580 episcopus
1175 1512 1515 1583 constantinopolitanus
1528 1514 1665 1571 Corintbi
1678 1519 1814 1587 synodum

117 1590 146 1645 ln
161 1588 330 1645 cesariensi
349 1587 495 1652 provincia
511 1586 691 1641 Mauritaniae
704 1587 867 1641 decernant.
995 1581 1102 1650 lutsibi
1112 1582 1271 1653 videbatur)
1278 1586 1413 1651 ediceret,
1425 1584 1530 1641 scribit
1541 1585 1674 1654 pontifex
1682 1590 1814 1645 actionem

150 1660 289 1729 apiarius
301 1659 448 1729 presbyter
463 1657 608 1712 Siccensis
633 1657 768 1712 dioecesis
793 1669 826 1710 ex
842 1653 939 1710 eadem
994 1664 1105 1707 omnem
1114 1661 1200 1723 atque
1210 1655 1445 1713 deliberationem
1461 1655 1525 1712 tolli
1542 1664 1607 1723 post
1620 1659 1743 1715 Romani
1759 1673 1815 1729 pon

117 1729 572 1801 provincia,aproprioepisropo
585 1726 937 1795 percussusanatbemate,
957 1722 1084 1809 Btilicis
1103 1724 1248 1792 indicium
1273 1727 1330 1783 :ad
1355 1740 1387 1782 ea
1413 1740 1505 1798 nsque
1534 1733 1666 1799 tempora
1681 1731 1814 1786 neminen

115 1802 149 1858 ad
165 1802 193 1856 S.
208 1801 302 1857 sedem
320 1801 490 1869 provocavit.
509 1800 639 1855 zosimum
656 1812 721 1854 eum
737 1797 871 1866 absolvit,
888 1795 940 1851 in·
995 1806 1121 1864 unquam
1149 1794 1239 1852 inisse
1254 1811 1357 1854 ausum
1382 1810 1536 1867 provocare
1560 1799 1733 1867 apostolicae
1746 1801 1814 1857 sedis

114 1873 207 1944 deque
221 1872 400 1929 occasionem
411 1870 605 1940 cepitlegatos
619 1872 649 1925 in
662 1867 787 1925 alricum
803 1865 937 1923 mittendi
993 1867 1193 1922 auctoritatem
1216 1882 1367 1931 summam,
1389 1870 1502 1937 aculus
1517 1871 1666 1926 sententia
1680 1872 1814 1942 appellare

114 1950 147 2000 nt
181 1943 361 2000 exsecutioni
379 1943 583 1998 mandarentur
608 1941 833 1997 constitutiones
864 1937 937 2007 ipsis
995 1938 1615 2012 nuolieet,auctoritatemselesuChristo,
1636 1953 1696 1997 non
1723 1943 1814 1999 eonci-

116 2014 229 2071 traditae
252 2014 298 2087 (c).
328 2014 485 2083 prasertim
509 2013 604 2083 quoad
619 2011 838 2081 appellationes.
867 2021 938 2079 quas
994 2006 1044 2063 liis
1057 2016 1199 2079 acceptam
1211 2008 1811 2085 reterre-,Nicaeiquoqueeonciiiii’atrus,

116 2092 176 2142 tum
191 2085 379 2153 consuetudo,
401 2093 461 2141 tum
491 2084 564 2140 sacri
586 2096 710 2139 canones
731 2080 938 2137 ecclesiasticis
994 2081 1101 2150 quippe
1117 2081 1225 2151 quibus
1239 2083 1494 2151 persuasissimum
1508 2091 1570 2138 erat
1593 2084 1741 2155 quidquid
1756 2098 1772 2141 a
1787 2098 1813 2141 sc

117 2155 350 2226 permittebanta
367 2156 493 2226 propriis
506 2155 668 2225 judicibus.
680 2155 729 2208 lla
739 2159 845 2208 sanctae
859 2150 938 2206 sedis
995 2152 1114 2206 nonoris
1129 2153 1267 2208 collatum
1291 2151 1365 2209 ieret
1395 2155 1424 2209 in
1445 2153 1635 2223 apostolicam
1653 2156 1759 2226 sedem
1784 2169 1813 2212 ne

116 2228 340 2283 constitutiones
357 2241 421 2282 cum
434 2225 575 2282 nationali
588 2225 714 2282 concilio
728 2223 861 2279 africano
876 2220 939 2275 Car·
994 2225 1122 2278 maximo
1137 2225 1254 2293 quidem
1268 2224 1420 2280 intervallo
1435 2231 1638 2281 assecuturum
1651 2228 1813 2299 praerogati-

117 2298 235 2369 tbagine
263 2295 416 2366 celebrato,
441 2295 598 2367 Boniiacio,
624 2296 730 2351 Zosimi
761 2305 937 2360 successore,
994 2307 1043 2350 vas
1058 2292 1196 2365 quibusa
1219 2295 1334 2372 Christo
1358 2297 1480 2351 Domino
1505 2297 1695 2353 cohonestata
1718 2296 1811 2365 iuerat,

136 2367 261 2439 ontidce,
280 2364 940 2436 communioataeiucrunt,sardicensisconci-
996 2379 1046 2434 pro
1071 2366 1167 2421 eadem
1196 2366 1270 2421 nibil
1293 2380 1355 2422 esse
1381 2380 1467 2422 ausos
1488 2369 1694 2424 constituere:
1711 2369 1811 2425 nullan

117 2384 151 2495 fn
167 2452 308 2495 canonum
325 2438 461 2507 praesidio
473 2439 698 2494 constitutiones
713 2451 752 2493 eae
764 2451 794 2493 se
815 2435 940 2491 tuebao-
996 2449 1077 2505 posse
1087 2436 1122 2491 ab
1137 2439 1266 2492 omnium
1279 2440 1374 2505 capite
1389 2437 1583 2495 Ecclesiarum
1603 2438 1736 2511 dedcere,
1749 2442 1811 2512 quin

117 2516 175 2580 tur,
187 2511 237 2581 qui
253 2516 347 2565 tamen
360 2522 483 2564 canones
495 2507 618 2564 Nioaenae
632 2509 805 2563 tribuuntur
818 2505 937 2574 synodo,
993 2521 1010 2562 a
1022 2507 1185 2563 Christiana
1205 2508 1293 2563 simul
1310 2509 1364 2565 lide
1378 2509 1531 2565 desciscat.

116 2582 201 2651 ouius
214 2582 255 2637 rei
271 2593 358 2636 causa
375 2593 423 2648 per
435 2592 484 2635 eos
494 2581 620 2635 traditur
643 2581 672 2634 in
688 2584 786 2633 nostra
811 2576 940 2632 ilistoria
1029 2579 1182 2635 Coelestino
1196 2579 1331 2649 pontifice
1347 2581 1583 2650 prosecutionum
1608 2582 1771 2650 prosecutio
1784 2581 1812 2636 lit

116 2653 278 2719 dogmatica
306 2649 355 2719 (ol).
384 2649 513 2705 Africani
540 2651 647 2714 Patres,
683 2662 748 2704 cnm
777 2651 939 2702 versassent
995 2649 1228 2714 adapostolicam
1240 2651 1345 2720 sedem,
1358 2664 1430 2722 quas
1452 2651 1599 2707 Antonius
1623 2652 1811 2709 Fussaliensis

117 2727 259 2792 quotquot
279 2722 401 2776 Nicaenae
416 2720 517 2790 synodi
533 2719 709 2845 exemplaria
725 2719 774 2775 ubl
796 2725 878 2773 erant
894 2716 937 2788 (e),
994 2720 1147 2789 episcopus
1169 2727 1197 2777 et
1217 2722 1355 2790 apiarius
1377 2722 1524 2793 presbyter
1546 2722 1725 2780 detulerant.
1739 2722 1810 2794 Quod

116 2805 169 2848 nec
184 2791 359 2849 offenderent
377 2804 425 2846 eos
439 2803 572 2858 canones,
596 2790 605 2844 i
652 2788 771 2845 concilii
793 2801 891 2857 cepere
908 2796 939 2843 ut
996 2791 1182 2858 probatorio
1195 2793 1339 2861 indicium
1363 2792 1420 2850 luit
1435 2794 1535 2862 latum,
1552 2794 1684 2851 consulti
1698 2795 1809 2865 speciem

116 2863 174 2919 alia
199 2862 257 2918 sibi
281 2867 415 2931 pararent
428 2861 603 2930 exemplaria
628 2875 662 2916 ex
681 2860 808 2925 Oriente,
829 2861 938 2914 interea
994 2859 1335 2930 reserebatsuperlibello
1351 2864 1809 2935 supplieizetipsiusexdicmsi

117 2947 182 2991 vero
198 2933 345 3004 pontilicis
360 2934 473 2989 decreta
487 2937 672 2988 servarentur
688 2950 695 3002 3
714 2929 845 2987 futurum
870 2943 939 2997 spe-
995 2933 1810 3002 populiobstiteruntneexsecutionimandaretur.lisden

118 3012 214 3061 rantes
227 3011 269 3072 ut,
285 3004 342 3060 nisi
362 3004 432 3130 ‘lum
446 3002 543 3058 simile
552 3003 661 3058 Nicaeni
677 3014 799 3058 canones
820 3000 937 3068 terrent,
993 3003 1447 3076 numniusminaturvim,eujus
1458 3006 1516 3061 sibi
1532 3007 1811 3091 copiamapontiioe

117 3089 147 3131 se
163 3077 241 3146 ipsos
269 3082 368 3144 aposto
384 3076 428 3131 lca
447 3073 528 3130 sedes
554 3074 628 3129 baud
653 3073 722 3129 aliis
749 3071 862 3143 legibus
885 3071 941 3126 ob·
954 3085 979 3151 0
994 3074 1089 3129 aiebat
1100 3073 1207 3130 iactum
1222 3077 1270 3131 iri.
1284 3078 1374 3132 Divus
1385 3076 1569 3148 Augustinus
1589 3077 1634 3150 ol,
1647 3093 1698 3150 qui
1715 3080 1811 3135 Fussa-

115 3149 280 3218 stringeret,
298 3160 382 3216 qnam
398 3145 505 3216 quibus
527 3145 679 3217 prudentia
691 3145 851 3216 etaeqnitas
869 3141 941 3198 obli·
994 3144 1131 3200 liensium
1142 3147 1272 3217 aequitati
1281 3161 1375 3204 causae
1385 3149 1488 3204 mirum
1502 3148 1531 3203 iu
1544 3150 1663 3205 modum
1677 3149 1809 3218 studebat,

118 3219 226 3289 gendos
238 3230 300 3273 esse
316 3218 478 3273 suaderent.
995 3216 1101 3286 quippe
1117 3218 1167 3287 qui
1179 3219 1276 3274 eodem
1288 3219 1465 3275 sollicitante
1480 3218 1516 3274 ab
1532 3219 1713 3290 llipponensi
1727 3221 1811 3291 ipsius

154 3291 230 3344 later
244 3288 304 3344 baec
311 3286 659 3344 autoniusFussaliensis
670 3288 824 3357 episcopus
839 3285 870 3340 in
882 3284 940 3341 Nn·
994 3288 1161 3356 episcopatu
1171 3288 1260 3344 divisi
1272 3288 1396 3359 inerant,
1410 3289 1518 3346 detulit
1531 3290 1566 3346 ad
1585 3299 1717 3350 sanctam
1725 3292 1808 3348 sedem

117 3359 207 3416 midia
224 3365 388 3429 provocata
411 3360 553 3415 sententia
579 3357 868 3427 comprovincialium
882 3354 940 3423 epi·
994 3359 1113 3413 antonii
1125 3358 1215 3428 litem,
1226 3374 1314 3416 novas
1328 3362 1487 3432 adjungens
1500 3363 1627 3419 rationes
1643 3365 1679 3420 ad
1694 3362 1810 3433 proban-

117 3443 280 3499 scopornm,
296 3429 329 3501 (f)
344 3430 394 3500 qui
410 3442 425 3485 e
439 3431 554 3500 propria
570 3430 664 3498 ipsum
691 3428 757 3484 sede
772 3429 952 3499 rejecerant..
994 3429 1212 3498 dumjudicinm
1225 3439 1325 3487 contra
1336 3430 1419 3487 illum
1434 3433 1463 3486 in
1474 3431 1809 3502 iliricapronunciatun.

116 3500 371 3558 commendatitias
396 3500 498 3557 babuit
522 3501 633 3557 litteras
663 3501 710 3555 sni
740 3497 938 3567 metropolite,
993 3500 1811 3576 Diviey'usdemdoctorisadQuodvultdenmepistolanos

117 3570 261 3642 initqnea
286 3571 420 3640 pontilice
436 3573 589 3628 restitutus
613 3573 643 3627 in
669 3571 814 3641 propriam
833 3568 938 3634 sedem,
994 3571 1127 3627 admonet
1142 3585 1171 3627 se
1196 3587 1301 3629 munus
1324 3575 1427 3629 iterum
1452 3575 1617 3643 suscepisse
1641 3573 1809 3648 guberdandi

119 3643 159 3698 ita
173 3649 265 3698 tanam
280 3648 311 3699 nt
327 3642 407 3698 nulla
420 3651 494 3699 esset
509 3643 657 3713 subreptio
672 3645 700 3698 in
715 3643 753 3696 iis
769 3655 831 3711 quae
846 3640 940 3694 Romae
995 3643 1191 3699 Fussalienses
1204 3643 1239 3715 li)
1254 3664 1262 3707 ;
1279 3645 1522 3714 unoeoonjioitur
1536 3645 1742 3703 Africanorum
1756 3657 1807 3701 sen

118 3720 297 3783 exposuerat.
314 3714 350 3839 (93
361 3714 418 3769 lloc
443 3720 578 3785 regnante
594 3712 727 3783 pontilloe
743 3712 937 3781 imperatores.
995 3714 1114 3768 tentiam
1128 3715 1222 3770 Romae
1235 3714 1326 3772 luisse
1345 3716 1553 3772 confirmatam.

119 3784 315 3840 ntandaciam
351 3781 940 3854 elagianornmcomprimerent,qni,sic-
1029 3783 1166 3851 Apiarius
1180 3787 1335 3858 presbyter,
1347 3788 1528 3844 anathemate
1546 3789 1656 3845 iterum
1669 3800 1811 3860 percussus

119 3860 152 3909 nt
167 3853 366 3909 hereticorum
383 3855 413 3908 in
428 3868 504 3910 more
527 3856 652 3923 positum
667 3863 720 3917 est,
743 3851 941 3909 declamabant
995 3854 1025 3908 in
1040 3854 1139 3911 Africa
1162 3857 1197 3913 ob
1213 3871 1283 3913 nova
1298 3859 1432 3925 crimina,
1460 3860 1651 3928 apostolicam
1667 3861 1703 3917 ad
1728 3859 1809 3916 sedec

119 3925 255 3979 contras.
272 3925 377 3992 sedem,
389 3924 424 3979 ab
446 3925 566 3994 inperio
586 3931 646 3980 toto
666 3924 810 3994 Pelagium
836 3929 864 3978 et
879 3935 940 3978 coe-
993 3925 1087 3982 denuo
1101 3935 1309 3996 provocaverat.
1327 3928 1456 3985 Pontifex
1475 3931 1573 3989 eodem
1585 3946 1654 3988 cnm
1668 3928 1811 4004 iegatoqnl

119 3994 236 4050 lestium
249 4007 404 4064 omnesque
419 3995 521 4051 borum
537 3995 726 4053 administros
738 3995 937 4062 eliminarunt,
994 4000 1201 4055 auteadederat
1211 4013 1323 4069 operam
1342 4007 1373 4057 ut
1389 4002 1604 4072 restitueretur,
1616 4017 1685 4060 eum
1697 4001 1810 4065 remisit

118 4065 390 4134 constitueruntque
404 4066 471 4122 utsi
483 4067 533 4137 qui
546 4069 679 4137 episcopo
699 4073 798 4123 contra
821 4071 942 4133 aposto·
994 4071 1811 4144 mandavitqueutbeneiicioabsolutionisutereturpuan

120 4135 184 4191 lica
199 4136 277 4191 sedis
288 4135 401 4191 decreta
413 4145 577 4194 recusarent
590 4138 770 4194 damnationi
793 4135 941 4207 proscrip-
995 4142 1253 4214 impraegnaretur,
1267 4144 1487 4206 nemausenses,
1510 4146 1752 4215 quemadmodum
1765 4155 1812 4199 ex-

121 4212 235 4276 ptorum
247 4205 438 4275 subscribere,
452 4209 564 4263 easdem
581 4222 677 4277 poenas
689 4208 831 4265 subirent.
995 4221 1139 4283 posuerat,
1148 4227 1178 4269 se
1189 4213 1335 4270 baberent.
1348 4215 1418 4270 Cum
1428 4229 1494 4270 vero
1508 4215 1533 4272 is
1545 4217 1668 4273 minime
1682 4214 1811 4273 valuisset

155 4278 521 4346 Expostulantellalentinae
534 4279 708 4345 urbisclero,
720 4279 794 4349 qnod
806 4279 939 4348 proprius
993 4287 1123 4354 exposita
1136 4286 1331 4354 comprobare,
1345 4286 1438 4357 legum
1450 4288 1631 4344 severitatem
1646 4287 1747 4345 subiit.

120 4349 273 4418 episcopus
298 4349 440 4406 Maximus
460 4350 561 4406 multis
583 4352 740 4406 arcessitus
765 4349 939 4406 criminibus
1029 4353 1809 4439 Nlcaenaesynodieopiaiactaeratalrisaborientcll);

121 4427 302 4487 conspectum
313 4433 424 4491 semper
436 4423 616 4492 cognitorum
646 4422 844 4492 declinaverit,
866 4435 939 4492 quos
995 4440 1082 4498 qnare
1094 4428 1220 4484 iidemad
1235 4429 1395 4498 pontificem
1408 4429 1808 4500 tradideruntepistolamtrm

120 4490 147 4546 S.
164 4493 246 4546 sedes
259 4505 333 4561 saepe
345 4495 452 4562 saepius
465 4500 617 4563 praesentes
625 4493 939 4563 jndicesconstitnerat
954 4486 980 4548 D
994 4500 1077 4554 enixe
1088 4504 1215 4568 petentes
1229 4519 1235 4554 :
1254 4500 1388 4568 primum,
1402 4505 1434 4555 ut
1444 4506 1542 4556 netum
1553 4500 1657 4558 faciles
1667 4511 1808 4558 acconno

123 4567 153 4617 ul
164 4571 366 4634 cognoscerent
378 4565 441 4633 eius
453 4577 588 4636 cansam,
606 4563 770 4621 bonifacius
784 4581 832 4635 per
846 4566 940 4621 decre
995 4571 1074 4626 daret
1087 4584 1171 4626 aures
1188 4569 1408 4638 provocantibus
1423 4589 1431 4640 i
1446 4571 1560 4637 deinde,
1577 4586 1613 4629 no
1624 4574 1715 4629 Roma
1729 4574 1808 4626 mitte·

120 4633 203 4689 talem
215 4635 783 4707 epistolamdenuntiatsequanquamut
794 4646 941 4693 conturna·
996 4648 1047 4706 ret,
1064 4643 1255 4712 quinnacum
1271 4642 1522 4711 recuperatoribus
1531 4643 1568 4700 ab
1582 4640 1805 4713 apostolieasedt

119 4717 178 4760 cem
194 4705 329 4761 damnare
357 4715 452 4776 posset
466 4708 635 4774 Maximum,
649 4713 744 4764 tamen
760 4709 833 4764 velle
845 4710 938 4779 ipsius
995 4713 1247 4770 constituendisin
1264 4712 1392 4783 qualibet
1403 4715 1734 4784 provinciamdicaret:
1747 4712 1803 4768 dnn

118 4789 234 4832 cansam
246 4777 280 4831 ad
297 4783 409 4846 tempos
419 4784 528 4833 certum
541 4778 667 4849 differre,
679 4780 760 4834 novis
772 4779 940 4837 constitutis
996 4785 1026 4843 id
1036 4785 1156 4841 minime
1164 4785 1307 4847 sancitum
1318 4784 1438 4840 essetab
1449 4785 1803 4913 nllasynodokcanonsar

119 4847 379 4918 teculteralorihus‚
417 4863 474 4919 (1110
500 4848 640 4920 ltraefinilo
655 4856 782 4920 lembore
809 4857 939 4919 exeunte.
995 4856 1122 4915 dioensis
1130 4854 1248 4911 concilii
1265 4855 1405 4925 septimus
1416 4856 1469 4913 bos
1482 4854 1567 4912 diros
1578 4857 1636 4913 late
1657 4857 1696 4930 ut)
1709 4876 1717 4929 ς
1731 4852 1802 4912 tertio

119 4917 247 4981 latitaret
262 4932 339 5002 reus,
357 4933 454 4983 necne,
469 4921 611 4977 sententia
624 4922 653 4976 ln
668 4921 761 4992 ipsum
774 4923 940 4993 pronuntia·
995 4931 1125 5010 demum,
1138 4939 1173 4983 ne
1185 4925 1336 4989 saeculares
1357 4927 1544 4998 magistratus
1560 4927 1766 4993 adhiberentur
1775 4920 1800 4978 al

120 4994 209 5046 retur.
224 4989 289 5072 Aba
303 5003 332 5046 nn
343 4991 480 5049 decretali
491 4992 525 5053 ad
534 4990 746 5050 Narbonensem
760 4994 938 5073 episcopum,
995 5011 1104 5079 eaquae
1118 4996 1175 5071 ipsi
1187 4997 1380 5057 decrevissent
1394 4998 1574 5063 exsecutioni
1592 5000 1759 5069 mandanda.

118 5060 278 5119 Arelatensi
291 5062 718 5134 primatisdignitatemaalert,
730 5078 819 5135 qnaea
830 5067 941 5122 zosimo
1030 5072 1060 5128 ln
1077 5067 1213 5125 decretali
1227 5069 1262 5127 ad
1277 5068 1428 5138 episcopos
1445 5068 1635 5141 Viennensem
1657 5077 1686 5128 et
1705 5067 1800 5126 Narbo

118 5130 221 5187 collata
238 5131 268 5189 in
281 5144 345 5214 eum
361 5132 462 5190 luerat.
482 5133 698 5193 Corinthiacum
723 5148 766 5193 me
777 5137 941 5206 tropolitam
997 5154 1112 5205 pensem
1124 5139 1256 5208 epistola,
1271 5146 1331 5210 post
1340 5140 1452 5222 aliquot
1466 5140 1799 5212 traditasdiselpimarr

119 5201 278 5272 coufirmat,
307 5216 434 5273 impense
449 5204 477 5260 id
498 5205 635 5261 suadente
662 5206 821 5276 apostolico
846 5209 940 5280 ipsius
995 5214 1078 5283 gulas
1090 5224 1176 5282 super
1190 5210 1507 5281 babituecclesxastieo,
1524 5213 1715 5285 quorumdam
1730 5206 1798 5267 rusti·

154 5308 180 5453 {a
204 5311 305 5366 zosim.
324 5311 386 5381 Pit,
399 5326 434 5382 ep
448 5311 475 5368 5.
1029 5320 1065 5392 (p)
1079 5321 1183 5376 Honor.
1196 5319 1327 5387 imperat.
1345 5318 1477 5390 rescript.
1498 5326 1576 5376 cont.
1595 5320 1689 5395 Pelay.
1704 5320 1737 5378 ad
1749 5319 1796 5375 aa·

164 5307 230 5590 15.
245 5384 365 5453 August.
378 5397 420 5453 ep.
436 5381 495 5440 447.
507 5386 542 5440 ad
556 5386 649 5461 Optat.
992 5394 1043 5451 rel.
1055 5399 1084 5448 et
1093 5392 1164 5461 Aug.

164 5466 177 5503 c
202 5453 293 5532 Epist.
310 5467 372 5524 syn.
393 5467 470 5510 conc.
488 5456 578 5513 atrio.
593 5457 626 5513 ad
641 5457 733 5535 Bonis.
751 5461 799 5516 PP.
1038 5463 1063 5534 4)
1079 5462 1160 5531 Apud
1171 5474 1251 5518 conc.
1266 5458 1383 5533 uopan·
1404 5474 1436 5518 11¹
1460 5458 1513 5531 svb
1527 5461 1622 5533 lionii·
1641 5466 1673 5535 Π·

205 5522 265 5577 Lib.
284 5539 320 5592 iv,
331 5539 392 5596 cap.
406 5524 449 5580 49.
685 5544 688 5549 ·
1038 5534 1058 5615 i)
1075 5532 1145 5588 lbid.
1534 5531 1537 5545 ⁵

163 5591 189 5735 3
201 5595 304 5662 synod.
324 5597 499 5666 supradicta.
1071 5605 1090 5661 S
1113 5604 1303 5730 bagasinffi,
1314 5602 1377 5671 26⁴.
1393 5604 1427 5667 ad
1440 5605 1588 5681 Coelestin.
1600 5621 1665 5689 pap.

201 5663 229 5731 S.
245 5663 385 5739 Apyncp.
397 5665 457 5725 464.
1041 5608 1174 5755 igilium..
1187 5687 1232 5743 ep.
1598 5737 1600 5743 ,
1644 5730 1647 5735 .

1041 5745 1209 5817 tlsynodrca
1220 5758 1299 5813 conc.
1314 5745 1374 5815 dir.
1385 5747 1420 5812 ad
1435 5746 1547 5821 coelest.
1560 5763 1673 5823 papam.
