3892 6136
67 278 138 336 ttae

475 281 635 340 HISTORIA
659 287 705 343 Du
734 287 823 346 vltis
839 290 923 348 uolt.
948 286 1049 349 PONT.
1063 324 1100 336 —
1123 296 1151 351 S.
1168 297 1359 356 btoul'stuS.

1700 304 1770 365 ttae

68 422 180 483 scendi,
194 421 347 477 mandavit.
365 424 421 479 line.
438 424 600 495 ignorasse
611 442 761 486 censemus
776 431 893 489 insutu.
905 420 934 477 Α
947 418 982 473 de
995 433 1047 473 sua
1062 419 1188 476 stultitia
1203 437 1258 478 non
1274 426 1493 491 retuittentibus,
1518 429 1771 502 impudentiusque

66 498 127 546 tum
142 492 272 562 Dionysii
288 499 315 547 et
330 495 467 560 Marcelli,
481 496 697 622 disponentium
711 515 744 557 an
757 514 893 571 reparan-

65 563 138 617 tium
158 560 194 618 25
211 563 313 618 titulos
334 566 451 620 ltomani
469 579 531 635 pres
553 571 648 638 yterii,
665 572 726 627 sire
743 575 891 644 partecias,

65 639 98 688 ut
113 639 200 687 essent
219 639 350 703 tanquam
370 636 503 691 dioceses.
521 640 577 694 lloc
592 641 752 710 symbolum
770 646 894 701 unitatis

63 704 265 759 ecclesiasticae
287 705 467 773 hierarchiae,
485 717 548 777 post
566 713 737 769 erectionem
753 715 894 771 basilica-

65 789 129 829 rum
149 788 165 828 a
187 775 340 845 Syltcstro,
362 778 492 845 Damaso,
517 781 678 850 Simplicio,
701 792 729 839 ct
751 799 894 843 successo·

65 844 836 918 ribusimpressum,etgradatimredditumillustrius
862 871 894 914 er

63 916 284 971 attributionem
298 919 461 975 eorumdem
478 922 642 979 titularium
658 926 692 981 ad
704 940 784 982 sacra
802 929 830 983 iu
844 873 893 983 Ea·

63 987 160 1042 silicis
179 986 409 1044 administranda
431 1003 481 1059 per
496 994 571 1048 vices
595 995 845 1060 hebdomadarias,
865 1004 895 1054 et

63 1058 226 1127 septenario
236 1061 686 1134 numerouuiversitatisspeciem
698 1081 893 1139 expressurus,

65 1129 140 1198 quod
153 1130 339 1185 innocentius
352 1132 456 1187 tertius
465 1134 539 1190 scite
550 1137 717 1205 exponebat,
729 1154 782 1196 nos
794 1142 893 1197 admo-

65 1212 145 1267 nens,
163 1200 238 1254 inter
252 1200 359 1272 figuras
373 1204 576 1274 apocalypseos
590 1208 684 1263 sedem
702 1212 750 1265 Dei
770 1218 797 1266 et
816 1211 891 1282 hgni

69 1271 128 1338 quiri
145 1270 272 1340 exemplo
284 1271 367 1327 nobis
381 1287 537 1341 proponere
553 1278 706 1334 Romanam
724 1282 890 1348 Ecclesiam,

63 1348 92 1395 et
105 1355 136 1395 ea
146 1355 208 1464 qua
221 1343 251 1395 in
267 1342 360 1399 medio
372 1349 399 1398 et
409 1344 438 1399 in
450 1346 576 1402 circuitu
589 1350 667 1405 sedis
680 1351 893 1422 010011νο000-

64 1411 132 1466 lista
167 1426 315 1467 oannem«
338 1414 423 1469 Sedes
443 1417 498 1472 ista
519 1419 643 1474 Romana
664 1421 789 1476 Ecclesia
810 1423 892 1478 intel·

64 1483 178 1552 ligitur,
190 1497 253 1552 quae
264 1484 345 1539 sedes
355 1485 520 1554 apostolica
531 1499 724 1558 nuncupatur.
739 1494 890 1563 iltiquese·

62 1553 114 1608 ties
127 1553 211 1623 ligni.
235 1554 316 1609 sedes
342 1557 471 1613 Viventis
493 1558 522 1613 in
541 1561 645 1615 saecula
660 1564 841 1620 saeculorum.
859 1567 890 1619 ln

64 1624 157 1678 medio
167 1624 251 1691 cujus
262 1629 345 1694 quasi
359 1626 426 1682 fllia·
439 1629 467 1683 in
481 1631 589 1699 gremio
602 1633 738 1698 resident,
751 1641 779 1689 et
790 1635 819 1689 in
836 1635 892 1690 cir·

61 1695 145 1749 cuitu
161 1701 256 1750 astant
271 1698 354 1765 quasi
368 1695 481 1755 famulae
495 1701 525 1754 in
540 1699 679 1768 obsequio
694 1711 819 1773 quatuor
836 1718 889 1774 pa-

949 489 978 542 in
994 490 1140 559 impietate
1153 493 1345 563 pergentibus,
1357 505 1472 552 coactus
1482 506 1525 553 est
1538 501 1572 556 ad
1585 501 1770 557 illorum-im-

949 558 1117 627 probitatem
1131 565 1335 620 retundendam
1349 567 1512 624 istiusmodi
1528 571 1678 638 epistotam
1693 574 1772 628 scri-

948 629 1026 685 bere.
1037 672 1043 684 .
1055 672 1080 685 ..
1095 634 1235 703 verbaque
1246 636 1318 699 illis,
1331 651 1394 707 quae
1407 638 1613 697 humanituset
1625 644 1772 699 humiliter

947 701 982 756 de
994 702 1141 759 servatore
1153 714 1267 772 sonant,
1279 705 1404 775 objicere
1416 727 1423 775 ς
1437 716 1468 764 01
1480 710 1566 766 rebus
1583 713 1772 768 humanitatis

948 773 1011 840 ejus
1026 774 1277 843 intersepirentur,
1289 781 1447 847 quominus
1466 781 1572 838 Filium
1586 784 1694 838 Patrem
1710 797 1773 839 esse
1838 842 1842 849 ,

947 842 1087 906 dicerent,
1105 844 1321 916 facilioremque
1334 849 1395 904 illis
1410 853 1483 906 viam
1497 855 1531 908 ad
1548 853 1716 910 credendam
1730 855 1773 909 Fi·

948 913 982 968 111
992 914 1169 971 divinitatem
1183 923 1334 975 sterneret.
1346 959 1353 973 .
1363 960 1369 973 .
1381 921 1451 975 Cum
1464 924 1555 993 igitar
1565 923 1773 980 certiorfactus

947 984 983 1039 de
1005 986 1230 1054 Pentapolitanis
1253 989 1314 1045 zelo
1346 990 1497 1062 religionis
1519 995 1671 1063 epistolam
1700 999 1773 1051 banc

949 1057 1774 1127 quernadmocumdixt,contraheresimSaboltitadhm-

950 1127 1089 1190 monium,
1111 1135 1140 1182 et
1167 1130 1379 1197 Euphranorem
1403 1134 1578 1203 scripsisset,
1599 1136 1717 1206 quidam
1738 1150 1773 1192 ex

947 1196 1072 1252 Ecclesia
1089 1196 1201 1264 fratres,
1217 1209 1291 1256 recte
1302 1203 1416 1271 quitiam
1433 1207 1599 1273 sentientes,
1613 1207 1661 1262 sed
1676 1214 1771 1262 tamen

947 1282 1010 1322 cum
1031 1269 1125 1336 ipsum
1148 1283 1203 1325 non
1226 1273 1459 1342 interrogassent,
1482 1284 1514 1331 ut
1534 1278 1695 1332 ediscerent
1712 1291 1771 1347 quo

948 1346 1029 1405 pacto
1045 1341 1220 1408 scripsisset,
1239 1343 1352 1398 Romam
1369 1347 1569 1416 ascenderunt,
1593 1347 1692 1418 ibique
1706 1361 1771 1403 eum

945 1409 1020 1477 apud
1035 1411 1204 1481 Dionysium
1216 1413 1343 1482 eiusdem
1357 1418 1483 1472 nominis
1497 1419 1654 1474 Romanum
1668 1433 1771 1488 praesu·

945 1478 999 1533 lem
1015 1490 1231 1539 accusaverunt.

982 1552 1048 1606 «lbi
1064 1566 1129 1607 cum
1143 1554 1260 1622 quitiam
1276 1555 1502 1615 Alexandrinum
1516 1560 1682 1630 episcopum
1695 1560 1770 1630 apud

944 1620 1103 1677 Romanum
1113 1631 1292 1691 accusarent,
1306 1629 1390 1695 quasi
1403 1630 1453 1698 qui
1465 1631 1570 1686 Filium
1581 1646 1665 1701 opus,
1676 1638 1705 1687 ct
1716 1645 1771 1686 nott

944 1693 1218 1750 consubstantialem
1244 1697 1319 1752 Patri
1339 1697 1464 1770 diceret,
1486 1708 1513 1756 et
1531 1704 1658 1772 synodus
1678 1703 1773 1758 nomas

63 1763 235 1820 triarchales
250 1767 415 1823 Ecclesiae.»
431 1770 472 1825 hd
490 1770 549 1826 ltaec
573 1772 692 1829 uberius
715 1774 888 1830 illustranda
904 1779 930 1839 Β
944 1771 1042 1818 cilicii
1062 1764 1178 1836 indigne
1198 1766 1283 1832 tilliti
1310 1773 1339 1823 θί
1359 1770 1504 1826 R⁰fss³¹¹i¹⁵
1523 1775 1556 1828 ³⁴¹
1573 1774 1771 1844 003⁰⁰s1¹f¹¹0¹¹¹

63 1835 164 1891 referri
181 1847 295 1904 possent
321 1839 406 1901 ritus,
431 1840 461 1895 in
484 1841 586 1896 ordine
605 1845 728 1900 Romana
749 1859 766 1900 a
783 1846 889 1914 priscis
944 1832 1001 1889 Sibi
1017 1834 1183 1903 elii⁸ss0f¹1¹¹¹
1200 1839 1328 1893 munium
1342 1843 1514 1897 senientiam
1531 1844 1701 1914 perscripsit
1717 1862 1722 1898 ²
1739 1857 1773 1900 ²⁰

64 1906 250 1976 pontificibus
261 1909 399 1976 instituti,
414 1917 443 1965 et
457 1919 553 1967 nostra
568 1919 649 1969 aetate
664 1928 696 1969 ea
710 1929 765 1984 qua
782 1929 832 1985 par
846 1922 890 1972 est

61 1978 240 2033 observantia
252 1981 402 2041 custoditi,
415 1986 448 2036 ut
457 1982 570 2037 scilicet
584 1984 710 2052 pontiflci
722 1987 847 2043 lfomauo
858 1989 888 2042 in

62 2050 167 2104 throno
181 2049 356 2116 considenti,
370 2058 398 2106 et
408 2066 551 2108 summum
563 2055 696 2110 Ecclesia
707 2056 889 2114 hierarcham

62 2120 230 2176 solemniter
240 2123 334 2189 agenti
348 2123 488 2178 assistant
501 2131 529 2179 et
541 2126 747 2182 administrent
762 2129 890 2197 patriar-

60 2190 132 2255 chae,
146 2195 291 2259 primates,
303 2194 442 2263 episcopi,
453 2202 482 2249 et
492 2197 629 2264 presules
641 2197 775 2253 ordinum
788 2201 818 2254 in
834 2201 891 2256 Eo-

61 2261 150 2316 clesia
160 2264 210 2318 Dei
224 2263 424 2333 militantium,
442 2265 471 2320 in
484 2266 587 2335 primis
599 2274 693 2323 autem
707 2270 846 2339 episcopi,
861 2276 891 2326 et

64 2332 231 2404 presbyteri,
247 2348 280 2389 ac
294 2335 409 2391 diaconi
428 2337 590 2393 cardinales
607 2340 737 2395 liomanae
756 2341 890 2399 Ecclesia

64 2416 120 2459 nou
135 2405 217 2461 modo
231 2406 372 2461 assistant
387 2412 416 2461 et
429 2407 644 2471 administrent,
663 2423 760 2466 nerum
776 2419 804 2467 et
819 2412 891 2468 obe·

61 2474 200 2529 dientiam
219 2483 352 2543 praestent
368 2491 417 2546 per
433 2479 564 2534 osculum
580 2493 682 2536 manus
701 2482 890 2554 auriphrygio

62 2551 209 2613 contectae,
229 2547 263 2602 ad
284 2561 344 2602 eam
361 2548 473 2603 scilicet
496 2551 632 2605 tanimtem
659 2553 815 2608 testandam
836 2553 891 2610 sub

64 2616 139 2670 Petri
153 2631 317 2673 successore
332 2620 422 2674 totius
436 2620 568 2676 Ecclesia
583 2623 722 2689 eorporis,
740 2623 813 2692 quod
830 2624 891 2680 Ro-

63 2699 154 2742 mana
163 2689 295 2743 Ecclesia
303 2690 796 2763 sacrumcollegiumepiscoporum.
808 2707 890 2762 pres-

63 2755 237 2826 byterorum,
251 2761 478 2815 acdiaconorum
494 2762 685 2818 cardinalium
704 2778 768 2818 cum
784 2763 892 2820 basili-

63 2832 113 2882 cis.
128 2842 161 2884 ac
175 2830 281 2898 titulis,
298 2837 324 2885 et
340 2832 485 2888 diaconiis
498 2834 625 2901 eiusdem
642 2833 774 2889 Ronranae
790 2836 891 2890 Eccle-

63 2899 114 2953 siae
131 2900 269 2957 referunt.
290 2903 392 2957 Verum
409 2903 553 2959 declarata
569 2905 640 2959 satis
659 2905 786 2961 arbitror
805 2906 890 2963 rerba

61 2969 279 3027 bibliothecarii
290 2985 324 3028 ex
336 2973 656 3101 hamssffiffigmfrvms‘

941 1905 999 1974 jam
1024 1906 1091 1961 iude
1112 1920 1143 1962 se
1164 1908 1198 1962 ad
1221 1906 1416 1966 defensionem
1439 1926 1580 1983 parans»
1606 1921 1660 1971 etc.
1684 1914 1770 1987 (ldem

942 1977 1129 2042 Athanasius
1142 1978 1175 2031 tte
1185 1978 1325 2050 synodis.)

980 2048 1137 2118 Dionysius
1158 2049 1249 2119 igitur
1270 2052 1414 2108 Romanus
1433 2052 1561 2123 pontifex
1577 2055 1773 2113 Alexandrino

943 2118 1045 2186 edixit,
1061 2125 1093 2175 ut
1107 2122 1277 2175 sententiam
1298 2137 1379 2178 suam
1394 2125 1503 2181 clarius
1517 2126 1685 2194 explicaret.
1700 2128 1773 2196 Epi-

944 2204 1049 2258 scopus
1064 2191 1118 2245 iste
1134 2192 1350 2248 secundaesedis
1362 2195 1391 2248 in
1403 2196 1545 2253 catholica
1555 2198 1680 2254 Ecclesia
1691 2199 1773 2254 anti-

944 2266 1002 2317 stes
1014 2263 1187 2331 quantocius
1202 2262 1407 2333 obtemperarit
1418 2265 1554 2337 Romano,
1566 2275 1702 2339 tanquam
1716 2283 1772 2325 su-

945 2333 1053 2402 periori
1074 2347 1145 2398 suo,
1166 2339 1194 2388 et
1214 2333 1248 2388 ad
1270 2333 1463 2392 defensionem
1484 2353 1565 2395 suam
1589 2353 1683 2395 coram
1709 2341 1773 2410 ipso

946 2403 1168 2473 producendam,
1184 2407 1392 2462 communicari
1409 2407 1465 2463 sibi
1480 2411 1636 2479 postulavit
1650 2410 1772 2480 objecta.

944 2476 1097 2529 Postulavit
1115 2491 1133 2527 0
1153 2477 1272 2530 ftomano
1297 2480 1423 2547 praesule,
1449 2485 1480 2534 ut
1499 2481 1603 2549 objecta
1621 2482 1675 2535 sibi
1694 2482 1774 2535 indi-

944 2551 1052 2599 carent.
1070 2545 1229 2616 (hthanas,
1243 2548 1276 2600 dc
1289 2550 1365 2603 Sent.
1379 2551 1504 2620 Dionys.)

980 2615 1126 2685 Quidquid
1143 2623 1271 2673 attexant
1283 2620 1475 2676 Protestantes
1490 2624 1519 2677 in
1535 2622 1598 2678 suis
1609 2622 1774 2677 ant-histo-

946 2686 1001 2740 riis
1012 2688 1155 2753 Ecclesiae,
1172 2688 1262 2756 palam
1275 2697 1318 2744 est
1327 2699 1481 2762 aperteque
1492 2694 1599 2748 visitur
1608 2706 1694 2749 causa
1707 2693 1774 2762 epi-

945 2759 1025 2825 scopi
1040 2758 1237 2813 transmarini
1254 2763 1450 2830 sertatoluris
1468 2764 1569 2819 ordine
1583 2765 1722 2819 intentata
1737 2763 1772 2819 ad
1831 2788 1834 2793 ·

946 2828 1073 2884 tribunat
1100 2836 1205 2884 sancta
1225 2832 1314 2893 sedis,
1333 2845 1423 2901 eaque
1440 2848 1526 2889 eausa
1552 2849 1608 2890 non
1625 2834 1774 2890 inferioris

946 2897 1080 2954 subsellii
1095 2901 1222 2968 episcopi
1242 2901 1427 2972 intelligitur,
1444 2905 1492 2959 sed
1508 2906 1631 2973 ejusqui
1651 2905 1773 2959 alterum

945 2972 1241 3038 altomanoepiscopo
1252 2971 1345 3026 locum
1361 2973 1390 3026 in
1402 2977 1536 3029 universa
1547 2976 1673 3030 Ecclesia
1686 2981 1772 3043 tenet,

944 3041 1028 3109 cujus
1044 3046 1130 3108 caput
1147 3040 1288 3095 Romanus
1302 3050 1344 3096 est
1353 3044 1468 3111 praesul.
1481 3045 1531 3099 lile
1544 3058 1609 3100 sero
1620 3045 1774 3114 episcopus

98 3113 184 3169 linea
200 3112 272 3176 1,-
290 3117 446 3183 Dionysias,
463 3133 497 3170 ee
513 3118 653 3184 monacho,
674 3119 753 3185 cujus
771 3125 927 3185 ypram-C
945 3110 1028 3181 longe
1039 3109 1117 3164 abest
1128 3111 1163 3163 ab
1178 3111 1349 3180 excipiendo
1371 3126 1404 3167 ne
1418 3127 1448 3168 se
1459 3115 1542 3169 sistat
1555 3115 1589 3169 ad
1607 3115 1660 3170 hoc
1675 3114 1774 3170 tribu-

64 3185 163 3237 tionem
186 3201 240 3238 nou
261 3189 400 3256 potuimus
421 3189 553 3242 inuenire.
577 3190 699 3242 Sanctus
720 3189 888 3257 Dionysius,

63 3254 176 3323 origiue
198 3256 330 3324 obscura,
346 3258 454 3313 Thuria
475 3257 612 3313 Calabriae
634 3258 715 3323 urbe,
735 3271 799 3327 quae
819 3258 887 3313 olim

65 3338 165 3396 magna
175 3328 283 3381 flraecia
295 3329 371 3382 dicta
384 3328 449 3392 fuit,
466 3328 622 3383 monachus
631 3328 758 3396 Graccus,
770 3341 819 3383 seu
835 3342 889 3397 po-

64 3395 124 3450 tius
138 3398 319 3457 anachoreta,
338 3404 369 3451 ut
384 3398 434 3468 qui
451 3397 779 3467 aliquandosolitariam
799 3399 888 3453 vitam

62 3467 178 3534 egisset,
195 3480 229 3521 ex
253 3467 391 3522 monacho
409 3476 559 3537 cooptatus
575 3469 604 3522 in
624 3467 817 3538 presbytorum
833 3471 890 3524 Ec·

62 3538 157 3591 clesiae
177 3537 319 3599 lfomana,
344 3543 375 3592 ut
390 3543 512 3594 testatur
532 3539 719 3609 flieronymus
731 3538 766 3594 de
780 3540 886 3610 script.

62 3606 206 3661 ecclesiat.
232 3609 261 3662 in
276 3607 393 3678 Dionys.
414 3609 567 3664 Alexandr.

99 3679 195 3733 lincis
213 3675 230 3732 l
248 3686 276 3733 ei
292 3677 351 3733 5—
370 3680 421 3733 Hic
446 3681 610 3749 presbyteris
624 3681 758 3734 Ecclesiae
781 3680 887 3737 diuisit.

61 3749 216 3817 Dionysius
224 3747 351 3818 pontifex
362 3748 456 3806 iactus
467 3753 639 3821 presbyteris
649 3752 785 3807 Romanis
796 3754 890 3808 eccle·

62 3822 132 3886 sias,
147 3826 175 3874 et
191 3821 351 3876 ctameteria
364 3821 393 3875 iu
411 3820 480 3877 urbe
491 3822 577 3878 lfoma
594 3823 691 3877 statim
706 3822 826 3879 divisit:
839 3838 889 3893 pa·

63 3890 188 3959 rochias,
204 3898 232 3946 et
252 3892 391 3947 dioeceses
406 3890 483 3948 foras
504 3893 668 3954 distribuit,
689 3907 746 3963 quo
765 3895 890 3966 quisque

63 3962 890 4031 finibussuis,limitibusvecoutentusesset,necalterius

62 4033 311 4090 administrationi
329 4035 482 4104 quisquam
498 4049 528 4090 se
542 4037 693 4106 frigereret.

395 4105 561 4162 soltbtlEft.

97 4178 130 4231 ln
150 4180 203 4246 tine
222 4181 349 4230 notarum
370 4177 407 4229 ad
423 4179 532 4231 Statum
546 4179 575 4232 ll
590 4179 703 4246 ejusque
736 4179 889 4248 ontiflcatus

61 4248 205 4301 histor-iarn
221 4250 362 4317 qnomissae
381 4249 493 4315 fuerant
514 4249 579 4306 tttae.
603 4264 664 4317 qua
688 4266 705 4301 a
744 4250 891 4318 0000011110-

60 4335 121 4372 tumn
133 4321 271 4386 pertinent
291 4334 382 4372 rerunt
397 4323 461 4372 tunc
479 4320 677 4382 inchoatarum,
701 4324 727 4373 et
744 4320 890 4375 absoluta-

61 4406 123 4443 taun
133 4391 182 4443 sab
201 4392 337 4457 liionysio,
355 4405 415 4459 quae
431 4391 498 4445 tates
511 4400 585 4444 sunt.

99 4461 321 4517 PontificatusS.
344 4461 473 4531 Dionysii
487 4461 662 4517 successoris
675 4461 748 4516 Sixti
767 4461 889 4518 celebris

945 3183 991 3234 nai
1008 3178 1196 3249 respondendi
1214 3194 1318 3236 causa:
1343 3183 1475 3251 quinimo
1497 3185 1545 3239 ubi
1566 3186 1673 3254 accipit
1692 3199 1775 3241 com-

945 3252 1107 3305 municatos
1119 3249 1175 3304 sibi
1192 3251 1329 3306 articulos
1346 3267 1432 3322 super
1448 3255 1556 3325 quibus
1572 3255 1772 3322 accusabatur,

944 3322 1040 3375 statim
1059 3320 1191 3389 producit
1206 3335 1274 3376 suas
1288 3320 1488 3380 defensiones:
1514 3338 1644 3381 assereus
1659 3339 1774 3383 errores

943 3391 1000 3445 sibi
1015 3391 1242 3447 attributosesse
1252 3392 1413 3449 calumnias
1424 3396 1453 3450 in
1464 3396 1575 3452 Satanae
1586 3395 1698 3452 officina
1708 3411 1774 3453 con·

944 3462 1112 3517 sarcinatos.
1125 3461 1393 3533 oQuibusacccptis
1407 3467 1581 3536 opusedidit
1592 3468 1646 3523 sub
1656 3470 1775 3524 nomine

943 3533 1062 3588 Elenchi
1074 3541 1101 3588 et
1111 3533 1260 3605 apologia,
1273 3534 1322 3590 ubi
1334 3537 1499 3593 sceleratam
1510 3537 1651 3595 officinam
1663 3540 1773 3595 Christi

946 3605 1073 3659 hostium
1084 3604 1241 3674 redarguit,
1256 3611 1284 3660 ct
1299 3620 1356 3676 quo
1372 3613 1454 3677 pacto
1468 3611 1540 3664 hane
1554 3608 1702 3665 infamiam
1714 3610 1772 3679 ipsi

944 3683 1044 3731 contra
1063 3688 1093 3730 se
1108 3677 1187 3744 ipsos
1205 3677 1361 3732 excitarint
1372 3680 1559 3736 demonstrat.
1575 3680 1672 3751 (idem,
1690 3681 1750 3734 ibid
1759 3682 1773 3751 )

944 3746 1052 3801 Libello
1066 3760 1120 3802 suo
1140 3746 1257 3802 titulum
1280 3746 1464 3805 refutationis
1485 3757 1513 3807 et
1533 3752 1673 3823 apologiae
1692 3752 1773 3807 indi-

945 3817 1000 3883 dit,
1015 3825 1043 3871 ct
1057 3817 1086 3871 in
1104 3816 1162 3872 haec
1177 3820 1261 3873 rerba
1276 3819 1310 3874 ad
1328 3821 1484 3878 Romanum
1509 3823 1644 3893 scripsit:
1666 3823 1725 3895 Ego
1746 3829 1774 3878 ct

946 3889 977 3942 in
998 3888 1056 3943 alia
1073 3888 1193 3957 epistola
1217 3891 1334 3959 scripsi,
1351 3890 1401 3946 ubi
1421 3894 1539 3951 ostendo
1563 3894 1681 3958 crimen,
1698 3893 1773 3965 quod

944 3957 1079 4015 deferunt
1105 3966 1204 4015 contra
1230 3976 1283 4024 me,
1306 3961 1408 4017 falsum
1432 3977 1503 4027 esse,
1534 3966 1616 4034 quasi
1648 3966 1773 4020 dicerem

944 4030 1090 4086 Christum
1107 4044 1163 4087 non
1179 4032 1454 4089 consubstantialem
1471 4048 1534 4091 esse
1549 4037 1615 4092 Deo.
1637 4037 1706 4090 Nam
1727 4042 1774 4090 ta-

946 4102 1029 4157 metsi
1048 4101 1114 4157 dico
1130 4115 1173 4157 me
1189 4103 1217 4157 id
1234 4116 1334 4159 nomen
1352 4117 1407 4160 non
1432 4109 1582 4175 reperisse,
1598 4119 1648 4162 uec
1671 4106 1775 4177 legisse

944 4173 1054 4228 alicubi
1065 4175 1092 4227 in
1105 4174 1196 4228 sacris
1206 4173 1323 4242 litteris,
1333 4176 1459 4231 rationes
1469 4184 1562 4233 mmen
1573 4185 1687 4242 nostra,
1702 4192 1775 4247 quas

945 4247 1138 4307 retinuerunt,
1151 4258 1206 4300 non
1217 4245 1361 4302 abludunt
1371 4246 1646 4304 abhacsententia..
1659 4290 1665 4302 .
1676 4249 1773 4317 etepi-

944 4316 1057 4377 stolam,
1074 4322 1107 4371 ut
1129 4316 1202 4378 dixi,
1220 4317 1256 4371 ob
1275 4330 1360 4373 casus
1374 4325 1544 4388 temporum,
1569 4318 1696 4389 proferre
1717 4333 1773 4374 non

945 4400 1073 4455 possum.
1082 4387 1110 4441 st
1120 4395 1214 4443 autem
1225 4388 1278 4442 tibi
1288 4390 1372 4445 verba
1385 4391 1477 4455 mitto,
1490 4389 1775 4446 multolibeutiusto·

944 4464 1005 4514 tum
1014 4458 1174 4527 exemplum
1187 4459 1329 4515 misissem
1339 4480 1347 4514 :
1357 4462 1432 4530 quod
1444 4459 1491 4514 ubi
1502 4468 1604 4515 nactus
1614 4459 1705 4526 fuero,
1717 4471 1774 4514 non

64 4531 194 4587 redditur
211 4546 245 4587 ex
259 4532 371 4598 judicio
395 4547 442 4601 per
464 4532 539 4588 hunc
555 4532 718 4602 pontificem
735 4534 845 4603 prolato
860 4535 888 4589 in
902 4533 930 4595 D
944 4530 1087 4586 omittam.
1100 4547 1113 4578 u
1126 4530 1223 4597 fldem.
1237 4530 1378 4596 desynod.
1392 4537 1417 4584 et
1426 4531 1460 4583 tte
1469 4536 1577 4584 narrat.
1589 4531 1649 4584 llic.
1663 4529 1775 4600 synod.)

61 4616 149 4657 carrusa
160 4603 235 4658 infer
247 4603 479 4671 Pentapolitanos
491 4611 519 4658 et
529 4605 698 4673 Dionysium
712 4604 890 4659 Alexandri-

63 4687 149 4739 num3
165 4688 199 4729 ex
221 4675 406 4729 damnatione
425 4674 542 4730 Sabellii
559 4681 588 4729 ct
603 4674 682 4729 Pauli
700 4675 889 4741 samosateni,

61 4744 246 4815 aliorumque
255 4745 467 4813 hereticorum,
480 4758 603 4815 quorum
613 4758 725 4800 errores
734 4744 835 4801 beatus
845 4746 892 4802 hic

63 4815 190 4941 poukifex
199 4829 250 4871 sua
259 4816 434 4872 auctoritate
446 4816 628 4886 proscripsit,
641 4817 893 4885 suaquedoctrina

60 4899 116 4942 con
133 4889 236 4942 utatit.

97 4957 653 5027 QuamvisDionysiusAlexandrinusad
663 4961 788 5013 sanctam
797 4960 891 5015 sedem

61 5030 214 5085 detulisset
226 5028 279 5085 sub
292 5031 462 5098 precedenti
476 5030 643 5099 pontificatu
654 5028 893 5085 haeresimsabel-

62 5102 109 5168 lii,
121 5108 150 5155 et
159 5107 260 5157 contra
270 5101 400 5156 eumdem
413 5100 632 5156 heresiarcham
644 5100 764 5155 suismet
775 5101 892 5168 scriptus

62 5177 125 5242 ipse
143 5178 315 5241 pugnasset,
333 5171 527 5228 nibilominus
545 5173 666 5240 accepit,
686 5184 798 5226 errores
811 5172 894 5240 ejus-

65 5242 144 5298 modi
161 5244 266 5298 mirum
285 5244 313 5297 in
330 5243 445 5299 mendum
461 5243 608 5313 propagati
631 5244 660 5297 in
675 5242 891 5312 Pentapolitana

61 5315 109 5369 sui
123 5314 336 5383 patriarchatus
352 5316 510 5382 provincia,
528 5313 577 5369 ubi
590 5312 705 5369 fueraut
719 5314 831 5369 suborti
844 5331 851 5381 3
865 5318 894 5368 et

62 5386 101 5441 ita
114 5383 301 5452 infectosjam
312 5398 374 5438 esse
384 5383 588 5452 pestilentibus
599 5384 809 5439 illisdoctrlnis
818 5397 892 5438 tton-

61 5456 160 5512 nullos
169 5457 336 5525 episcopos:
352 5475 364 5504 a
379 5457 548 5522 Tantumque
557 5470 648 5508 eorum
659 5462 807 5508 commenta
817 5457 893 5507 inua-

61 5529 155 5591 luissr,
168 5532 199 5578 ut
218 5526 267 5577 uia
281 5525 399 5577 atterius
420 5527 506 5577 Filias
521 5527 570 5577 Dei
593 5527 622 5577 iu
637 5526 764 5578 Ecclesiis
784 5525 893 5594 pradi-

61 5603 170 5653 caretar
186 5595 254 5664 utut
269 5593 355 5648 refert
367 5596 394 5647 b'.
406 5594 591 5657 Athanasius,
603 5595 636 5648 dc
655 5595 729 5648 Sent.
749 5596 871 5666 Dionys.)
882 5613 889 5650 :

63 5690 77 5721 s
92 5671 130 5723 lle
145 5666 260 5739 cognita
276 5665 432 5735 Dionysius
447 5666 480 5720 ad
493 5666 577 5733 cujus
592 5679 689 5721 curam
708 5678 747 5721 eae
759 5668 893 5721 Ecclesia

62 5739 255 5810 pertinebant,
269 5737 377 5807 legantes
386 5737 467 5792 misit
478 5737 527 5807 qui
539 5743 670 5792 auctores
682 5749 780 5793 earum
796 5751 891 5793 rerum

61 5811 99 5866 ab
115 5810 177 5866 iilis
191 5811 287 5880 pratis
306 5808 495 5878 opinionibus
508 5808 694 5865 retraherent.
710 5807 773 5864 11115
785 5815 891 5880 autem,

981 4604 1020 4655 De
1036 4601 1088 4655 hac
1103 4602 1165 4668 ipsa
1184 4598 1351 4654 defensione
1364 4601 1424 4655 sive
1437 4601 1568 4670 apologia
1587 4601 1667 4670 loqui
1683 4600 1773 4655 intel-

946 4672 1066 4742 ligimus
1082 4669 1234 4725 Eusebium
1249 4670 1462 4740 Caesariensem,
1476 4677 1505 4725 et
1518 4675 1545 4725 s'.
1557 4671 1771 4743 llierouymum,

948 4742 1062 4812 quaudo
1077 4739 1221 4795 affirmans
1235 4748 1358 4810 quatuor
1371 4740 1462 4796 libros
1476 4755 1490 4795 a
1505 4742 1642 4813 Dionysio
1654 4743 1775 4798 hlexan-

947 4815 1033 4870 drino
1053 4813 1229 4880 compositos
1249 4818 1348 4867 contra
1366 4812 1533 4877 sabellium,
1545 4829 1611 4882 quos
1631 4814 1771 4880 Dionysio,

947 4888 996 4955 qui
1009 4887 1145 4939 ltotnauus
1158 4885 1377 4951 arciepiscopus,
1393 4884 1539 4939 dedicavit.
1554 4886 1592 4954 (S.
1608 4885 1770 4953 Hieronym.

947 4958 980 5010 tte
993 4956 1092 5023 Script.
1107 4954 1179 5007 boet.
1192 4956 1223 5007 t'u
1232 4955 1382 5025 Dionysio.)

983 5025 1085 5081 Exitus
1101 5024 1141 5079 rei
1159 5024 1224 5090 fuit,
1241 5030 1312 5079 teste
1326 5025 1356 5078 b.
1372 5024 1540 5093 Athanasio,
1558 5027 1633 5097 quod
1648 5038 1773 5081 accusa·

948 5105 996 5154 tus
1017 5098 1057 5151 ita
1076 5095 1181 5150 eximie
1196 5093 1356 5151 defenderit
1377 5110 1492 5153 atumm
1507 5112 1599 5162 suam,
1616 5101 1649 5153 ut
1663 5096 1771 5152 nullam

948 5168 1065 5224 omnino
1077 5179 1186 5237 ptanam
1202 5167 1327 5222 subierit
1339 5181 1373 5224 cx
1386 5168 1425 5223 115
1435 5183 1499 5238 quae
1511 5181 1623 5238 semper
1637 5168 1773 5237 infligun-

948 5247 997 5295 tur
1008 5238 1160 5300 baeretiris,
1173 5239 1269 5293 statim
1283 5252 1315 5293 ac
1335 5239 1423 5309 impia
1437 5253 1534 5295 eorum
1553 5239 1686 5307 docmata
1703 5250 1773 5307 pro-

949 5311 1006 5365 lata
1029 5321 1090 5363 esse
1103 5309 1340 5378 comprobantur:
1359 5331 1372 5360 tt
1399 5323 1491 5380 neque
1507 5309 1637 5366 haeresim
1661 5323 1773 5378 propu-

948 5381 1061 5452 gnando
1076 5380 1112 5434 ab
1135 5379 1260 5435 Ecclesia
1276 5381 1403 5450 recessit,
1426 5382 1473 5436 scd
1490 5383 1519 5435 in
1541 5393 1573 5436 ea
1586 5394 1651 5436 cam
1669 5380 1772 5450 pietate

947 5450 1125 5507 obdormivit
1130 5489 1209 5504 .....
1214 5451 1242 5505 Si
1253 5451 1309 5505 scri
1333 5452 1771 5507 torumsuorumrationemnon

948 5522 1132 5586 reddidisset,
1145 5465 1771 5593 01010100οΚ000500010000000051111

949 5607 1087 5664 passurus
1102 5590 1215 5647 fuisset.
1229 5593 1343 5660 itidem,
1356 5596 1389 5647 tte
1399 5595 1472 5648 Sent.
1484 5592 1630 5664 Dionysii.)

984 5664 1140 5733 Dionysius
1163 5677 1233 5734 papa
1252 5677 1306 5719 nou
1333 5666 1416 5721 motio
1435 5664 1635 5721 condemnavit
1650 5663 1771 5719 hareses

949 5743 1018 5791 tuuc
1033 5735 1177 5803 subortas,
1192 5735 1364 5791 auctoritate
1376 5737 1454 5793 sedis
1468 5750 1537 5803 suae,
1552 5737 1599 5792 sed
1615 5737 1701 5791 etiam
1716 5734 1772 5789 do-

949 5807 1042 5863 ctrina
1051 5819 1169 5865 suorum
1180 5808 1625 5877 scriptorumarmaministravtt
1636 5805 1772 5862 Ecclesia
