3892 6136
727 306 903 365 ANASTASII
927 303 1197 364 steatomnctnu

690 454 936 519 cATALOGUS
954 454 1031 517 SUB
1047 455 1225 518 LIBERIO.

761 564 804 617 Ea
819 562 937 616 editione
950 561 1087 616 Bucherii.

152 657 312 739 Hyginus
339 655 438 719 annis
461 654 645 732 duodecim,
676 650 849 715 mensibus
862 648 981 730 tribus,
1001 648 1118 713 diebus
1144 666 1213 713 sex.
1233 650 1313 713 Fuit
1326 649 1535 733 temporibus
1548 651 1640 733 Veri,
1658 668 1680 713 a
1694 667 1822 715 consu-

114 756 184 819 latu
200 754 369 820 Gallicani
385 757 417 816 et
438 753 567 816 Veteris
581 767 688 832 usque
705 752 871 814 Praesente
881 752 913 811 et
933 747 1064 813 Rufino.

502 860 577 915 Idem
587 874 621 914 en
633 859 749 914 editione
762 857 956 923 schelestratii,
972 861 1068 911 exacto
1079 857 1117 911 ad
1133 873 1185 912 ms.
1199 856 1361 921 Caesareum,
1373 860 1425 913 etc.

153 951 311 1034 Hyginus
324 950 425 1013 annis
441 948 626 1026 duodecim,
643 945 815 1010 mensibus
830 946 949 1012 tribus.
966 944 1084 1008 diebus
1096 960 1165 1008 sex.
1182 946 1261 1008 Fuit
1280 945 1489 1026 temporibus
1493 992 1554 1010 .....

628 1048 704 1102 Notae
716 1045 902 1100 schelestratii
911 1047 942 1098 in
957 1045 1116 1112 cetetonem
1130 1045 1317 1100 tiberianum.

149 1150 266 1204 Laeuus
285 1149 313 1203 in
331 1147 443 1219 Hygino
467 1152 496 1203 et
516 1146 637 1202 Aniceto
660 1144 844 1214 reperiuntur
866 1144 895 1199 in
913 1157 963 1198 ms.
989 1143 1126 1212 Caesareo,
1143 1157 1207 1214 quae
1220 1149 1313 1199 minen
1336 1157 1370 1201 ex
1384 1144 1511 1202 secundo
1529 1143 1664 1216 catalago
1688 1141 1822 1215 suppleri

115 1241 244 1308 possunt,
267 1242 366 1307 utpote
381 1238 468 1307 cajus
482 1235 613 1293 auctoris
628 1233 807 1304 temporibus
824 1233 853 1289 in
869 1231 1025 1290 mscodice
1039 1232 1199 1304 exstabant,
1218 1246 1252 1289 ex
1268 1247 1325 1304 quo
1343 1234 1550 1305 imperatorum
1569 1239 1601 1290 et
1616 1233 1822 1292 consulatuum

114 1330 196 1381 notan
210 1324 348 1396 colligere
358 1324 436 1380 licet.

323 1422 470 1476 lilancltini
481 1422 614 1476 monitum
627 1420 665 1474 ud
684 1419 807 1474 eumdem
821 1418 980 1488 Catalogum
992 1419 1169 1474 tiberianum
1183 1424 1209 1479 et
1222 1420 1334 1475 Hennes
1349 1420 1435 1475 initio
1454 1420 1608 1476 indicatas.

149 1519 307 1578 observant
330 1519 439 1575 eruditi
464 1519 590 1575 editores
615 1517 738 1590 catalogi
756 1516 915 1587 tiberiani,
934 1516 1092 1575 Bucherius
1104 1521 1132 1573 et
1145 1517 1379 1590 schelestratius,
1405 1518 1523 1575 lacunas
1538 1518 1714 1589 trequentes
1728 1517 1823 1590 depre-

117 1611 205 1668 hendi
231 1611 327 1667 codem
351 1611 379 1666 in
396 1609 525 1681 canlogo
540 1623 574 1664 ex
587 1610 697 1680 Hygino
709 1609 744 1664 ad
757 1607 931 1675 Gallinam,
958 1608 1128 1678 easdemque
1143 1608 1272 1678 suppleri
1296 1622 1378 1678 posse
1391 1607 1621 1666 schelestratius
1644 1609 1775 1665 advertit
1794 1623 1823 1666 cx

115 1699 246 1771 catalogo
261 1698 388 1755 secundo
398 1711 482 1768 quem
498 1697 633 1767 apposuit
651 1697 679 1753 in
691 1711 743 1752 saa
757 1696 895 1765 editione,
907 1697 1068 1766 pertinente
1078 1696 1112 1751 ad
1128 1701 1238 1752 atatem
1255 1696 1360 1752 Felicis
1376 1695 1409 1752 IV
1423 1696 1637 1753 etlustiulani.
1649 1697 1824 1767 supplentur

115 1793 221 1857 autem,
236 1788 265 1843 ni
283 1785 379 1856 lallor,
394 1786 484 1843 multo
499 1785 616 1842 felicius
629 1792 689 1841 tum
701 1784 748 1840 his
762 1798 796 1841 ex
813 1785 1017 1851 monumentis,
1033 1790 1094 1840 tam
1104 1798 1139 1840 ex
1156 1783 1290 1855 pluribus
1300 1799 1387 1854 supra
1401 1784 1502 1842 relatis
1518 1785 1597 1842 inter
1609 1785 1822 1859 prolegomena

117 1878 294 1934 tacunarum
312 1876 421 1933 indicia
437 1882 547 1933 lantum
562 1875 591 1930 in
608 1874 737 1946 margine
754 1874 894 1931 indicavit
909 1873 1079 1930 Bucherius.
1092 1874 1177 1929 Plura
1188 1873 1411 1930 schelestratius
1424 1875 1511 1930 etiam
1526 1876 1556 1932 in
1571 1876 1720 1931 texturis
1735 1876 1824 1945 priora

116 1973 238 2037 repetam
261 1965 417 2032 inutiliter,
435 1979 498 2036 qua
524 1965 663 2034 impressa
683 1964 741 2032 jam
754 1968 834 2032 sunt,
851 1963 885 2018 ad
901 1962 983 2018 tidem
998 1962 1121 2031 exempli
1138 1963 1323 2033 Bucheriaui,
1351 1976 1438 2033 supra
1455 1964 1484 2020 in
1508 1963 1745 2035 Prolegomenis,
1759 1963 1823 2022 dabo

117 2054 285 2111 lacunarum
301 2055 395 2111 sedem
414 2055 442 2109 in
456 2060 601 2123 contextu,
611 2065 766 2123 earumque
778 2051 1008 2121 supplementum
1023 2064 1057 2106 ex
1068 2058 1164 2107 nostra
1175 2053 1325 2107 sententia.
1336 2053 1427 2122 Hujus
1439 2058 1534 2109 autem
1551 2051 1758 2122 supplementi
1771 2067 1824 2124 pm·

116 2143 247 2200 bationes
263 2144 380 2200 habebit
394 2143 483 2200 lector
495 2141 568 2198 inira
585 2143 613 2197 iu
632 2142 740 2199 uostris
753 2140 967 2213 chronologicis
983 2142 1059 2197 notis
1069 2141 1104 2197 ad
1120 2141 1269 2197 Anicetum
1284 2143 1410 2198 sectione
1421 2156 1473 2198 ru.
1490 2142 1571 2210 Quod
1588 2143 1639 2198 hic
1661 2143 1783 2200 subdam
1795 2142 1824 2199 de

120 2240 293 2311 supplendis
313 2240 427 2297 lacunis
439 2240 562 2313 catalogi
576 2239 720 2297 tiberiani
738 2240 766 2296 in
780 2240 901 2311 Hygino,
918 2237 1057 2309 prestabo
1071 2238 1157 2294 etiarn
1171 2239 1200 2295 in
1217 2239 1402 2309 poutttctbus
1416 2238 1670 2310 subsequentibus
1690 2240 1823 2312 usquead

119 2339 271 2395 Callistum
286 2357 292 2394 :
311 2339 362 2395 ubi
379 2338 561 2396 lacanaecum
576 2339 719 2409 desinant,
736 2338 851 2395 occasio
864 2336 945 2393 nulla
960 2337 1017 2393 erit
1034 2337 1188 2407 supplendi
1205 2342 1315 2394 tentum
1330 2339 1453 2411 catalogi
1466 2336 1627 2395 tiberiani

117 2449 207 2504 Lectio
221 2448 508 2519 Catoloeisupplentis
527 2448 705 2502 tiberianum
727 2447 840 2516 ejusque
862 2445 975 2500 lacunas
1000 2461 1034 2499 ea
1059 2446 1137 2513 infra
1160 2447 1254 2502 relatis
1272 2446 1481 2518 probationibus
1490 2448 1521 2501 in
1532 2449 1608 2502 notis
1629 2448 1824 2517 chronologicis

829 2545 977 2599 Bluncltini
990 2544 1028 2598 nd
1043 2544 1199 2600 Anicetum.

160 2664 321 2745 Hyginus
341 2662 442 2725 annis
469 2665 544 2738 IIII,
569 2659 742 2724 mensibus
762 2663 821 2738 III,
844 2658 966 2721 diebus
990 2662 1077 2723 VIII.
1099 2660 1177 2725 Fuit
1192 2661 1397 2742 temporibus
1424 2661 1588 2725 Antonini
1613 2680 1638 2725 a
1653 2667 1825 2730 consulatu

119 2761 237 2838 Magni
252 2764 284 2823 et
297 2758 465 2823 camerini
480 2774 587 2839 usque
607 2758 723 2819 Severo
736 2760 768 2819 et
782 2756 942 2818 Priscino.

770 2880 912 2944 VARIAE
927 2880 1169 2946 LEGTIONES.

153 2980 238 3052 Apud
251 2979 409 3036 Fahrottum
431 2995 465 3034 en
486 2979 576 3034 codice
594 2977 706 3033 Freltett
723 2983 749 3032 et
768 2993 802 3032 ea
814 2979 905 3044 Regio,
956 2976 985 3036 A
1122 2977 1208 3048 Apud
1219 2978 1389 3034 Holstenium
1412 2983 1437 3034 et
1459 2979 1704 3038 schelestratium.

369 3053 509 3107 Macerino
529 3056 553 3107 et
570 3051 691 3106 Thanno-
1033 3068 1094 3121 ιῑη,
1116 3064 1140 3134 t,
1170 3067 1245 3134 Vae„
1261 3068 1345 3137 eujus
1354 3068 1634 3198 pegpcpppppmlppn
1651 3071 1825 3200 iprsffirpeaup.

1528 3183 1535 3210 ,
1611 3183 1619 3196 .
1677 3184 1684 3199 .
1818 3183 1825 3197 .

153 3144 234 3200 Nun.
253 3139 295 3198 ⁴0.
312 3141 360 3195 lin.
377 3138 439 3211 l,c.
452 3140 647 3268 genealogiam
661 3151 715 3194 non
728 3137 824 3194 inveni
837 3152 899 3193 sa.
915 3135 942 3206 t,
998 3137 1047 3192 tin.
1071 3136 1097 3206 ³,
1124 3130 1200 3207 Vnt,
1222 3152 1313 3210 usqae
1336 3153 1352 3196 a

95 3238 100 3246 ¹
120 3213 234 3283 ment.
247 3210 575 3284 t.itn.3,usqnead0rp
599 3209 941 3267 itiannmetl‘.consules.
999 3208 1103 3264 Cesset
1125 3210 1199 3278 Vnt,
1218 3225 1276 3267 sex.

120 3289 205 3356 Itan,
219 3285 384 3355 orphitum,
400 3291 425 3339 ct
442 3285 472 3338 in
493 3299 551 3351 ore,
566 3283 603 3339 al.
620 3282 836 3352 Orphitianum.
851 3282 901 3335 tin.
914 3279 941 3352 5,

120 3358 185 3415 diac
210 3354 228 3413 3
259 3358 321 3412 Mu.
1153 3300 1236 3369 Apud
1254 3302 1365 3355 Panium
1385 3316 1418 3356 en
1433 3301 1522 3356 codice
1536 3301 1673 3358 Canenti.

336 3398 343 3426 ²
364 3355 439 3412 ‘¹¹³⁰‘
461 3354 487 3411 5·
506 3357 555 3409 ‘m'
573 3354 601 3426 δ’
618 3353 679 3410 ¹⁰⁰³
692 3352 718 3410 ⁶·
733 3355 781 3408 Μ·
797 3348 826 3423 7¹
841 3353 904 3409 ‘¹¹⁰⁸
916 3351 941 3408 4·
1032 3389 1094 3443 tin.
1112 3386 1136 3444 l.
1148 3389 1435 3462 cujusgenealogiam
1448 3393 1789 3453 necinveniseditann.
1800 3411 1825 3452 x.

385 3446 429 3499 ΒΨ
445 3445 558 3499 mam
572 3444 668 3497 amm·
998 3462 1093 3532 (supra
1104 3476 1189 3515 manu
1202 3463 1292 3514 Pania
1299 3464 1393 3531 script.
1407 3461 1443 3532 ιιι)
1470 3476 1507 3517 nr.
1526 3476 1570 3527 tu,
1583 3464 1654 3520 dies
1669 3481 1734 3523 ultr.
1747 3469 1792 3522 lin.
1802 3466 1826 3538 h,

153 3540 215 3594 tin.
233 3535 259 3608 t,
276 3537 360 3606 cajus
374 3533 568 3606 genealogiam
591 3532 767 3590 noninveni.
783 3546 806 3602 s,
822 3545 848 3588 a.
866 3529 892 3597 l,
905 3547 942 3588 m.
999 3533 1169 3615 perdiversu
1182 3531 1242 3588 loca
1259 3547 1296 3588 ιι.
1313 3533 1362 3588 tin.
1380 3532 1435 3590 6et
1445 3503 1476 3606 1Ι,
1494 3534 1523 3590 in
1546 3534 1691 3596 Haticanc
1703 3552 1738 3595 ιιι
1755 3539 1825 3597 idun

118 3606 146 3682 3,
160 3609 189 3665 d.
204 3607 230 3666 t.
248 3611 297 3664 tin.
314 3607 340 3679 6,
358 3607 421 3664 loca
435 3618 553 3663 numero
572 3603 599 3661 6.
996 3605 1212 3676 ianuariarum,
1227 3609 1280 3660 etc.

781 3721 904 3786 NOTAE
928 3723 1160 3786 VARIORUM.

999 3829 1154 3885 editionem
1172 3828 1323 3885 Annibalis
1338 3828 1466 3886 Fabrotti
1480 3830 1510 3885 in
1530 3844 1659 3900 corpore
1674 3834 1828 3907 Byzantina

1000 3901 1155 3956 Historiae:
1185 3901 1293 3971 quibas
1317 3901 1492 3958 concordant
1524 3904 1700 3973 complures
1725 3908 1828 3964 codices

1001 3972 1202 4042 manuscripti,
1221 3973 1295 4028 inter
1306 3987 1377 4042 quos
1394 3986 1470 4029 unus
1484 3979 1527 4029 est
1539 3975 1706 4035 Vaticanus
1720 3979 1776 4036 suh
1786 3993 1829 4035 na

1001 4057 1078 4099 mero
1093 4040 1174 4109 5269,
1191 4050 1256 4099 ante
1290 4045 1442 4114 aingentos
1455 4043 1540 4100 tacite
1556 4059 1655 4103 anuos
1668 4064 1706 4106 ex
1718 4052 1778 4107 alio
1789 4063 1831 4106 aa·

998 4115 1121 4241 penhart
1146 4115 1245 4170 codice
1267 4060 1440 4185 descriptus,
1461 4115 1535 4172 alter
1549 4117 1707 4195 Thuanas,
1736 4123 1830 4179 tertias

1010 4186 1188 4242 ‘assinensis

267 4311 270 4316 ¹
1033 4255 1063 4312 2.
1082 4258 1219 4314 Caeterum
1241 4271 1296 4312 non
1324 4271 1422 4314 omues
1444 4261 1495 4314 Its.
1525 4258 1721 4320 Anastasiani
1744 4263 1830 4335 operis

157 4304 436 4407 P⁰R¹BU⁵⁵E⁰⁸R¹NT2
601 4394 607 4406 ⁹
699 4395 717 4408 ..
999 4328 1113 4384 codices
1128 4327 1181 4384 hac
1193 4329 1228 4384 de
1243 4330 1466 4399 reconventum,
1483 4330 1531 4385 sed
1557 4344 1664 4404 magna
1679 4335 1830 4393 interibat

160 4400 185 4456 t.
210 4398 319 4469 Duplex
342 4400 386 4452 est
408 4393 557 4478 drhcultas
582 4408 659 4451 circa
676 4396 730 4464 Pu,
752 4395 876 4466 Aniceti,
890 4398 945 4456 so·
1000 4401 1317 4471 diversitasreperttar,
1333 4400 1467 4470 pluribus
1482 4401 1576 4470 quoad
1607 4406 1747 4463 ordinem
1765 4406 1829 4463 Ani-

121 4474 192 4531 teris
207 4479 235 4527 ct
255 4467 414 4526 Eleutherii
433 4466 631 4537 pontificatum
647 4481 653 4519 :
671 4481 792 4537 quarum
808 4469 897 4525 altera
909 4472 944 4528 ad
1000 4473 1055 4528 ceti
1072 4477 1100 4526 et
1118 4472 1160 4526 Pii
1177 4485 1241 4527 cnm
1257 4485 1346 4541 supra
1369 4471 1467 4528 allatis
1489 4477 1706 4544 pugnantibus.
1724 4478 1830 4535 Notartt

123 4546 254 4602 ordinem
275 4553 331 4611 quo
345 4539 495 4608 Anicetus,
524 4542 552 4593 et
571 4537 638 4593 Pius
655 4556 662 4609 3
676 4538 765 4594 altera
781 4540 816 4596 ad
833 4546 945 4611 tempus
1000 4543 1076 4598 enim
1092 4541 1215 4598 Annibal
1231 4544 1393 4607 Fabrottus,
1412 4544 1486 4613 quod
1504 4544 1533 4599 in
1549 4544 1670 4604 duobus
1684 4552 1739 4607 his.
1754 4549 1829 4605 codi-

122 4631 178 4688 qno
197 4615 278 4671 Soter
288 4618 315 4668 et
328 4610 514 4667 Eleutherias
526 4609 673 4692 sederant,
687 4611 839 4679 pertinent.
850 4613 944 4670 Prima
963 4591 1083 4670 Bcibas
1098 4614 1218 4670 Gallicis
1231 4615 1320 4686 Hegio
1335 4621 1362 4670 et
1376 4616 1518 4671 Hazarino
1536 4624 1665 4684 ponatur
1681 4620 1756 4677 Pius
1772 4624 1831 4676 anta

121 4686 243 4759 quaestio
258 4693 320 4740 orta
333 4689 375 4738 cst
391 4695 425 4738 ex
439 4680 589 4737 nonnullis
603 4688 789 4752 antiquorum
805 4683 897 4741 catulo
917 4699 944 4741 o·
999 4686 1159 4741 Anicetum.
1175 4686 1209 4741 Et
1221 4687 1312 4742 Lucas
1322 4686 1487 4742 Holstenius
1501 4687 1530 4742 in
1544 4689 1624 4744 notis
1635 4690 1689 4746 Its.
1706 4693 1743 4748 ad
1759 4692 1830 4747 Ana-

122 4772 183 4815 ram
206 4762 234 4813 et
258 4757 371 4810 Patrum
396 4752 581 4836 testimoniis,
607 4753 715 4836 quibus
736 4755 873 4811 Anicetus
895 4700 944 4814 ἐὶο
1000 4759 1120 4813 stastum
1144 4756 1400 4813 Bibliotheearium
1429 4757 1513 4813 relert
1540 4769 1608 4827 post
1632 4763 1828 4831 pontiticatan

122 4829 312 4901 preponitur:
330 4826 493 4881 sicenrmru
507 4825 714 4894 antiquissimo
725 4827 854 4898 catalogo
870 4834 943 4884 tem·
998 4828 1120 4899 Hygini:
1149 4828 1200 4883 Hic
1228 4831 1257 4882 in
1283 4831 1335 4883 Hs.
1360 4829 1521 4885 florentinis
1549 4833 1672 4899 ponitur
1688 4835 1769 4906 Pius,
1792 4832 1831 4888 coi

123 4898 307 4972 poreaiberit
321 4895 582 4978 papaeconcinnato
594 4904 659 4965 post
671 4895 814 4980 Hyginum
826 4900 945 4967 ponitur
999 4901 1145 4968 subjicitur
1168 4899 1266 4954 deindo
1288 4902 1437 4967 Anicetus,·
1456 4904 1481 4954 et
1499 4902 1539 4955 sic
1552 4901 1666 4971 Aeetas,
1694 4907 1830 4961 nimirum

121 4973 268 5039 Anicetus,
293 4974 320 5025 et
337 4973 400 5038 post
422 4970 572 5022 Anicetum
590 4968 665 5023 Pius.
683 4967 812 5037 Idrpsum
827 4983 861 5024 eu
879 4971 942 5041 hoc,
999 4971 1086 5027 codex
1103 4985 1179 5028 nunc
1204 4971 1386 5027 bibliothecas
1401 4970 1603 5028 Alexandrina
1617 4975 1779 5034 Vaticana.
1794 4977 1830 5033 m

120 5045 212 5100 aliove
225 5041 355 5111 catalogo
367 5039 562 5108 desumpsisse
572 5039 741 5095 videntnrs.
751 5039 873 5109 Optatus
887 5044 946 5098 Hi·
1000 5043 1243 5113 quibnsapparet,
1260 5043 1551 5099 interAnastasianos
1565 5045 1688 5104 caelicas
1698 5049 1827 5120 reperiri,

121 5115 265 5170 levitauus
280 5112 332 5168 lib.
350 5125 368 5166 ιι
386 5114 485 5166 contra
504 5109 732 5179 Parmenianum,
756 5118 783 5166 et
797 5114 829 5167 Ι).
843 5113 944 5186 Augu·
1000 5114 1030 5168 in
1047 5114 1154 5184 qulbus
1170 5115 1238 5170 Pius
1261 5115 1381 5170 Aniceto
1397 5114 1585 5184 preponitur,
1603 5123 1632 5172 et
1668 5119 1829 5177 aidemrt-

121 5187 217 5242 atinus
241 5190 329 5255 epist.
358 5180 419 5241 465,
447 5180 496 5236 ubi
519 5183 727 5237 successionem
754 5183 946 5241 homanorum
1000 5185 1139 5253 ctissime,
1157 5187 1182 5242 si
1208 5187 1341 5241 consules
1364 5185 1528 5241 abauctore
1551 5184 1623 5243 libri
1675 5190 1830 5247 antitealis

122 5257 287 5326 pontitlcum
312 5254 448 5311 exhibent
475 5252 521 5308 his
549 5252 664 5308 verbis:
686 5253 782 5321 Yginio
804 5255 946 5328 Anicetus,
1001 5256 1140 5313 adductos
1165 5270 1327 5328 sequamur.
1356 5257 1444 5312 Habet
1469 5257 1556 5324 enim,
1579 5259 1665 5316 Pium
1686 5263 1828 5320 sedisses

122 5328 233 5383 Aeiiceto
248 5329 320 5394 Pius,
347 5328 396 5381 Pio
415 5326 501 5391 Soter,
526 5324 616 5380 sotere
637 5325 812 5382 Eleutheros.
837 5329 947 5384 Auctor
1001 5328 1152 5385 consulatu
1167 5328 1242 5384 Clari
1264 5334 1291 5384 et
1305 5329 1410 5399 severi,
1427 5327 1477 5397 qul
1500 5329 1529 5384 in
1550 5342 1662 5387 annum
1688 5330 1743 5390 tte
1758 5335 1830 5390 mci-

122 5398 238 5453 secandi
249 5397 372 5470 catalogi
390 5403 515 5467 tempore
527 5396 634 5451 tustini
659 5397 850 5467 imperatoris,
865 5400 943 5455 anti·
1000 5399 1045 5455 dit
1060 5417 1068 5467 ς
1084 5399 1233 5456 Anicetum
1247 5414 1313 5455 vero
1325 5400 1475 5470 coepissea
1494 5401 1651 5459 consulatu
1675 5404 1827 5471 Gallicani,

123 5469 249 5537 quierem
261 5469 558 5540 catalogumsccutus,
571 5467 720 5523 Anicetum
732 5469 780 5526 Pio
795 5472 943 5541 praepontt.
1000 5479 1029 5526 et
1041 5472 1160 5541 Veteris,
1184 5472 1313 5543 quicum
1330 5485 1386 5527 aera
1404 5469 1453 5527 tta
1466 5474 1641 5529 concurrite
1665 5476 1827 5533 adeuntes

123 5539 197 5594 Item
214 5538 282 5593 ordo
297 5546 427 5594 servatur
448 5541 477 5595 in
500 5539 673 5593 membranis
687 5540 851 5611 Antuerpiee
867 5544 942 5612 apud
1000 5541 1062 5612 ipsa
1087 5545 1225 5614 temporis
1253 5551 1318 5599 nota
1333 5548 1454 5605 constet,
1477 5543 1558 5599 Pium
1572 5544 1703 5603 Aniceto
1719 5560 1827 5618 praepo-

124 5609 153 5665 V.
170 5609 211 5663 Cl.
236 5608 379 5690 Danielem
404 5609 628 5681 papebrochium
654 5613 847 5680 exstantibus,
869 5619 897 5669 et
914 5614 942 5669 in
999 5613 1124 5669 nendum
1149 5629 1225 5671 esse.
1253 5616 1418 5684 Desumpsit
1441 5619 1536 5670 autem
1552 5615 1733 5676 Anastasius
1753 5619 1823 5674 illan

123 5678 251 5748 mtalogo
275 5678 422 5748 Vaticano,
443 5680 549 5739 sucula
572 5693 647 5736 nono
670 5688 796 5739 exarato.
809 5684 945 5740 Concinit
998 5684 1148 5741 consulum
1165 5690 1260 5742 notam
1274 5699 1309 5742 ea
1327 5693 1445 5743 auctore
1464 5684 1825 5761 libril‘ontihcalis31u-

121 5756 222 5808 auctor
232 5746 301 5832 libri
312 5749 487 5807 PonttttcaHs
494 5751 739 5822 juxtaedltioncm
748 5756 943 5838 Hoguntinam
998 5760 1061 5812 ctor
1072 5756 1200 5812 vercille
1214 5770 1247 5812 ex
1263 5755 1376 5814 dirobus
1392 5755 1614 5828 antiquioribus
1624 5760 1703 5819 catal
1743 5762 1776 5828 ‘s
1797 5760 1822 5814 tn

121 5838 156 5884 ex
170 5819 349 5882 bibliotheca
359 5819 467 5878 Velsert
479 5823 634 5880 Daumvirt
644 5823 817 5898 Angustam,
828 5827 944 5897 etjuxta
999 5839 1073 5900 quos
1086 5826 1211 5901 primam
1230 5827 1357 5900 insignis
1371 5841 1452 5886 error
1477 5828 1609 5904 irrepsit,
1633 5832 1706 5890 dan
1735 5829 1821 5890 atllts

363 3831 412 3886 Ex
426 3827 711 3884 SCHELESTHATIO.

121 3945 197 4002 Notae
218 3941 385 4010 pertinentes
414 3935 452 3990 ud
487 3936 635 4002 Hirpinum,
664 3936 753 4001 Pium,
786 3936 942 3999 Anicetum,

157 4013 275 4067 Soterem
298 4013 324 4062 et
351 4007 558 4070 Eleuthera'um
594 4021 641 4060 seu
660 4013 743 4074 caput
764 4003 781 4061 l
802 4010 944 4062 Disserta-

157 4084 238 4138 tionis
249 4079 267 4135 s
279 4078 475 4139 Schelestrutii,
492 4083 560 4131 torno
572 4079 587 4131 I
610 4079 793 4147 Antiquitatis
807 4080 943 4142 Ecclesiae,

153 4169 220 4224 pop,
245 4148 268 4204 p
281 4148 307 4214 5,
325 4148 398 4217 quod
424 4149 586 4202 inscribitur
602 4169 610 4202 :
626 4150 736 4207 tta-Pto.
753 4149 884 4219 Autcsro,
899 4151 945 4204 So·

156 4237 226 4280 ruas
252 4235 284 4276 nr
300 4222 477 4276 Eauuruuntc
492 4236 498 4272 ι
514 4231 565 4279 ouo
581 4232 683 4273 cautus
707 4233 739 4274 ar
752 4233 851 4282 parnas
871 4235 945 4276 rsa-
