3892 6136
123 263 172 321 994
521 259 568 314 ΑΙ)
586 258 805 314 ΑΝΑΒΤΑΕΙΙΙΜ
825 255 1083 317 violationibus
1101 259 1193 315 tibin.
1217 256 1435 315 ROll--VATffi
1783 257 1836 318 ⁹92

159 389 247 445 Vetus
263 387 357 460 igitur
378 387 509 512 εὶῗΙΙΙιιω
525 401 645 456 aeneum,
660 385 796 456 palmaris
807 385 949 455 amplitu-
963 389 992 448 A
1006 399 1090 455 opere
1109 386 1256 444 illustrare
1276 393 1411 457 poterunt
1421 385 1585 456 provincias
1603 384 1750 457 singulas.
1765 383 1835 441 iiiii

119 458 201 515 dinis
217 461 333 515 modum
347 459 406 527 imp
420 471 471 514 ens
482 459 517 527 (si
533 471 619 513 crura
633 471 688 513 noii
702 455 826 513 luissent
844 456 950 526 deper-
1006 471 1071 513 vero
1084 457 1143 513 bisc
1154 457 1248 514 obiter
1267 457 1409 514 indicanti
1420 459 1492 513 satis
1509 456 1598 513 luerit
1611 456 1758 526 specimen
1770 456 1837 512 edi-

120 530 202 601 dita),
222 529 340 585 exbibet
366 529 487 584 militem
508 535 559 584 aut
584 528 683 584 ducem
710 527 863 584 barbarum
890 534 950 582 tum
1005 528 1083 583 disse
1097 528 1131 584 ad
1157 536 1238 586 notas
1266 528 1337 584 Vltae
1363 528 1519 585 Eleutberii
1543 529 1573 584 in
1598 526 1833 597 provinciisitri-

121 602 181 657 oris
203 601 233 655 in
248 600 441 663 lineamentis,
457 607 519 655 tum
539 599 568 653 iii
582 599 713 666 corporis
732 598 824 655 cultu.
841 597 949 662 Vestes,
1006 599 1130 666 tannia,
1146 598 1532 669 quibusaetateCoustantini
1546 611 1618 655 nova
1634 598 1756 667 partitio
1767 611 1834 654 coit-

122 671 233 727 tboraci
248 677 277 726 et
288 670 410 727 artubus
424 670 506 726 valde
520 671 656 734 astrictae,
677 683 782 724 morem
799 669 952 725 imitantur
1006 669 1027 723 ti
1051 669 1074 724 it
1102 670 1130 725 ln
1159 670 1240 725 clviii
1266 671 1529 732 administratione,
1557 670 1669 739 adlecta
1685 668 1748 736 illa,
1776 669 1835 725 sive

120 741 311 798 Sarmaticum
326 743 355 795 iii
368 741 502 797 columna
520 741 606 795 iiarci
622 740 761 795 Antonini
774 752 950 809 expressum.
1008 685 1079 805 ilfis,
1102 754 1174 810 quas
1195 753 1211 796 a
1231 741 1347 797 nomine
1368 740 1509 810 principis
1530 739 1676 810 appellare
1705 738 1831 805 placuit:

121 812 173 869 Sed
191 812 238 868 bic
249 819 377 867 consutae
391 816 461 867 sunt
476 824 531 867 non
548 811 708 881 squammis
722 817 755 865 ut
768 811 797 866 in
816 810 950 865 columna
1005 811 1128 864 Flauiam
1167 810 1357 866 Casoneasem
1386 817 1412 866 et
1448 808 1831 877 Mccimom'daeaorientem,

122 883 209 938 biarci
233 882 357 947 Aurelii,
372 884 420 937 sed
434 883 538 935 institis
566 895 616 938 seu
634 883 741 948 lesciis,
756 881 856 949 quales
867 881 952 935 vide·
1005 880 1183 937 subdivisam
1199 882 1303 939 deinde
1320 883 1348 937 in
1367 882 1530 937 Vobntiom.

125 968 188 1010 mus
203 953 288 1009 bodie
301 953 406 1024 gestari
427 951 462 1008 ab
475 952 612 1008 Helvetiis
621 952 811 1023 pretorianis.
825 950 951 1007 interula
1040 952 1265 1022 temperandum
1293 955 1383 1024 igitur
1402 959 1450 1008 est·
1458 952 1494 1008 ab
1516 951 1685 1022 huiusmodi
1700 965 1830 1016 excursu,

123 1037 198 1093 vero,
214 1023 277 1079 laiie
301 1024 454 1090 manicata,
472 1023 649 1078 nuncetiam
666 1022 808 1078 retinetur
820 1022 855 1077 ab
868 1023 951 1078 ilun-
1004 1027 1032 1076 et
1059 1023 1229 1078 inbreviari
1256 1025 1350 1079 stadio
1374 1023 1546 1088 sistendum,
1571 1021 1655 1079 nobis
1681 1028 1781 1093 aperto
1802 1024 1829 1079 iti

122 1095 211 1165 garis,
241 1093 367 1164 illyricis
392 1107 425 1149 ac
448 1094 582 1149 finitimis
597 1094 724 1164 populis.
745 1093 873 1148 Secunda
891 1093 950 1147 baec
1007 1092 1093 1162 buius
1117 1093 1209 1166 sigilli
1225 1095 1464 1156 consideratione,
1485 1093 1669 1150 Constantini
1688 1092 1831 1164 victorias,

123 1165 196 1221 ratio
223 1165 384 1221 indumenti
416 1165 512 1234 prodit
541 1178 626 1221 usum
657 1163 904 1234 langobardorum
933 1175 950 1218 a
1005 1171 1032 1218 et
1062 1163 1198 1220 barbaros
1227 1167 1349 1235 imperio
1376 1165 1545 1233 associatos,
1581 1177 1695 1221 necnon
1725 1163 1829 1221 cultum

128 1236 348 1291 vauioiiiacono
360 1236 537 1305 descriptum
547 1234 599 1290 lib.
611 1249 647 1305 iv,
658 1249 720 1305 cap.
732 1232 777 1300 ii,
791 1248 826 1290 eir
836 1235 949 1305 pictura
1004 1235 1126 1290 vestium
1145 1241 1174 1291 et
1194 1241 1425 1292 ornamentorum
1437 1236 1564 1305 eiusdem
1580 1235 1676 1291 aetatis
1688 1234 1829 1306 proprium

121 1319 209 1432 :luam
232 1305 611 1371 ibeodoricus,Gotborum
634 1319 693 1374 rex,
711 1306 740 1360 in
767 1305 874 1375 palatio
886 1304 950 1358 bio-
1004 1304 1178 1361 eibibentis.

141 1377 224 1432 oetiae
236 1390 253 1431 a
266 1389 296 1431 se
315 1383 481 1434 constructo
505 1376 648 1434 ellormari
670 1377 806 1446 iusserat.
824 1376 948 1444 «inqua
1041 1376 1127 1431 Porro
1152 1377 1295 1434 Sarmatas
1314 1376 1406 1433 luisse
1425 1380 1556 1448 abiegno
1570 1375 1762 1432 Constantino
1781 1376 1829 1432 de-

123 1447 245 1516 pictura,
264 1446 371 1517 inquit,
384 1447 534 1503 manifeste
546 1447 710 1504 ostenditur
718 1447 861 1518 quomodo
874 1447 950 1500 ian-
1003 1445 1095 1501 victos
1116 1446 1193 1503 circa
1206 1461 1312 1504 annum
1325 1446 1374 1504 aii
1391 1461 1447 1504 non
1464 1449 1546 1503 modo
1559 1447 1706 1503 Eusebius
1726 1445 1829 1517 aliique

120 1517 240 1587 gobardi
261 1530 294 1572 eo
308 1524 434 1587 tempore
459 1532 565 1574 comam
591 1531 623 1574 ca
647 1519 697 1573 itis
720 1517 884 1584 tondebant,
905 1513 948 1570 vel
1004 1516 1137 1573 bistorici
1162 1524 1190 1573 et
1204 1519 1367 1587 cbonotoqi,
1395 1518 1544 1575 sedetiam
1566 1518 1631 1587 ejus
1654 1518 1767 1573 nummi
1790 1529 1828 1572 ie-

120 1532 948 1713 qualisiilisvestitusqualisquebagituseratsiguidem
1003 1594 1126 1657 stantur,
1153 1590 1287 1659 inscripti
1304 1591 1480 1646 snbbiniii
1510 1587 1667 1645 blivicid.
1703 1587 1827 1645 Victoria

120 1661 255 1716 verticem
280 1659 429 1731 usque‘ad
453 1660 623 1729 occipitium
640 1661 826 1716 radentesnu
848 1657 945 1725 abant,
1003 1663 1096 1714 tamen
1129 1675 1188 1716 suae
1207 1658 1332 1718 fructum
1374 1662 1550 1731 praecipuum
1590 1659 1826 1716 communicatum

120 1731 243 1801 capillos
257 1730 358 1787 alacie
370 1732 505 1802 usquead
522 1746 554 1788 os
564 1732 704 1787 demissos
715 1730 860 1793 babentes,
873 1743 947 1799 quos
962 1753 989 1814 Β
1003 1728 1094 1784 tuisse
1108 1744 1124 1785 a
1150 1733 1332 1803 magnanimo
1357 1732 1487 1802 principe
1511 1728 1646 1787 bostibus
1677 1730 1753 1799 ipsis
1776 1742 1826 1784 ase

119 1801 150 1865 in
176 1811 326 1872 utramque
354 1810 459 1872 partem
477 1802 655 1858 dividebant.
682 1804 855 1858 Vestimenta
882 1815 948 1858 vero
1003 1801 1126 1857 devictis
1144 1809 1265 1858 testatur
1287 1801 1428 1859 Eusebius
1452 1802 1502 1858 iib.
1532 1816 1570 1868 iv,
1596 1800 1631 1857 de
1654 1801 1740 1856 illius
1759 1800 1824 1859 vita.

119 1875 163 1928 eis
177 1879 259 1929 erant
271 1873 345 1941 laxa,
360 1882 389 1930 et
404 1875 528 1930 maxime
540 1875 628 1941 linea,
641 1875 740 1946 qualia
753 1874 952 1946 Angli-Saxo·
1004 1877 1099 1945 capti
1122 1885 1147 1933 et
1174 1874 1203 1942 i,
1219 1890 1292 1946 quos
1320 1876 1434 1932 scilicet
1458 1883 1487 1929 et
1510 1873 1587 1927 intra
1615 1872 1689 1928 dites
1714 1872 1824 1926 lioinaii

121 1957 171 2001 nes
191 1945 295 2002 babere
318 1946 421 2015 solent,
439 1955 541 2003 ornata
565 1945 678 2002 institis
700 1945 855 2002 latioribus
871 1946 950 2002 vario
1007 1947 1121 2016 imperii
1134 1949 1250 2018 recepit,
1265 1954 1293 2004 et
1309 1949 1388 2019 agris
1402 1946 1530 2010 donavit,
1540 1949 1568 1998 et
1583 1944 1705 2000 idoneos
1722 1942 1825 1998 milita·

119 2016 214 2072 colore
236 2018 417 2072 contextis.»
1007 2017 1089 2075 ribus
1115 2021 1209 2089 copiis
1232 2020 1385 2089 ascripsit:
1400 2037 1412 2069 a
1429 2017 1499 2072 adeo
1516 2021 1559 2084 ut,
1576 2014 1686 2085 inquit,
1709 2012 1826 2069 feliciter

154 2087 952 2159 biistusbacinicuncuiarecognosciturusussarma-
1006 2087 1063 2144 sibl
1093 2092 1215 2147 cessisse
1236 2090 1427 2149 calamitatem
1464 2099 1546 2143 suam
1577 2085 1635 2154 ipsi
1664 2084 1824 2147 faterentur,

120 2161 213 2213 tarum
240 2157 269 2212 in
293 2158 422 2215 restibus
444 2160 559 2228 corpori
578 2160 718 2226 astrictis,
740 2166 770 2214 et
784 2159 951 2231 Langobar·
1006 2162 1112 2232 quippe
1133 2163 1183 2230 qui
1198 2162 1376 2218 barbaricam
1397 2159 1539 2215 lenitatem
1560 2157 1690 2212 Romana
1704 2153 1825 2211 libertate

119 2227 223 2283 dorum
239 2228 268 2283 ln
294 2233 413 2285 tonsura
425 2230 596 2300 capillorum
611 2232 742 2286 anterius
755 2244 846 2302 usque
860 2231 894 2286 ad
918 2243 950 2285 os
1005 2241 1173 2289 mutassent.
1197 2235 1252 2288 iiac
1271 2234 1384 2289 ratione
1398 2233 1474 2286 Deus
1489 2227 1630 2298 plurimas
1643 2226 1824 2282 barbarorum

119 2297 356 2355 descendentium
379 2300 503 2370 (qualem
520 2303 607 2358 etiam
620 2303 649 2357 in
662 2303 765 2358 Gotbis
781 2315 816 2358 eii
829 2302 949 2358 sidonio
1039 2308 1102 2360 ntes
1120 2306 1183 2374 ejus
1202 2305 1338 2373 adjunxit
1357 2302 1489 2372 imperio.
1515 2298 1628 2367 Quippe
1642 2311 1678 2354 eii
1699 2297 1824 2354 omnibus

119 2368 281 2437 Apollinari
293 2368 344 2425 iib.
359 2370 512 2438 cepisti,
526 2372 847 2429 observantbcademici
865 2372 949 2428 Paia—
1015 2375 1076 2430 ocis
1091 2375 1177 2443 lopati
1196 2376 1333 2431 continue
1353 2376 1387 2431 ad
1404 2387 1469 2430 euin
1481 2367 1678 2438 accedebant3
1694 2380 1824 2447 quecun

119 2439 174 2494 tini
196 2439 420 2496 Mediolanenses
442 2442 472 2497 in
487 2442 614 2499 editione
639 2443 721 2500 Pauli
746 2444 866 2500 Diacoui
887 2444 949 2499 ioco
1004 2458 1059 2515 que
1084 2447 1159 2515 apud
1190 2447 1269 2516 ipsos
1296 2445 1505 2516 pretiosissima
1532 2438 1686 2507 habentur,
1718 2440 1822 2496 donati

123 2509 320 2566 indicatosuae
332 2512 473 2580 praeciarae
484 2513 664 2570 collectionis
676 2528 771 2570 rerum
782 2516 947 2570 italicarum
1003 2515 1162 2572 alierentes.
1182 2517 1258 2573 ideo
1275 2525 1305 2572 ut
1321 2531 1374 2574 nos
1399 2517 1456 2584 ipsi
1469 2525 1521 2584 pro
1536 2510 1651 2566 loribus
1665 2510 1767 2581 palatii
1782 2521 1823 2563 ia·

122 2585 198 2635 tomo
224 2582 326 2650 primo,
343 2595 405 2652 pag.
421 2580 494 2654 todi,
520 2598 628 2641 necnon
652 2586 682 2640 in
703 2584 768 2641 laxe
798 2587 949 2642 manicatis
1003 2589 1063 2642 rias
1083 2588 1189 2644 lormas
1209 2599 1296 2658 atque
1311 2589 1428 2643 babitus
1441 2583 1744 2641 barbaroriimordine
1760 2588 1823 2634 stau

122 2649 208 2704 lineis
223 2650 386 2714 interculta
411 2654 471 2708 sive
494 2653 621 2710 indusiis
634 2663 663 2710 et
680 2656 708 2710 in
735 2655 949 2726 multiplicibus
1003 2659 1076 2714 tium
1095 2659 1252 2728 aliquando
1267 2657 1508 2729 conspexerimus,
1529 2665 1654 2723 quorum
1666 2658 1696 2709 et
1714 2651 1822 2708 vestitus

121 2720 244 2790 institis,
259 2722 320 2776 sive
334 2721 435 2778 lesciis
450 2738 537 2793 supra
564 2725 656 2780 lineas
671 2725 811 2781 interulas
834 2729 948 2798 corpori
1002 2736 1031 2786 et
1054 2737 1173 2786 ornatus
1195 2731 1295 2799 dispar
1317 2737 1387 2796 erat,
1407 2741 1487 2785 coma
1508 2726 1575 2781 item
1596 2730 1627 2780 et
1642 2723 1731 2780 barba
1752 2724 1822 2792 longe

121 2792 257 2847 universo
282 2794 423 2849 actrlctis.
449 2796 534 2849 ilrma
563 2808 677 2865 quoque
712 2796 765 2851 boc
794 2797 822 2851 in
849 2799 948 2868 sigilio
1003 2801 1171 2857 dissimilis.
1195 2802 1303 2856 Torvus
1330 2808 1472 2871 aspectus,
1491 2803 1520 2853 et
1538 2795 1691 2858 barbarus,
1707 2799 1822 2849 acterro

120 2875 253 2930 expressa
278 2861 397 2919 luerunt
416 2865 642 2936 abangobardis
664 2880 698 2921 ac
725 2867 864 2922 Sarmatis
880 2883 950 2937 pro·
1005 2885 1063 2927 rem
1078 2872 1234 2939 incutiens,
1249 2886 1400 2942 corporum
1425 2868 1551 2926 enormis
1574 2867 1762 2938 proceritas·
1777 2869 1820 2917 etc·

121 2935 231 3015 miscuo
244 2941 393 3003 usurpata,
411 2937 581 3006 quinetiam
600 2937 743 3007 bodieque
757 2951 774 2993 a
790 2938 949 2996 mobilibus
1004 2942 1179 3012 conspectus
1204 2943 1292 3012 buius
1311 2942 1453 2999 icunculae
1467 2938 1695 2998 commentarius
1707 2942 1752 2991 est
1762 2933 1822 3004 opti·

120 3003 417 3061 volocissirmariam
444 3007 639 3064 incolentibus
662 3008 845 3065 adhibentur.
866 3011 949 3068 Ciava
1004 3027 1069 3069 mus
1087 3013 1216 3069 bistoriae
1236 3013 1412 3069 iiusebianae.
1432 3011 1571 3082 Sequitur
1593 3008 1821 3066 bistorlcnsenu·

120 3073 149 3155 in
170 3075 293 3156 'dextera
315 3083 342 3131 et
360 3078 542 3133 manubrium
572 3078 707 3147 bipennis
730 3081 892 3137 Amazonia
915 3083 984 3176 inc
1003 3097 1116 3140 meraris
1133 3086 1268 3154 speciesa
1288 3086 1377 3139 variis
1397 3081 1565 3140 nationibus
1577 3081 1702 3141 oblatas.
1712 3088 1820 3133 coronas

119 3147 437 3228 sinistrapendenstela
452 3155 521 3205 sunt
534 3147 690 3206 familiaria
710 3150 857 3208 nobilibus
871 3153 946 3209 inter
1001 3156 1236 3213 scilicetaureas.
1251 3154 1412 3211 diademata
1434 3167 1554 3225 gemmis
1572 3150 1714 3214 contorta.
1735 3152 1818 3204 ῖὸῑθῡ

121 3215 253 3286 Peloros,
283 3231 333 3286 qui
369 3218 465 3274 eadem
497 3220 643 3290 appeliant
669 3221 770 3294 lingua
792 3227 946 3281 vernacula
1001 3226 1168 3282 barbaricas
1188 3219 1818 3294 auroartioribusintextas,equos,civpe⁰⁸‚

118 3286 278 3340 Raciiecorm
292 3293 320 3342 et
342 3288 452 3344 Rordir.
478 3288 592 3346 Parvam
620 3295 744 3349 securim
770 3293 845 3350 inter
868 3309 947 3352 arma
1003 3298 1100 3353 basias
1119 3297 1229 3368 longas,
1250 3299 1381 3369 sagittas,
1410 3309 1532 3352 arcus.»
1555 3298 1651 3366 Atque
1675 3291 1820 3356 bisdenis,

118 3356 244 3479 ᾗςεῑαῦεῐ
258 3356 398 3439 dntbaris
411 3362 467 3415 ian
489 3360 661 3419 obardorum
676 3379 735 3432 rex,
764 3370 835 3420 teste
860 3366 946 3423 Paulo
1002 3369 1109 3439 lnquit,
1136 3369 1161 3423 si
1183 3367 1338 3423 niticabant
1360 3367 1531 3437 obsequium
1554 3381 1588 3422 ac
1602 3364 1769 3421 societatem
1787 3374 1822 3415 ar·

143 3439 243 3510 iacono
258 3427 309 3482 lib.
335 3442 380 3497 iii,
394 3445 419 3485 c.
448 3376 494 3499 af,
515 3433 550 3514 de
569 3434 665 3490 Gestis
684 3435 945 3508 Langobardorum.
1002 3453 1112 3496 morum
1133 3453 1149 3495 o
1171 3451 1234 3495 erre
1252 3452 1282 3494 se
1304 3439 1470 3508 imperatori
1498 3438 1522 3492 si
1544 3437 1640 3493 vellet.
1662 3434 1715 3490 iiie
1731 3444 1820 3488 veroa

119 3496 216 3578 Fuerit
236 3504 335 3568 itaque
358 3500 500 3559 barbarus
515 3511 570 3560 iste
590 3505 673 3561 miles
689 3507 747 3562 sive
772 3506 831 3563 dux
846 3506 899 3563 boc
915 3509 945 3563 in
1001 3510 1127 3582 singulis
1148 3509 1242 3566 oblata
1255 3510 1410 3579 accipiens,
1429 3523 1462 3564 ac
1474 3521 1625 3578 seponens,
1639 3511 1684 3561 tot
1698 3510 1821 3583 tantaque

117 3567 218 3650 sigillo
241 3581 394 3639 expressus
408 3585 424 3628 e
438 3581 521 3644 gente
544 3577 684 3632 Sarmatis
710 3583 738 3632 et
750 3577 947 3650 langobardis
1000 3583 1044 3638 eis
1058 3581 1186 3637 vicissim
1211 3581 1346 3644 donabat,
1367 3587 1397 3636 ut
1409 3585 1550 3636 momento
1564 3574 1821 3646 temporisditissi·

117 3636 252 3708 finitima,
267 3654 352 3711 quam
366 3643 424 3698 sibi
445 3647 652 3702 constantinus
671 3650 790 3721 Magnus
814 3649 948 3719 adjunxit
1002 3666 1063 3708 mos
1086 3653 1216 3708 redderet
1232 3666 1281 3708 eos
1304 3651 1354 3722 qui
1375 3652 1451 3707 dona
1472 3651 1652 3706 attulissent.
1674 3644 1729 3702 sed
1750 3650 1777 3700 et
1791 3655 1819 3697 ei

6 3765 8 3770 ,
117 3715 145 3762 et
159 3708 275 3765 collatis
286 3712 372 3769 donis
390 3716 577 3785 locupletavit
590 3727 653 3787 post
668 3720 818 3775 victoriam
830 3721 948 3776 Sarma·
1001 3737 1099 3780 eorum
1124 3735 1243 3779 numero
1266 3722 1464 3779 nobilissimos
1485 3734 1616 3791 quosque
1638 3713 1821 3773 Romanisdi·

117 3779 214 3850 ticam,
231 3783 306 3863 etad
323 3789 428 3867 nostrae
444 3787 605 3858 religionis,
626 3791 761 3846 instituta
771 3792 945 3861 capessenda
1001 3793 1164 3867 quitatibus
1185 3795 1315 3856 ornabat,
1333 3794 1402 3850 adeo
1422 3803 1454 3849 ut
1467 3793 1597 3862 plerique
1618 3802 1732 3856 eorum,
1746 3782 1818 3843 obliti

117 3862 168 3904 sua
191 3851 389 3910 munificentia
414 3869 448 3912 ae
465 3858 569 3926 pietate
585 3861 729 3929 perduxit,
756 3863 797 3917 uti
825 3861 948 3934 legimus
1002 3865 1114 3921 reditus
1145 3865 1173 3919 in
1204 3867 1336 3936 patriam,
1375 3865 1422 3920 bic
1443 3863 1518 3933 apud
1553 3876 1605 3918 nos
1646 3869 1818 3915 manerent

116 3921 191 4002 apud
220 3922 376 4006 Eusebium
413 3927 498 3996 paulo
525 3936 589 3998 post
613 3929 799 3987 eliciendum.
836 3934 946 3990 idcirco
1001 3936 1150 3992 luerint.»

116 3996 202 4072 etiam
215 3991 306 4073 airum
319 4009 466 4054 nummum
486 3999 667 4058 Constantini
683 4003 777 4073 ilaqni
790 4017 824 4060 ex
838 4005 946 4060 nostris
1035 4007 1177 4063 Barbarus
1199 4007 1252 4063 iste
1277 4007 1409 4076 princeps
1427 4006 1456 4062 in
1471 4019 1548 4062 aeneo
1563 4003 1665 4074 sigillo
1677 4009 1819 4081 expresitt

115 4062 282 4118 cimeliislii
295 4067 392 4122 eadem
406 4069 509 4126 tabella
523 4073 711 4140 sculpendum
724 4075 945 4144 curavilpraeter
999 4092 1147 4134 nummum
1186 4079 1303 4134 blaxiini
1334 4078 1516 4134 Constantini
1545 4075 1630 4132 vultu
1653 4086 1688 4129 ac
1715 4079 1817 4128 nomine

116 4143 180 4212 euin
204 4139 404 4220 quemecoilo
422 4155 596 4222 ¹suspensum
614 4151 748 4215 tanquam
772 4147 942 4202 niceterium
997 4150 1143 4219 signatum
1159 4155 1250 4221 gestat
1272 4150 1303 4204 in
1325 4156 1446 4220 pectore,
1464 4149 1619 4205 donarium
1639 4144 1817 4202 scilicetcor-

117 4206 253 4261 icuncuia
268 4209 404 4280 ostendit)
421 4225 452 4266 in
467 4226 524 4281 qno
535 4214 663 4270 victoria
679 4216 936 4281 duaexbibentur‚
997 4226 1122 4289 secutus,
1139 4226 1168 4275 et
1182 4219 1301 4276 tortasse
1312 4221 1387 4276 inter
1398 4219 1465 4275 illos
1479 4218 1681 4275 nobilissimos
1710 4211 1817 4270 retemta

116 4285 249 4355 coronam
264 4285 292 4333 et
307 4288 420 4336 scutum
433 4283 532 4352 populi
547 4284 666 4340 Romani
681 4288 756 4342 votis
768 4287 940 4357 inscriptum
996 4292 1052 4347 diis
1065 4305 1136 4362 quos
1152 4291 1288 4348 iiomanis
1301 4288 1495 4363 dignitatibus
1504 4289 1635 4346 ornabat.
1652 4282 1817 4356 perpendent

115 4343 277 4402 detinentes
306 4363 404 4434 supra¹
424 4365 501 4408 aram
526 4356 648 4410 salutari
673 4359 771 4412 crucis
796 4359 880 4429 signo
894 4373 944 4414 in-
997 4362 1049 4417 alii
1067 4375 1133 4418 num
1158 4363 1295 4433 appensio
1311 4362 1495 4418 numismatis
1509 4367 1538 4417 et
1551 4357 1686 4421 niceterli
1700 4357 1815 4431 ejdtdtti

115 4413 266 4494 sculptam,
291 4428 323 4502 ut
349 4431 499 4504 insinuent
525 4426 654 4497 religiosi
666 4429 808 4498 principis
823 4430 945 4499 expedi·
997 4432 1032 4488 de
1045 4433 1119 4489 colio
1139 4432 1231 4490 instar
1255 4435 1379 4503 torquis,
1403 4431 1506 4487 coliata
1525 4445 1590 4488 curn
1606 4441 1721 4502 gemma
1735 4434 1814 4482 mosei

116 4492 209 4541 tiones
231 4495 430 4574 etnvictorias,
459 4509 568 4552 necnon
595 4499 692 4624 Εσριιίί
716 4501 835 4556 bomani
867 4509 941 4566 vota,
960 4483 1179 4560 DOdescalcbii
1212 4506 1432 4561 Constantinum
1460 4504 1556 4573 ipsum
1582 4499 1809 4558 exbibentecun

116 4567 172 4609 non
188 4571 299 4626 spuriis
314 4571 371 4647 uti⁸
382 4572 464 4622 antea
478 4569 591 4623 numini
616 4584 648 4625 us
663 4580 805 4641 suscepta,
821 4572 868 4628 sed
887 4576 944 4627 lieo
999 4576 1102 4646 pensili
1114 4588 1148 4630 eii
1158 4575 1232 4633 collo
1249 4576 1381 4633 orbiculo
1393 4575 1501 4630 Cbiisti
1513 4573 1630 4630 liomini
1643 4576 1814 4645 monogram-

116 4639 181 4681 vero
193 4636 222 4683 et
233 4629 484 4718 salvatori-nostro
500 4639 530 4693 in
542 4640 602 4695 aris
612 4642 675 4711 ejus
688 4656 773 4699 cruce
791 4644 943 4714 insignitis
998 4654 1071 4702 mate
1092 4647 1242 4717 inscripto,
1256 4659 1369 4717 quama
1393 4647 1474 4701 l‘etro
1491 4647 1593 4701 Sancte
1607 4640 1739 4698 Bartboii
1753 4638 1813 4719 inei·

114 4695 221 4781 oblata,
243 4700 334 4786 luisse
355 4706 465 4787 directa
485 4710 519 4764 ad
548 4711 614 4767 tidei
633 4712 806 4770 Cbristianae
831 4714 941 4771 cultum
996 4732 1057 4775 sam
1076 4719 1204 4788 vulgavit
1223 4717 1324 4774 excell.
1357 4718 1508 4773 Bracbiaui
1537 4718 1598 4773 dux
1612 4726 1678 4769 oiim
1694 4705 1813 4783 pirirtlitti

112 4765 240 4826 aderatis
259 4781 347 4830 etiam
365 4779 541 4863 ingentibus
554 4786 781 4856 propagandum.
996 4791 1043 4845 sui
1076 4789 1279 4856 cimeliarchii,
1306 4789 1375 4845 olim
1402 4789 1462 4860 regi
1489 4787 1644 4844 Cbristinae
1670 4785 1812 4841 suecorum

148 4840 211 4920 tion
227 4851 303 4927 esset
323 4845 444 4929 tortasse
457 4852 584 4934 alienum
608 4854 644 4910 ab
658 4855 853 4914 elucidatione
877 4858 943 4914 bis·
997 4860 1113 4931 reginae,
1130 4867 1158 4916 et
1175 4875 1240 4917 cum
1258 4861 1384 4915 nummis
1398 4859 1523 4916 iliorum
1536 4861 1683 4916 caesai-m
1698 4850 1811 4925 ejusdem

114 4913 196 4965 toriae
216 4912 394 5002 Pontificalis
421 4928 451 5004 et
475 4922 649 4981 Christianae
676 4927 827 5001 religionis
852 4929 941 4986 iatius
998 4933 1140 5002 principis
1155 4932 1293 4988 labarum
1319 4928 1559 5000 praeferentibus,
1585 4930 1696 4987 eisdem
1718 4918 1811 4981 titteris

113 4988 241 5065 extensa.
257 5000 306 5056 per
328 4993 664 5076 victoriasconstantini
683 4999 812 5070 Maximi,
840 5014 939 5057 novam
995 5004 1207 5076 consignatum,
1230 5010 1258 5057 et
1280 5001 1314 5055 ad
1338 5001 1441 5058 iisdem
1455 5001 1620 5059 Cesaribus
1634 4996 1809 5057 custoditum,

115 5064 328 5145 provinciarum
350 5062 563 5146 ordinationem
578 5067 614 5123 ab
636 5070 733 5126 eodem
757 5073 942 5141 principein-
996 5075 1136 5144 pertineat
1150 5074 1184 5129 ad
1209 5073 1336 5145 insignia
1356 5076 1561 5143 quinquaqinta
1579 5073 1703 5132 itteram,
1714 5078 1780 5147 (1⁰9³
1798 5073 1811 5115 θ

114 5128 432 5211 siitutaminmomano
460 5139 581 5207 imperio
592 5140 785 5209 considerare,
797 5152 825 5198 et
839 5156 940 5213 eipen·
996 5158 1115 5201 numero
1149 5147 1342 5201 Protectorum
1366 5144 1510 5214 deleuerat
1531 5147 1566 5201 ad
1590 5143 1721 5201 salutare
1747 5131 1808 5216 illul

113 5191 262 5288 decenum
285 5202 354 5284 inde
372 5205 489 5288 suborta
504 5216 545 5263 sit
563 5211 683 5266 mutatio
699 5212 795 5284 aliqua
808 5215 941 5270 ineccle-
995 5217 1110 5287 signum
1128 5216 1296 5271 servandum
1323 5228 1357 5270 ac
1378 5213 1611 5285 praelerendum3
1635 5211 1811 5288 quandoqu-

113 5269 231 5345 siastica
252 5277 582 5352 ,partitionedioeceseon
598 5283 755 5350 praesulum
771 5285 900 5342 Orientis
912 5294 940 5342 et
994 5288 1057 5343 ilem
1073 5295 1101 5344 et
1124 5290 1154 5343 in
1171 5288 1323 5342 liuvennati
1340 5288 1450 5342 musivo
1465 5285 1636 5347 iustiniani.
1661 5278 1810 5353 apiuribus

112 5336 286 5430 occidentis.
303 5343 480 5428 Verumbaec
494 5351 939 5483 nosabriperenilonqiusquam
994 5359 1099 5427 edicto,
1119 5371 1219 5427 nempe
1240 5360 1387 5429 acangio,
1412 5359 1564 5429 Clampino
1588 5357 1727 5426 aliisque,
1751 5360 1809 5421 pro·

114 5415 213 5500 bittit
229 5424 312 5494 icum
334 5429 463 5500 proicime
485 5420 649 5503 subsecutis
664 5428 791 5497 gentium
809 5427 859 5483 bar
880 5443 940 5485 ava·
995 5435 1116 5486 tectores
1131 5431 1174 5485 iiii
1197 5437 1309 5484 scutum
1335 5430 1567 5499 gestantcnrisii
1580 5424 1810 5500 monogrammi&

114 5486 477 5572 idsstincursibus,ciriiis
488 5495 608 5573 partitio
619 5509 770 5568 regnorum
781 5505 809 5553 et
822 5501 936 5569 imperii
996 5501 1168 5571 insignitum
1185 5519 1192 5569 ;
1209 5515 1276 5555 nuni
1291 5514 1356 5555 vero
1370 5502 1501 5572 designet
1514 5501 1683 5558 ioederatum
1702 5501 1810 5565 imperiii

112 5546 941 5643 occidentalisdesitiodominiorumvicissitudineslonee
996 5574 1165 5642 principem,
1203 5586 1266 5627 cum
1295 5573 1635 5644 consuetudogestandae
1662 5565 1811 5642 perstitit

111 5613 240 5696 diversas
257 5627 398 5697 intulerit,
419 5633 847 5707 quibuspariterexpendendis
861 5657 941 5713 pecu·
994 5643 1068 5698 coilo
1093 5645 1230 5715 imaginis
1262 5644 1379 5700 Romani
1410 5645 1593 5713 imperatoris
1616 5645 1756 5712 perducta
1777 5638 1810 5687 ⁵¹¹

111 5685 201 5786 liares
216 5693 354 5752 tractatus
364 5700 549 5781 deberentur.
576 5706 693 5763 irascat
718 5710 792 5765 banc
814 5723 939 5782 spartam
993 5716 1080 5771 etiam
1109 5716 1144 5770 ad
1182 5716 1327 5770 lustinum
1347 5717 1504 5783 seniorem,
1535 5729 1552 5771 a
1591 5725 1649 5784 quo
1683 5707 1811 5769 memorii

111 5759 307 5819 adornandam
319 5768 483 5842 relinquere
507 5776 707 5850 peritioribus,
724 5782 773 5851 qui
799 5785 938 5854 peculiari
992 5784 1225 5843 ioannesiialaia
1242 5787 1576 5858 insuaCbronograpbia
1587 5785 1644 5842 sub
1656 5781 1811 5844 iusticiam
