3892 6136
128 258 197 320 ⁴3ss
735 259 912 317 ANASTASH
933 258 1208 317 etattoittbchttn

1760 261 1828 323 l3ll

126 383 219 454 prinu.
242 381 250 454 (
284 381 395 455 istil).
419 385 482 439 «Et
494 383 670 439 credideram
695 381 809 452 quidem
826 377 1072 450 presby-Asine
1093 383 1282 453 conqueritur
1296 383 1323 438 S.
1351 383 1521 454 Cyprianus,
1542 385 1594 455 qui
1620 398 1675 442 suo
1698 386 1829 455 exemplo

124 459 242 510 teroset
275 456 398 523 iaconos,
412 456 462 524 qui
477 455 539 510 illic
568 457 718 524 presentes
733 457 810 514 sunt,
831 462 943 506 monere
1000 463 1064 505 cunr
1085 465 1100 507 a
1125 454 1300 524 martyribus
1326 460 1429 524 peteret
1455 470 1551 523 preces
1573 471 1624 527 pro
1651 458 1745 524 lapsis
1766 472 1829 512 rnu-

126 537 177 581 nos
192 531 220 581 et
236 526 379 582 instruere
396 526 577 595 pienisssime
589 527 666 580 circa
681 522 826 587 Evangelii
842 521 942 592 legem,
1000 519 1132 589 lleribus,
1148 525 1281 596 designat
1296 539 1378 582 veros
1394 526 1581 594 confessores,
1598 543 1644 596 ep.
1659 526 1707 595 et,
1725 529 1777 598 qui
1803 529 1828 584 in

125 597 203 652 sicut
219 598 248 652 in
263 599 438 666 praeteritum
454 610 563 665 semper
578 596 631 651 sub
645 593 875 650 antecessoribus
889 605 944 647 no·
999 594 1105 648 actuali
1122 596 1267 664 supplicio
1281 597 1444 664 existentes,
1462 599 1572 653 veniam
1591 599 1784 670 largirentur,
1802 605 1829 655 ut

125 668 196 724 stris
207 666 311 722 lactum
323 673 375 735 est,
388 674 418 724 ut
429 668 543 722 diaconi
555 668 589 722 ad
601 679 742 722 carcerem
753 670 943 720 commeantes
999 676 1085 732 supra
1101 666 1210 722 dictum
1228 675 1270 721 est
1286 681 1320 722 ex
1343 669 1371 722 S.
1387 669 1539 737 Cypriano.
1557 671 1595 725 lte
1615 671 1829 726 consuetudine

126 737 270 795 desideria
288 738 422 795 consiliis
436 739 499 794 suis
513 742 541 793 ει
564 739 778 806 scripturarum
795 734 943 805 preceptis
999 736 1666 810 antiquaadnotandiconfessionessupplicia,
1677 747 1707 795 et
1719 741 1828 811 reliqua

128 810 328 881 gubernarent.
356 811 538 880 »augustin
563 809 591 864 in
607 808 747 863 Ereyicut.
763 808 863 862 collat.
882 826 894 856 u
912 806 944 860 Et
1002 814 1157 877 martyrum
1171 809 1318 877 exercitia,
1336 824 1399 880 quar
1416 813 1521 866 notarii
1537 812 1730 883 cotttgebant,
1757 813 1829 867 etde

128 881 276 937 recitatum
292 884 334 936 cst
355 894 371 934 a
394 881 511 936 Donatis
532 880 693 936 Concilium
718 877 806 933 lernae
827 882 944 942 septua-
1001 877 1244 934 subtiaconorum
1261 881 1486 950 praeeminentia,
1511 896 1563 937 seu
1590 883 1765 938 assistentia
1784 884 1828 937 in-

127 952 206 1023 ginta
221 953 419 1077 episcoporum
435 958 531 1006 contra
546 951 728 1006 Caecilianum
743 948 816 1019 apud
833 947 947 1003 Cartha·
1001 947 1097 1030 ducta,
1108 963 1142 1005 ne
1153 948 1232 1005 lraus
1244 952 1437 1021 interveniret,
1447 954 1694 1024 praeterCypriani
1707 953 1828 1009 laudatis

127 1025 221 1094 ginem
242 1035 347 1087 actum,
358 1023 407 1078 ubi
419 1022 858 1086 eumabsentemdamuaaerunt,
871 1017 947 1088 qood
1004 1033 1033 1073 ιιι
1047 1019 1119 1076 ιοειε
1133 1021 1333 1078 adnotationes
1350 1031 1443 1079 exstat
1457 1024 1580 1080 celebris
1600 1024 1685 1080 locus
1701 1024 1825 1092 Eusebii,

127 1094 160 1149 ad
176 1107 224 1149 eos
239 1093 335 1150 tenire
350 1091 851 1164 noluerittanquamatraditorlbus
865 1089 949 1144 ordi-
1002 1091 1052 1160 qui
1080 1093 1258 1148 commendat
1283 1094 1433 1163 epistolam
1469 1095 1604 1151 Ecclesiis
1630 1096 1771 1151 directam
1796 1096 1828 1150 de

128 1172 221 1226 natus.
237 1169 265 1220 ct
284 1166 363 1235 quia,
385 1178 449 1220 cum
473 1170 547 1220 esset
561 1164 712 1231 diaconus,
728 1164 834 1218 victum
847 1159 948 1216 alferro
1003 1163 1179 1232 martyrius.
1193 1163 1287 1219 Pionii
1301 1166 1526 1236 etconscriptam
1540 1181 1574 1222 ex
1587 1165 1749 1238 diligentia
1760 1164 1827 1221 lacta

128 1236 302 1306 martyribus
313 1237 343 1292 in
355 1236 487 1293 custodia
500 1235 669 1292 constitutis
682 1233 948 1304 prohibuissedice·
1004 1246 1053 1302 per
1067 1241 1230 1304 exceptores
1251 1235 1287 1290 ab
1312 1236 1438 1293 Ecclesia
1454 1238 1642 1293 constitutos.
1669 1239 1702 1293 ln
1719 1251 1751 1292 ea
1767 1237 1829 1291 bre-

127 1304 255 1362 batur.»
1002 1305 1077 1361 viter
1097 1306 1198 1361 recolit
1213 1307 1354 1362 Eusebius
1382 1322 1444 1377 quae
1470 1309 1641 1379 pierumque
1665 1322 1683 1364 a
1710 1309 1828 1364 noeriis

160 1379 195 1432 Et
215 1379 280 1445 fecit
298 1392 325 1432 se
345 1382 397 1432 tem
424 1377 614 1443 subdiaconos,
640 1378 689 1447 qui
708 1381 807 1445 septem
831 1374 947 1428 notoriis
1004 1375 1186 1432 notabantur.
1203 1377 1249 1432 Sic
1262 1380 1338 1433 enim
1352 1379 1454 1435 scribit
1470 1380 1489 1435 t.
1507 1394 1543 1450 rt,
1559 1394 1586 1434 c.
1605 1378 1650 1448 to,
1665 1393 1733 1452 pag.
1757 1376 1826 1435 idi:

124 1395 450 1520 imminerentsstgesta
477 1454 633 1519 martyrum
655 1451 683 1504 in
699 1448 810 1518 integro
824 1444 947 1516 collige-
1004 1465 1016 1498 ι
1048 1447 1137 1516 Cuius
1158 1449 1289 1519 singulas
1313 1448 1518 1513 consessiones,
1550 1465 1584 1507 ac
1611 1451 1776 1506 libertatem
1801 1451 1828 1505 in

125 1525 198 1586 rent,
215 1520 485 1576 Clemensinstituit
494 1520 625 1591 singulos
638 1520 765 1576 notarios
779 1532 827 1588 per
839 1523 945 1583 septem
1000 1517 1122 1573 dicendo
1141 1526 1227 1589 atque
1250 1534 1344 1575 coram
1373 1522 1494 1590 populis,
1519 1535 1552 1578 ac
1579 1522 1760 1592 praesidibus
1783 1535 1828 1590 pro

125 1604 154 1647 re
177 1591 256 1647 iones
280 1590 373 1660 Urbis,
402 1592 453 1662 qui
487 1597 642 1661 martyrum
666 1597 744 1662 gesta
770 1589 944 1657 exciperent.
1006 1589 1068 1645 lidei
1083 1589 1367 1647 nostredelenstooe
1383 1593 1564 1664 probarerit3
1583 1595 1743 1649 conciones
1768 1593 1827 1647 item

124 1607 283 1728 Fabianus,
298 1676 332 1718 ne
347 1663 452 1718 notarii
469 1662 530 1718 sine
543 1669 613 1718 teste
625 1665 730 1731 essent,
745 1662 788 1716 eis
801 1658 947 1743 'apposuit
999 1660 1035 1743 de
1052 1661 1236 1743 institutione
1249 1661 1326 1731 fidei,
1355 1670 1487 1731 praterea
1500 1665 1733 1730 cohortationes,
1748 1670 1828 1734 atquc

125 1734 241 1789 totidem
257 1733 449 1790 subdiaconos
469 1734 520 1804 qui
536 1735 579 1789 eis
594 1735 788 1800 imminerent,
800 1730 828 1787 td
842 1737 885 1786 est
896 1743 945 1784 eos
961 1745 987 1807 Β
1003 1737 1197 1800 invitationes,
1212 1733 1244 1788 ad
1259 1735 1371 1804 eosqui
1389 1737 1600 1803 persecutionis
1614 1742 1747 1805 tempore
1761 1735 1827 1804 lapsi

123 1803 315 1875 obscurarent,
329 1819 386 1877 quo
406 1811 483 1877 gestu
500 1812 656 1875 martyrum
673 1806 701 1859 in
722 1807 842 1873 integro.
859 1802 945 1856 idest
1001 1800 1114 1858 iderant
1130 1821 1136 1855 :
1151 1804 1342 1860 allocutiones
1356 1808 1451 1873 etiam,
1468 1813 1496 1862 et
1511 1807 1744 1875 consolationes,
1761 1818 1828 1875 quas

124 1873 234 1945 integra
262 1876 317 1932 ilde
343 1876 558 1947 colligerentur.
587 1877 657 1931 ilinc
680 1876 749 1930 dicti
774 1872 944 1929 subdiaconi
1001 1873 1277 1944 incarcerepositus
1292 1876 1465 1933 adeuntibus
1484 1879 1580 1947 ipsum
1598 1877 1827 1934 fratribusadhi·

124 1947 290 2017 regionarii.
318 1948 448 2003 anastas.
475 1947 503 2002 in
532 1948 660 2019 Vigilo:
686 1967 699 1998 e
732 1945 881 2001 imminere
904 1948 947 1997 est
1001 1944 1155 2015 buit,quae
1175 1947 1322 2015 superbis
1345 1951 1483 2003 tormenta
1508 1954 1698 2020 quantosque
1717 1948 1826 2005 dotores

124 2016 250 2088 aliquem
278 2019 480 2075 observare.»
520 2020 638 2090 Gregor,
672 2016 722 2073 lib.
753 2030 814 2083 vrrr,
860 2015 945 2083 epist.
1001 2017 1364 2074 sustinuerit:ciarorum
1382 2021 1500 2089 insuper
1519 2020 1716 2088 confixiones,
1730 2028 1757 2075 et
1773 2019 1825 2073 mi-

122 2085 182 2142 29:
209 2109 223 2141 e
247 2091 281 2145 Ut
303 2089 385 2145 tratri
409 2096 436 2145 et
458 2090 626 2160 coepiscopo
652 2096 749 2144 nostro
774 2087 859 2142 Decio
880 2092 946 2141 stu·
1002 2087 1120 2141 rabilem
1138 2089 1166 2143 in
1185 2089 1277 2144 medio
1294 2093 1584 2160 rogoconstantiam:
1604 2091 1822 2147 mortemdeni·

122 2158 189 2213 deat
213 2158 372 2217 imminere.
403 2179 415 2211 o
443 2159 474 2229 Q.
502 2163 580 2217 Cart.
612 2160 652 2215 lib
677 2173 704 2214 ιιι
731 2177 737 2213 :
768 2179 781 2210 a
810 2158 856 2213 Sic
895 2168 946 2212 evo
1002 2171 1057 2229 que
1073 2159 1173 2241 ipsam,
1190 2173 1253 2229 quae
1268 2161 1430 2217 rtuncmilla
1448 2162 1589 2218 miracula
1604 2163 1763 2219 subsecuta
1778 2166 1826 2223 est,

125 2228 163 2284 irn
185 2231 246 2287 erio
260 2234 334 2301 quod
362 2232 428 2288 dedi
452 2245 513 2297 nor,
541 2233 686 2288 immineo.
714 2249 726 2280 a
753 2229 882 2284 bmbros.
912 2199 947 2282 3ο
1001 2230 1026 2284 si
1044 2244 1093 2298 qur
1111 2230 1399 2300 votentcognoscere,
1413 2234 1505 2288 eosad
1523 2234 1682 2303 epistolam
1698 2235 1734 2289 de
1748 2232 1827 2288 iltius

123 2244 200 2356 Ode.
216 2301 267 2370 lib,
282 2317 313 2373 u,
330 2317 390 2373 cap.
402 2248 455 2359 bf:
470 2324 483 2356 c
497 2304 590 2375 Agens
602 2304 629 2358 in
645 2302 729 2359 rebus
744 2299 945 2356 imminebat.»
1003 2301 1140 2382 martyrio
1155 2301 1298 2357 uberrime
1321 2303 1510 2371 conscriptam
1524 2306 1727 2364 emendamus.
1744 2317 1823 2375 quaro

1003 2384 1054 2426 nos
1069 2385 1097 2426 ιιι
1109 2385 1193 2441 opere
1205 2373 1240 2428 de
1253 2372 1356 2442 priscis
1369 2375 1552 2445 martyribus,
1570 2390 1700 2446 quorum
1719 2375 1826 2445 passio-

1003 2455 1053 2497 nes
1066 2442 1243 2514 collegimus,
1267 2445 1368 2500 ordine
1393 2460 1446 2502 suo
1476 2448 1669 2503 inseruimus.
1695 2447 1824 2502 «tlorun

160 2518 245 2574 Linea
262 2515 286 2573 l.
307 2518 466 2588 -Septem
487 2518 680 2574 subdiaconos.
703 2517 825 2588 Urgente
847 2514 949 2572 Domi·
1001 2512 1152 2584 diligentia
1168 2513 1298 2571 ellectum
1317 2521 1360 2571 est
1383 2523 1411 2572 ut
1433 2523 1495 2573 acta
1513 2528 1765 2590 martyrumque
1784 2529 1827 2572 re-

125 2589 198 2644 tiani
215 2595 412 2658 persecutione
437 2590 525 2645 sicuti
540 2589 670 2644 Clemens
684 2594 790 2657 septem
819 2586 949 2642 instituit
1002 2584 1116 2640 censuit
1130 2585 1280 2655 Eusebius,
1294 2591 1321 2641 et
1332 2601 1453 2658 quorum
1468 2588 1550 2657 plura
1567 2590 1739 2645 metantius
1758 2589 1827 2644 inse·

122 2660 272 2725 diaconos,
285 2666 315 2714 ut
331 2661 547 2730 quatuordecim
561 2665 713 2728 preessent
727 2659 809 2714 urbis
826 2657 949 2728 regioni·
1004 2659 1064 2711 ruit
1079 2656 1108 2710 ln
1125 2669 1178 2711 suo
1190 2657 1226 2712 de
1241 2665 1452 2726 persecutorum
1466 2660 1609 2715 mortibus
1635 2673 1728 2717 aureo
1743 2673 1827 2728 opus-

125 2729 189 2797 bus,
218 2730 344 2801 singulis
378 2730 461 2790 binas
487 2731 649 2854 assignans,
675 2737 764 2799 utque
792 2735 947 2800 martyrum
1003 2726 1079 2810 culo,
1095 2741 1185 2809 usque
1199 2728 1233 2784 ad
1251 2735 1348 2785 nostra
1369 2739 1496 2799 tempora
1509 2738 1745 2798 assectarentur,
1756 2733 1828 2785 sicut

128 2801 270 2871 praecipue
284 2802 312 2856 in
328 2801 490 2857 carceribus
502 2801 547 2856 inc
563 2813 679 2856 usorum
691 2814 787 2856 curam
800 2800 950 2869 specialio-
1003 2802 1031 2853 et
1045 2798 1167 2853 indiculi
1181 2799 1404 2869 depositionum,
1415 2802 1654 2870 translationum,
1667 2800 1829 2872 Martyrolo·

462 2411 608 2466 nunciat.

126 2886 184 2928 rern
204 2873 385 2942 susciperent
401 2891 407 2926 :
426 2874 465 2928 ita
489 2872 631 2927 Fabianus
645 2871 764 2941 septima
779 2872 908 2935 Deciana,
922 2876 951 2926 et
1003 2869 1125 2994 fflorum,
1138 2869 1253 2940 aliaque
1263 2871 1382 2926 similia.
1396 2873 1424 2927 id
1438 2873 1474 2927 ab
1486 2873 1573 2929 initio
1587 2873 1723 2930 ellectum
1734 2871 1826 2943 probat

124 2945 241 3015 quidem
256 2943 950 3014 saevissimaortapersecutione,septemsubdia·
1025 2940 1174 2996 ertulliani
1192 2941 1264 3009 laus,
1291 2955 1374 3012 qoam
1397 2943 1501 2999 tribuit
1528 2944 1682 3009 Ecclesiis,
1704 2950 1735 2999 et
1758 2941 1825 3014 qnod

124 3028 212 3072 cronos
224 3017 364 3084 instituit,
376 3018 425 3087 qui
438 3023 532 3071 essent
545 3015 650 3085 proprii
662 3015 793 3070 Ecclesiae
804 3015 947 3071 Romanae.
1003 3010 1170 3067 istiusmodi
1194 3026 1262 3068 suos
1277 3026 1381 3069 census
1397 3013 1527 3070 celerant.
1545 3014 1588 3071 hb
1606 3017 1661 3072 hac
1679 3029 1764 3086 porro
1780 3014 1826 3069 Fa-

123 3088 275 3143 Cornelius
292 3088 408 3143 Fabiani
419 3091 494 3155 apud
507 3087 609 3142 Euseb.
626 3087 677 3141 lib.
695 3101 732 3151 vt,
746 3101 771 3141 c.
784 3084 827 3151 ta,
840 3100 950 3142 succes·
967 3081 1090 3167 Cbiana
1109 3084 1292 3166 institutione
1303 3084 1457 3141 deducitur
1469 3089 1564 3142 verior
1578 3088 1664 3158 origo
1679 3087 1828 3165 ministro-

124 3171 173 3216 sor
198 3158 277 3215 iactae
294 3160 498 3229 institutionis,
526 3165 554 3215 et
567 3158 772 3226 perseverantis
787 3172 857 3214 usus
870 3159 951 3214 testis
1007 3168 1082 3221 rum,
1100 3169 1150 3225 qur
1164 3168 1197 3209 ex
1212 3152 1303 3210 officio
1316 3158 1437 3212 notariis
1450 3164 1527 3227 gesta
1542 3158 1745 3214 ecclesiastica
1761 3169 1827 3212 exct-

124 3237 167 3286 est
184 3230 213 3286 in
226 3231 310 3300 epist.
325 3233 360 3288 ad
382 3231 512 3295 Fabium,
529 3230 643 3300 quando
659 3229 766 3285 clerum
792 3230 949 3285 Romanum

125 3308 262 3372 recenset,
278 3303 443 3371 eteiusdem
466 3301 599 3357 Ecclesiae
624 3301 783 3357 ministros.
810 3321 824 3353 e
846 3303 950 3370 inqua

125 3378 218 3429 tamen
234 3373 343 3428 sciebat
461 3373 639 3442 presbyteros
666 3373 781 3441 quidem
795 3386 856 3428 esse
876 3386 950 3442 qua·

126 3449 193 3500 tuor
205 3450 232 3499 et
247 3445 447 3516 quadraginta,
466 3450 572 3514 septem
594 3449 688 3498 autem
713 3444 859 3510 diaconos,
878 3444 951 3499 toti-

125 3515 247 3586 demque
275 3515 490 3572 subdiaconos:
515 3514 663 3585 acolythos
682 3515 755 3570 duos
773 3520 799 3570 et
822 3516 952 3586 quadra-

126 3588 223 3658 ginta,
239 3588 406 3655 exorcistas,
419 3593 447 3642 et
458 3587 578 3643 lectores
592 3586 795 3641 cumostiariis
805 3587 949 3657 qninqua-

125 3658 206 3784 filnta
216 3659 299 3715 duos.
315 3660 374 3713 »ιιι
391 3665 483 3714 tamen
493 3657 584 3713 solunt
596 3657 704 3713 clerum
717 3659 949 3726 proprtedictum

151 3743 282 3786 ornanum
300 3731 438 3786 conflasse
453 3730 598 3792 videntur,
616 3742 679 3784 cum
699 3729 863 3784 exstiterint
882 3729 951 3784 aliis

127 3800 227 3856 iisdem
244 3801 398 3857 ordinibus
414 3800 539 3855 initiatis
553 3818 559 3853 :
573 3799 697 3854 Ecclesia
706 3801 782 3855 enim
798 3800 947 3870 Cartbagi-

125 3874 224 3927 nensis
248 3885 281 3928 ex
311 3871 488 3942 presbyteris
514 3878 541 3926 ct
569 3871 701 3926 diaconis
725 3872 854 3937 condato,
869 3879 950 3927 extra

125 3956 230 4012 corpus
247 3943 318 4000 illud
339 3942 517 4012 presbyteros
544 3941 666 3996 habebat
680 3941 765 4008 aiios,
802 3943 831 3997 ui
848 3943 951 3999 deinde

126 4014 162 4071 ob
178 4015 279 4070 merita
291 4013 539 4084 cooptalranturin
555 4026 705 4068 numerum
722 3958 950 4084 presbyterorum

126 4085 262 4142 Ecclesia
284 4085 531 4155 carthaginensis,
549 4092 580 4140 ut
601 4098 688 4152 supra
715 4085 842 4140 vidimus
856 4091 950 4141 actum

127 4169 192 4212 cum
207 4156 361 4211 Numidico
375 4174 382 4222 ς
394 4160 506 4210 constat
520 4155 658 4210 similiter
672 4169 706 4211 ex
721 4156 818 4211 eodem
833 4156 953 4226 Cypria-

127 4240 173 4292 no,
191 4226 267 4297 quod
282 4225 432 4282 Celerinus
451 4226 552 4284 itidem
569 4233 724 4295 martyrum
749 4227 896 4298 presbyter
918 4227 954 4283 ob

126 4297 278 4368 gloriosam
312 4296 519 4354 contessionem
556 4298 703 4367 repetitam
725 4297 800 4353 intra
824 4300 954 4356 eumdem

126 4369 395 4440 Carthaginensium
415 4368 643 4440 presbyterorum
659 4369 789 4425 ordinem
805 4368 954 4442 luitcoop·

128 4445 218 4496 tatus.

1007 3226 1155 3296 pientibus
1167 3226 1359 3296 imminerent,
1372 3229 1481 3300 quique
1496 3230 1584 3285 veluti
1601 3229 1740 3285 custodes
1751 3233 1827 3283 nota-

1006 3297 1488 3367 riisdati,scrutarenturactorum
1501 3301 1697 3369 identitatem,
1708 3313 1745 3356 ne
1755 3298 1827 3354 iraus

1005 3369 1091 3424 etiam
1119 3369 1148 3424 ln
1171 3368 1389 3425 conscribendis
1416 3371 1613 3427 interveniret.
1642 3374 1674 3428 ιιι
1698 3369 1828 3428 conciliis

1005 3440 1100 3508 etiam,
1112 3446 1141 3495 et
1154 3440 1404 3507 disputationibus
1419 3442 1679 3513 frequentissimus
1702 3442 1829 3499 notario-

1006 3525 1069 3567 rum
1087 3526 1176 3566 usus:
1192 3512 1266 3567 uude
1278 3512 1307 3566 ln
1322 3512 1427 3568 celebri
1441 3513 1667 3580 catholicorum,
1683 3521 1714 3570 et
1728 3511 1819 3570 donati

1005 3589 1115 3639 starum
1131 3581 1468 3655 collationeCarthagine
1490 3583 1599 3654 habita,
1628 3587 1707 3641 inter
1729 3585 1829 3655 primas

1005 3654 1223 3709 sollicitudines
1239 3654 1292 3709 lsta
1306 3663 1498 3727 recensentur,
1521 3662 1593 3725 part.
1608 3672 1631 3723 u,
1654 3670 1682 3711 n.
1702 3654 1737 3713 tu
1753 3675 1760 3709 :
1777 3676 1789 3706 ι
1803 3654 1827 3708 Si

1006 3731 1100 3779 autern
1113 3726 1162 3788 qui
1179 3725 1340 3793 excipiendi
1358 3724 1625 3797 lotrgunturollicio
1629 3769 1686 3782 .....
1702 3725 1827 3798 quaterni

1005 3797 1041 3852 de
1054 3796 1179 3867 singulis
1197 3796 1327 3864 partibus
1346 3798 1547 3867 ecclesiastici,
1571 3799 1681 3856 alterni
1696 3797 1828 3856 debebant

1006 3868 1119 3923 adstare
1135 3867 1239 3922 notarii
1256 3885 1262 3920 :
1279 3881 1399 3931 quorum
1414 3868 1493 3938 tides,
1509 3883 1545 3925 ne
1560 3884 1618 3940 qua
1638 3871 1761 3927 vacillet
1773 3881 1827 3923 arn-

1007 3938 1090 4010 bago,
1105 3939 1236 4005 quaterni
1249 3939 1376 4008 episcopi
1392 3943 1515 4008 partium
1528 3941 1719 4013 singularum
1734 3937 1827 3997 delecti

1007 4024 1125 4066 suorum
1143 4009 1255 4079 judicio
1281 4017 1487 4082 praenotantur,
1515 4019 1547 4067 ut
1565 4014 1683 4070 eosdem
1700 4018 1829 4095 excepto-

1008 4095 1062 4145 res,
1085 4087 1113 4137 et
1129 4083 1255 4136 notarios
1276 4081 1409 4152 pervigili
1424 4096 1457 4138 ac
1482 4082 1608 4139 sollicita
1636 4085 1829 4140 observatione

1008 4153 1180 4209 custodiant.
1201 4153 1295 4208 scum
1306 4161 1400 4208 autem
1414 4155 1589 4209 ecclesiastici
1603 4163 1748 4212 vocentur
1762 4159 1829 4209 nota·

1010 4225 1058 4293 rii,
1075 4237 1198 4294 quorum
1218 4226 1366 4294 proprium
1386 4225 1414 4281 id
1429 4232 1492 4280 erat
1505 4239 1638 4297 munus;
1662 4228 1733 4282 inde
1753 4224 1827 4281 etiam

1011 4296 1181 4352 aelemente
1195 4296 1346 4353 institutos
1362 4298 1489 4353 notarios
1510 4293 1605 4353 luisse
1620 4298 1727 4353 ordine
1738 4297 1827 4366 aliquo

1012 4369 1143 4422 initiatos
1156 4367 1252 4422 dicere
1266 4373 1388 4435 oportet,
1400 4374 1428 4423 ει
1441 4374 1473 4423 nt
1493 4381 1567 4434 reor,
1584 4382 1621 4424 ex
1636 4371 1743 4425 ordine
1756 4367 1827 4422 lecto

1010 4453 1072 4494 rum
1087 4437 1308 4494 assumebantur
1321 4457 1328 4508 ς
1345 4452 1410 4494 cum
1422 4439 1532 4509 Agatho
1547 4454 1640 4509 supra
1655 4440 1791 4497 laudatus
1803 4435 1824 4489 in

163 4511 250 4568 Linea
269 4511 296 4568 ι.
320 4542 356 4552 -
381 4513 434 4578 Qui
459 4515 559 4581 septem
580 4513 696 4566 notoriis
723 4513 903 4583 immitterent,
927 4522 952 4572 et
969 4498 1061 4566 Usuo
1070 4510 1183 4580 epilogo
1198 4515 1305 4564 asserat
1321 4510 1378 4564 sibi
1393 4510 1423 4564 in
1438 4511 1528 4582 gradu
1544 4511 1663 4567 lectoris
1679 4510 1825 4567 constituto

125 4591 201 4651 qesta
221 4590 374 4652 martyrum
389 4587 419 4638 in
431 4585 536 4650 inteqro
548 4584 714 4650 cottiqerent.
729 4585 838 4655 Scopus
852 4589 952 4655 ponti-

81 4681 84 4683 *
128 4655 191 4710 ilcis
212 4655 240 4710 in
267 4656 378 4711 delectu
403 4655 643 4712 subdiaconorum
670 4656 824 4723 indicatur,
851 4671 950 4728 nempe

126 4725 231 4782 electos
247 4725 336 4782 luisse
348 4727 382 4781 ad
401 4727 453 4782 hoc
472 4739 578 4782 munus
597 4726 759 4795 specialiter
773 4727 946 4798 obeundum,

128 4803 158 4854 ιιι
171 4798 294 4854 notariis
308 4812 324 4854 a
337 4799 365 4865 S,
378 4798 519 4853 Clemente
544 4798 698 4866 institutis,
715 4805 868 4869 martyrum
884 4807 946 4858 acta

125 4869 340 4938 excipientibus
354 4868 561 4938 incumberent,
577 4876 604 4924 et
618 4869 733 4942 singula
748 4874 826 4941 gesta
840 4873 870 4925 iu
882 4874 947 4928 intc-

124 4955 173 5008 pro
206 4952 257 4996 seu
283 4940 451 4996 fidelissime
480 4939 650 5013 colligerent
688 4942 753 4997 Erat
786 4945 946 4999 necessaria

124 5011 229 5080 cautio,
246 5011 313 5067 dum
324 5027 357 5068 ex
373 5011 420 5066 his
431 5013 513 5077 actis,
530 5012 633 5068 nedum
646 5010 765 5084 gloriosi
781 5013 862 5070 tituli
875 5029 948 5071 con-

126 5082 286 5140 sessoribus
307 5083 392 5154 (quod
419 5082 545 5152 providae
558 5088 619 5137 erat
633 5085 832 5152 episcoporum
850 5085 945 5156 curael,

126 5168 222 5212 rerum
236 5161 264 5210 et
278 5154 423 5209 coronatis
444 5153 617 5222 martyribus
638 5154 787 5223 condignae
803 5156 901 5213 laudes
917 5159 946 5213 in

125 5225 250 5283 Ecclesia
262 5224 499 5282 decernebantur.
512 5224 651 5292 Specialis
661 5231 754 5280 autern
771 5232 840 5282 tunc
853 5243 948 5296 perur-

126 5298 208 5371 gebat
220 5297 374 5353 necessitas
389 5295 558 5366 invigilandi
571 5296 601 5350 in
613 5297 740 5352 sciendis
752 5302 826 5352 veris
841 5298 949 5355 contes-

37 5423 46 5444 ‚
126 5367 251 5426 soribus.
273 5367 514 5425 discriminandis
537 5381 571 5423 ue
588 5368 624 5423 ab
640 5368 784 5436 reliquis:
806 5369 948 5437 siquidem

124 5454 189 5496 curn
199 5440 234 5494 ob
249 5439 388 5510 martyrii,
400 5445 451 5494 aut
460 5382 652 5495 conlessmms
662 5454 726 5495 aera
739 5441 840 5496 merita
851 5439 949 5497 iacul-

126 5516 169 5568 tas
183 5511 385 5569 concederetur
403 5509 604 5567 subscribendi
619 5511 728 5567 libellis
747 5512 946 5580 poenitentium

124 5583 159 5640 ad
174 5583 343 5639 relaxandas
358 5595 456 5652 poenas
482 5581 637 5653 (adquam
663 5589 757 5638 tamen
783 5582 947 5640 laenitatem

125 5652 309 5709 obtinendam
337 5653 539 5724 requirebatur
560 5665 637 5722 rora,
654 5666 740 5709 causa
755 5652 948 5711 consessionis

126 5721 259 5794 probatae,
285 5723 441 5795 patientiae,
469 5730 497 5781 et
526 5722 719 5793 tortitudinis)
752 5726 848 5796 piures
875 5740 949 5784 con-

125 5792 270 5877 tingebant
305 5795 408 5850 merita
434 5796 469 5851 ad
508 5796 725 5868 prerogativam
760 5796 817 5853 sibi
847 5798 949 5854 vindi-

113 5867 237 5931 modam
249 5862 502 5938 subscriptionum
515 5865 682 5927 libellorum
698 5865 755 5925 :de
767 5881 824 5941 quo
845 5867 948 5941 sepis-

1006 4584 1101 4639 datam
1119 4580 1294 4651 provinciam
1310 4588 1396 4660 sextae
1409 4581 1509 4652 synodi
1526 4587 1590 4639 acta
1603 4583 1781 4654 excipiendi.

1270 4669 1354 4725 ΒιΝιι
1372 4671 1414 4725 ET
1430 4670 1559 4726 LhBEEt.

1040 4745 1125 4799 Linea
1138 4739 1164 4797 2.
1182 4772 1216 4780 -
1238 4742 1373 4810 Martyria
1401 4746 1557 4796 coronatur.
1591 4743 1683 4801 Initio
1707 4741 1824 4799 omnium

1000 4815 1189 4873 atrocissimae
1204 4813 1412 4881 persecutionis
1441 4812 1523 4867 itlius
1547 4827 1636 4884 quam
1658 4813 1820 4871 Deciusim

1002 4894 1114 4960 perator
1125 4887 1167 4941 ira
1179 4890 1207 4939 et
1218 4885 1327 4938 invidia
1343 4884 1482 4939 incitatus
1495 4885 1623 4941 induxit.

1037 4960 1123 5014 Linea
1136 4955 1163 5011 ι.
1184 4985 1220 4996 -
1233 4958 1281 5010 liic
1296 4957 1417 5023 regiones
1441 4955 1537 5010 diomit
1551 4956 1730 5013 diaconibus.
1750 4958 1823 5012 ideo-

1003 5044 1058 5100 que
1072 5043 1105 5084 ex
1119 5027 1212 5084 officio
1227 5027 1338 5080 diaconi
1361 5028 1512 5094 repioanrii
1525 5028 1668 5096 appellati
1682 5035 1762 5094 sunt,
1779 5024 1821 5097 qui

1003 5102 1033 5157 in
1046 5099 1170 5156 concilio
1183 5098 1309 5152 Romano
1324 5099 1344 5151 ri
1358 5096 1413 5152 sub
1431 5098 1574 5168 sylvestro
1595 5112 1658 5169 cap.
1678 5099 1697 5156 6
1716 5097 1822 5156 diaconi

1001 5171 1130 5229 cardinal
1149 5170 1261 5225 setiam
1279 5168 1419 5223 nominati
1436 5170 1639 5239 requiruntur.

1039 5243 1124 5298 Linea
1144 5241 1169 5295 6.
1193 5269 1229 5279 —
1247 5241 1352 5308 Moyses
1374 5242 1557 5295 ethonomus
1582 5244 1751 5312 presbyteri.
1774 5243 1825 5295 lto-

1004 5328 1093 5370 manm
1110 5310 1240 5367 Ecclesiae
1263 5310 1441 5380 presbyteros
1455 5318 1484 5368 et
1505 5311 1699 5382 confessores,
1730 5324 1824 5381 eosque

1004 5387 1080 5442 ultra
1100 5395 1206 5439 annum
1231 5383 1259 5436 in
1286 5395 1406 5438 ,carcere
1423 5384 1554 5440 detentos
1580 5386 1687 5440 misere
1712 5385 1824 5440 afflictos

1004 5458 1104 5520 luisse,
1130 5454 1233 5510 littere
1253 5452 1389 5524 Cypriani
1415 5455 1449 5509 ad
1479 5454 1565 5510 hosce
1588 5454 1776 5515 consessores.
1803 5459 1826 5506 et

1001 5525 1238 5590 contessoramad
1250 5525 1434 5594 Cyprianum,
1457 5529 1601 5582 testantur
1615 5528 1687 5583 Vide
1706 5526 1825 5599 epistolas

1003 5600 1137 5670 cypriani
1154 5595 1196 5660 td,
1217 5594 1263 5663 ed,
1280 5595 1325 5662 ad,
1340 5594 1386 5650 3l.

1321 5683 1515 5740 EthCtttNt.

1258 5785 1335 5828 nora
1351 5786 1575 5830 cunonotosrce.

1037 5867 1140 5925 Eodem
1156 5862 1308 5922 consulatu
1324 5877 1380 5934 qno
1394 5861 1492 5920 boteri
1508 5877 1586 5921 mors
1601 5865 1722 5938 signata
1733 5873 1774 5927 est
1785 5868 1826 5925 die
