3892 6136
53 266 123 326 ⁴32⁴
483 266 643 327 discocti
661 271 707 326 bit
725 270 813 327 vltis
831 266 915 326 Rom.
937 270 1035 326 PONL
1057 298 1093 312 -
1110 270 1137 326 S.
1158 269 1327 326 CALIXTUS
1682 267 1753 329 iiis

53 391 149 462 igitur
166 390 229 459 elus
256 390 399 461 martyrii,
416 403 472 447 non
493 396 554 463 pist
567 392 626 448 dies
652 406 713 449 xvii
729 392 755 449 le
775 393 880 450 endum
895 394 922 455 Α
938 395 966 451 in
982 394 1078 452 eodem
1095 393 1257 451 caemeterio
1276 391 1393 456 Callisti,
1407 397 1435 448 et
1447 391 1547 450 lilibus
1565 393 1687 466 Rugusci
1704 409 1754 452 re-

52 463 191 517 arbitror.
202 460 294 528 Quare
310 463 479 532 martyrium
492 465 643 532 spectatad
655 464 730 521 diem
748 409 881 521 gotobrls
936 475 1069 522 censetur
1083 466 1217 521 memoria
1239 463 1430 534 depositionis
1441 466 1569 518 Pontiani
1580 468 1610 519 in
1623 468 1749 532 callisti,·

54 530 101 602 43,
117 533 258 588 extractio
280 541 394 602 eputeo
422 538 450 588 et
469 534 562 591 illatio
579 535 607 589 iu
636 536 832 591 coemeterium
844 536 878 590 ad
958 538 1053 593 uiduo
1074 536 1249 607 martyrioet
1262 534 1428 603 pontificatu
1446 536 1608 604 praecedunt
1621 535 1750 593 Lucium.

52 603 132 660 diem
148 598 181 657 ii
195 621 202 656 ι
218 608 249 658 ut
262 603 345 673 plane
356 603 528 674 sintabejus
538 606 771 661 ordinationead
782 611 882 677 marty·
933 551 1026 676 guare
1039 621 1103 664 cum
1130 606 1303 663 haberentur
1314 606 1371 674 jam
1386 611 1445 661 tum
1459 606 1620 676 complures
1630 606 1752 678 catalogi

54 675 133 730 rium
160 674 229 729 anni
264 689 289 741 v,
314 688 423 731 menses
447 689 478 743 ii,
505 677 568 731 dies
590 690 619 747 x,
635 677 762 733 omnium
787 677 880 733 docti·
935 679 1036 748 scripti
1051 679 1125 734 circa
1136 677 1369 733 mediumsaeculi
1384 677 1532 747 quarti,in
1549 677 1755 748 quibusappa-

55 749 219 801 mentorum
247 744 385 816 suffragio
412 746 587 816 comprobati
604 766 613 801 .·
641 747 878 818 quemadmodum
935 757 999 805 rent
1011 748 1295 806 commemorationes
1311 747 1431 804 istorum
1445 755 1600 818 martyrum
1611 754 1639 804 et
1655 748 1754 817 ponti-

54 816 211 887 signantur
238 815 267 869 in
295 816 417 885 picturis
432 823 460 873 et
472 818 622 874 codicibus
642 823 670 874 et
693 819 833 892 catalogis
845 819 881 875 de
935 820 1019 876 ticum
1035 821 1120 876 bisin
1137 819 1308 875 coemeteriis
1320 818 1372 874 diu
1392 824 1458 874 ante
1474 820 1614 875 institutae
1628 837 1636 889 3
1649 825 1754 875 etcum

55 886 166 959 quibus
177 888 253 942 inter
270 887 470 958 Prolegomena
934 891 1255 961 exlitterisS;cypriani
1268 888 1487 946 relatisinnotis
1497 891 1565 946 ads.
1575 889 1755 958 anacletum,

936 960 1757 1019 ⁰

94 1098 181 1154 Linea
201 1095 404 1155 l.-Natione
431 1101 577 1164 Romanus,
604 1116 638 1156 eu
656 1106 738 1172 patre
754 1103 877 1169 Domitio,
935 1105 1058 1176 vigente,
1073 1102 1470 1160 utannuadierecoierentur
1484 1102 1756 1159 cumoblationedi·

55 1169 91 1225 de
104 1171 213 1238 reqione
226 1169 293 1223 urbe
318 1172 498 1225 Rauennatis.
512 1173 532 1225 E
547 1177 630 1242 gente
646 1175 769 1230 Domitia
781 1180 880 1229 natuiii
936 1176 995 1231 vini
1011 1175 1147 1230 sacrificii
1171 1174 1315 1229 memorias
1341 1180 1496 1242 martyrum
1511 1192 1519 1244 3
1534 1173 1689 1230 infeliciter
1701 1174 1756 1230 ad-

55 1239 161 1296 asserit
174 1239 327 1295 Callistum
350 1241 384 1297 de
397 1243 513 1312 regione
527 1244 603 1298 urbis
618 1245 815 1298 Rauennatium
825 1257 881 1312 ap·
936 1246 1050 1302 modum
1060 1245 1361 1316 argutaturburnitus
1371 1245 1424 1300 ine
1447 1245 1645 1301 istoiisdesuo
1656 1244 1755 1300 italico

56 1311 173 1382 pellata.
186 1312 216 1365 ln
234 1311 349 1382 regione
360 1311 442 1366 urbis
454 1325 501 1366 xiv
518 1313 672 1385 Augustea,
686 1316 881 1370 transtiberim
936 1317 1039 1372 itinere
1052 1329 1158 1384 negans
1172 1313 1231 1370 baec
1245 1317 1405 1371 caemeteria
1422 1261 1512 1372 fuisse
1528 1315 1755 1372 Christianorum

55 1382 149 1442 diota.
177 1395 241 1451 quae
258 1387 302 1436 est
324 1386 403 1437 sexta
426 1383 505 1454 regio
526 1384 720 1442 ecclesiastica
735 1386 829 1456 (supra
850 1387 881 1438 in
936 1387 1038 1444 usibus
1049 1388 1185 1456 deputata
1200 1391 1267 1440 ante
1281 1386 1414 1455 quintum
1431 1387 1580 1442 seculum.
1593 1388 1688 1442 Docte
1702 1388 1756 1442 Pa-

58 1451 265 1523 Proleqomenis)
296 1451 394 1508 bortos
424 1455 537 1508 Ramitii
568 1468 584 1510 a
620 1456 737 1513 Publico
768 1457 880 1511 Victore
934 1459 976 1529 gii
994 1464 1066 1514 notae
1079 1457 1169 1512 crassi
1191 1456 1300 1512 erroris
1311 1458 1440 1513 eumdem
1456 1458 1556 1514 merito
1573 1456 1756 1515 notant:cui

57 1523 216 1580 collocatos
228 1522 380 1578 observant
393 1524 553 1594 antiquarii
572 1529 619 1581 :et
633 1532 724 1582 eastra
739 1530 879 1583 Rauenna·
936 1529 1116 1590 revincendo,
1131 1527 1320 1583 cievertendo
1330 1529 1654 1600 satisestquotidianum
1667 1541 1756 1595 expe-

57 1597 129 1649 tiiim
141 1594 171 1648 in
184 1594 280 1649 eadem
296 1607 326 1648 re
348 1594 412 1650 ione
435 1596 574 1652 similiter
587 1600 718 1653 statuunt
742 1610 806 1653 cum
822 1599 881 1653 Do-
936 1599 1091 1656 rimentum
1105 1597 1335 1653 Christianarum
1352 1599 1587 1668 inscriptionum,
1603 1601 1632 1655 in
1648 1600 1755 1656 eisdem

59 1672 128 1721 nato
139 1664 190 1720 lib.
209 1677 240 1719 iii
256 1664 291 1720 de
305 1679 338 1719 ur
359 1666 481 1735 elioma,
499 1681 562 1737 pag.
578 1664 640 1736 3¹0,
651 1668 881 1739 aliisqueaucto·
936 1670 1107 1727 caemeteriis
1119 1669 1332 1724 occludentium
1344 1668 1455 1726 loculos
1468 1668 1668 1726 defunctorum
1684 1688 1690 1725 :
1707 1668 1756 1725 ubi

60 1735 153 1791 ribus.
163 1732 502 1805 Quarepotuitcaliistus
512 1738 659 1794 bocetiam
672 1738 879 1795 nomineiiindi
896 1761 921 1823 Β
937 1739 1040 1812 sinapis
1056 1737 1218 1796 manifestat
1232 1744 1330 1795 etates
1344 1741 1508 1809 superiores
1530 1755 1579 1810 per
1589 1741 1773 1798 consulatus·

58 1806 94 1862 ad
112 1807 803 1877 gentemsuamltomitiampertinentisTitulum
822 1811 882 1865 Ro·
938 1811 1044 1867 ibidem
1075 1810 1246 1879 insculptas.
1272 1810 1432 1867 blirandum
1457 1810 1583 1880 proiecto
1602 1819 1654 1883 est,
1681 1811 1756 1882 quod

61 1889 176 1933 manum
193 1877 223 1931 in
247 1876 298 1932 iilo
321 1878 441 1949 erigere,
457 1881 508 1950 qui
523 1880 702 1947 postmodum
716 1880 877 1936 basilicas.
936 1882 1243 1947 oculatusisteviator,
1254 1883 1304 1950 qui
1316 1882 1585 1938 eruditioniscausa
1596 1887 1640 1939 tot
1653 1883 1758 1938 itinera

60 1947 881 2023 tlariaelranstiberim,etcallistlacandttorepromiscue
936 1954 1074 2024 suscepit,
1088 1957 1116 2007 et
1132 1951 1215 2007 basce
1229 1959 1343 2021 cryptas
1355 1953 1465 2023 ingredi
1477 1966 1510 2008 ac
1522 1953 1696 2022 perlustrare
1708 1966 1760 2008 re-

60 2024 256 2088 nuncupatur.
272 2020 466 2075 bonativerba
479 2025 566 2077 sunt:
584 2021 663 2077 «Sub
680 2022 880 2092 lpsotaniculo
936 2022 1003 2093 init,
1017 2037 1072 2081 iion
1093 2023 1257 2090 attenderit,
1282 2022 1381 2078 saltem
1403 2025 1565 2093 Hieronymi
1583 2025 1758 2090 testimonio,

61 2102 120 2145 non
139 2089 241 2145 borum
257 2094 366 2147 tantum
384 2091 602 2149 Vitellianorum
624 2096 804 2162 temporariae
818 2098 882 2150 sta-
935 2096 1010 2165 qoud
1028 2096 1133 2163 inipso
1148 2095 1280 2163 ingressu
1292 2095 1447 2150 coemeterii
1456 2095 1568 2153 Callisti
1586 2095 1660 2151 intra
1675 2094 1761 2151 eccle·

61 2160 167 2228 tiones,
177 2163 223 2216 sed
236 2174 372 2229 perennes
388 2163 514 2219 militum
526 2169 606 2220 erant
618 2164 760 2221 institutae
772 2164 807 2221 ab
818 2167 882 2220 iiu-
936 2165 1007 2221 siam
1021 2167 1048 2222 S.
1064 2165 1225 2222 sebastiani
1234 2170 1314 2220 extra
1336 2179 1431 2222 muros
1443 2166 1559 2235 provide
1573 2166 1758 2222 incidendum

60 2236 248 2303 gustocastra
259 2233 545 2290 Rauennatiumdicta
560 2248 676 2305 3nempe
687 2234 881 2305 militnm,qui
936 2243 1078 2294 curarunt
1092 2236 1220 2305 ejusdem
1240 2235 1367 2292 ecclesiae
1393 2237 1558 2320 praepositi:
1575 2237 1624 2292 nbi
1642 2244 1761 2294 sanctus

60 2300 183 2358 classem
199 2303 337 2358 Ravennae
352 2303 520 2360 collocatam
532 2305 686 2363 tuebantur
696 2309 729 2361 ad
743 2305 885 2363 detensio-
937 2309 1037 2365 doctor
1051 2306 1176 2365 afirmat
1199 2319 1229 2362 se
1249 2319 1367 2375 puerum
1382 2307 1542 2363 studiorum
1567 2321 1653 2364 causa
1667 2309 1763 2363 Roma

61 2385 129 2429 nem
144 2373 241 2442 superi
257 2374 354 2428 ilaris.
370 2374 489 2443 (Sueten.
508 2379 537 2430 in
553 2380 628 2445 Rup.
646 2391 672 2432 c.
687 2374 739 2447 ii).
756 2378 790 2433 lii
805 2378 884 2433 olas·
939 2385 1097 2436 versantem
1117 2377 1203 2462 (quod
1219 2376 1274 2431 sub
1302 2377 1420 2435 initium
1438 2379 1535 2449 quarti
1551 2378 1650 2435 saeculi
1672 2378 1764 2435 tuisse

62 2443 149 2500 siarii
166 2446 310 2499 venientes
328 2444 363 2500 ad
379 2444 481 2501 Urbem
506 2446 546 2502 ibi
570 2447 675 2503 stativa
691 2447 841 2509 habebant.
857 2452 884 2503 et
939 2450 1061 2521 constat)
1097 2448 1201 2504 diebus
1227 2449 1386 2504 Dominicis
1419 2463 1484 2505 cum
1510 2450 1573 2506 suis
1602 2449 1764 2522 aequalibus

62 2513 100 2570 ad
114 2514 177 2582 bos,
193 2515 254 2570 sive
267 2514 342 2570 alios
352 2516 477 2570 Taberna
491 2520 640 2584 meritona,
659 2518 795 2575 ubinunc
804 2518 885 2573 AEdes
941 2522 1000 2577 liaec
1024 2532 1105 2576 sacra
1128 2521 1188 2574 loca
1213 2522 1368 2588 martyrum
1397 2519 1628 2589 depositionibus
1660 2519 1764 2577 retenta

61 2585 94 2641 S.
119 2586 217 2640 llariae
249 2586 445 2640 transtiberim
475 2588 660 2657 pertinebat:
689 2589 765 2645 unde
791 2590 886 2646 oleum
942 2592 1060 2648 visitare
1073 2588 1265 2648 consuevisse.
1285 2591 1386 2646 Verum
1411 2591 1482 2646 tanti
1499 2604 1553 2646 non
1579 2598 1624 2646 est
1640 2592 1763 2647 Riirneto

62 2655 223 2712 abundead
238 2656 358 2712 tiuvium
380 2671 469 2728 usque
484 2659 807 2716 tinxisseccclesiastioa
823 2673 888 2715 ιιιο·
942 2664 972 2719 in
987 2676 1038 2718 sua
1058 2660 1222 2718 voluntaria
1234 2660 1361 2716 cecitate
1382 2671 1482 2721 contra
1509 2659 1576 2716 iacti
1592 2661 1764 2718 evidentiam

64 2731 202 2782 numenta
213 2727 365 2797 prodidere
378 2729 649 2796 :etconstansiama
663 2730 889 2802 designatosque
943 2730 1250 2802 saeculapostponenti,
1259 2736 1324 2786 nota
1335 2737 1500 2787 sanctorum
1512 2732 1627 2787 Petrum
1640 2733 1767 2790 testimo·

67 2797 98 2853 in
116 2797 221 2866 templo
235 2799 386 2853 maximam
400 2800 455 2854 sub
476 2814 553 2856 aram
571 2800 661 2871 locus,
677 2801 824 2869 veterique
835 2801 889 2857 lioc
944 2804 1002 2869 nia,
1019 2808 1048 2858 et
1059 2801 1215 2872 aequalium
1232 2801 1472 2858 monimentorum
1487 2802 1658 2860 documenta
1672 2803 1766 2859 incla-

66 2869 156 2924 tltulo
167 2872 283 2925 notatus
298 2870 365 2923 Fons
378 2870 439 2936 alei,
456 2870 570 2927 abunde
584 2877 735 2928 testantur.
746 2872 888 2941 Quoniam
946 2887 1033 2931 mare.

42 2951 134 2995 iero
161 2940 325 3010 principatu
345 2940 487 2995 Cesaram
513 2943 669 2998 rarissime
692 2944 891 3012 expeditiones
1276 2941 1435 2998 cliiiiONll.

65 3009 230 3076 maritima,
247 3011 891 3084 Ravennatesclassiariitrequenteserantin
982 3014 1067 3070 Linea
1089 3011 1229 3068 b—lli‘c
1252 3015 1393 3067 coristitui‘t
1411 3012 1611 3081 jejunatumiiie
1643 3013 1768 3069 sabboti.

66 3080 152 3145 Urbe,
178 3080 314 3150 ludisque
335 3081 396 3137 vola
408 3082 552 3139 ducebant
567 3085 595 3140 in
622 3085 741 3141 tlieatro.
758 3081 927 3153 lampii-G
944 3085 1082 3142 Callistus
1098 3081 1226 3151 pontifex
1248 3083 1277 3137 in
1301 3089 1380 3138 tanta
1392 3097 1485 3139 rerum
1501 3083 1725 3154 perturbatione,
1740 3090 1769 3141 et

66 3151 137 3208 dius
152 3152 182 3207 in
206 3152 360 3208 Commodo
374 3172 383 3206 .·
397 3172 410 3205 i
424 3155 551 3221 irritum,
583 3156 689 3226 inquit,
719 3156 748 3211 id
773 3159 892 3210 credens
948 3152 1639 3227 nimioluxuimperiilleliogabalinequaquama
1653 3155 1770 3225 propria

65 3220 259 3304 (Commodus)
278 3235 295 3277 a
314 3222 419 3348 populo
444 3226 579 3295 Romano,
601 3239 616 3281 a
642 3226 788 3281 militibus
814 3225 894 3280 clas-
949 3227 1084 3282 instituto
1097 3223 1249 3279 dedectens
1256 3224 1368 3294 jejunia
1382 3229 1504 3292 quatuor
1516 3226 1770 3294 temporuminsti-

66 3293 179 3363 ciariis,
206 3307 256 3363 qui
278 3306 312 3348 ve
325 3306 341 3349 a
353 3294 506 3364 ducebant,
525 3296 654 3352 interimi
679 3300 861 3366 praeceperat.
878 3312 892 3346 i
949 3299 1017 3364 tuit,
1031 3296 1074 3350 vel
1090 3295 1187 3364 potius
1202 3296 1357 3361 renovavit,
1370 3294 1570 3350 liebraeisolim
1588 3295 1728 3365 injuncta.
1741 3297 1770 3352 in

67 3365 282 3422 llaecbonatus.
950 3367 1069 3424 vernale
1083 3365 1206 3430 scilicet,
1226 3365 1371 3432 AEsttvate‚
1393 3365 1614 3433 natumnatum
1628 3367 1771 3437 llyemale,

105 3437 206 3491 llissus
221 3436 422 3491 Rauennatium
435 3437 566 3493 meminit
586 3437 740 3508 inscriptio
763 3437 794 3492 L.
812 3434 893 3492 Furii
950 3437 1057 3509 quibus
1074 3434 1253 3505 temporibus
1267 3437 1403 3503 deinceps
1420 3437 1493 3492 ratio
1507 3444 1671 3493 senmurum
1687 3438 1772 3495 ordi·

68 3507 101 3564 1..
120 3507 150 3562 R.
173 3504 230 3576 pal.
248 3506 373 3562 Victoris
392 3509 467 3577 apud
491 3507 540 3564 iol.
555 3509 710 3565 Gruterum
729 3520 849 3579 ccccxiv,
867 3511 895 3562 et
951 3523 1018 3565 num
1041 3506 1201 3577 nubtura,
1214 3521 1278 3562 cuni
1294 3514 1375 3562 antea
1391 3506 1419 3562 td
1441 3507 1557 3577 quidem
1574 3509 1772 3566 antummodo

69 3576 247 3634 Panvinium
263 3577 298 3632 de
324 3577 394 3632 urbe
418 3580 505 3635 Roma
535 3593 596 3649 pa.
623 3576 685 3649 tia,
709 3579 759 3651 qui
784 3579 896 3634 dicitur
950 3577 1097 3636 Decembri
1117 3590 1212 3632 mense
1226 3577 1287 3632 lieri
1304 3579 1510 3634 consuevisset.

67 3651 156 3704 missu
169 3649 368 3703 &ommatium
383 3655 548 3718 procurator
569 3595 630 3704 fuiti
643 3652 746 3719 magni.
765 3647 896 3705 Asflrmat
986 3651 1069 3705 Linea
1083 3647 1110 3712 5,
1124 3648 1151 3703 6.
1168 3650 1264 3702 -Hic
1276 3650 1340 3715 sicit
1356 3649 1497 3702 basilicam
1506 3653 1585 3703 trans
1601 3649 1728 3705 Tiberim.
1741 3651 1770 3706 ln

67 3718 192 3776 Caralim
205 3719 302 3774 Piazza
322 3719 353 3774 in
379 3721 525 3777 llierarcb.
543 3721 683 3777 cardinal.
697 3721 826 3794 agensde
843 3720 895 3776 boc
951 3720 1086 3776 bonorem
1103 3718 1216 3774 scilicet
1237 3720 1265 3772 lt.
1288 3719 1417 3791 Virginis
1433 3737 1440 3773 ι
1456 3725 1619 3775 nontamen
1642 3721 1772 3777 creditur

69 3789 158 3847 titulo
169 3803 232 3860 pag.
247 3786 309 3844 aot.
323 3789 461 3847 blondum
473 3793 601 3848 Flavium
617 3791 782 3849 observasse
795 3792 824 3846 in
836 3791 896 3846 ali·
952 3793 1001 3857 illa
1011 3803 1083 3859 esse,
1100 3803 1164 3856 quac
1180 3789 1329 3845 laodiciam
1340 3789 1462 3846 celebris
1474 3797 1502 3846 et
1516 3792 1610 3859 ampla
1620 3792 1751 3848 cernitur
1764 3810 1772 3862 3

71 3861 288 3944 quotbctisb's.
300 3868 455 3931 martyrum
469 3863 542 3919 banc
553 3862 701 3918 basilicam
715 3864 743 3919 S.
753 3864 897 3917 Rl.Trans·
950 3876 1015 3918 cum
1029 3875 1061 3917 ea
1074 3865 1239 3929 tempestate
1259 3860 1294 3916 ob
1310 3860 1424 3916 crebras
1440 3862 1772 3930 persecutionesocculta

71 3930 192 3989 tiberim
206 3932 303 3986 iocari
327 3933 535 3988 Rauennatium.
559 3936 589 3989 ln
611 3935 708 3990 eadem
722 3946 835 4004 quoque
848 3947 896 3989 rc·
950 3938 1046 4002 essent
1068 3934 1165 3987 omnia
1188 3931 1303 4001 sacella,
1319 3939 1405 4002 atque
1424 3932 1520 3988 eadem
1540 3931 1649 3999 abdita,
1669 3940 1696 3989 et
1710 3934 1774 4002 ple-

71 4003 158 4075 gione
171 4001 380 4058 Transtiberim
391 4005 544 4060 convenire
556 4006 738 4060 consuevisse
752 4005 782 4058 R.
804 4003 896 4059 Calli·
952 4016 1073 4073 rumque
1083 4001 1277 4072 subterranea,
1295 4015 1379 4084 quam
1399 4003 1507 4072 apertis
1522 4002 1551 4056 in
1568 4003 1648 4071 locis,
1665 4018 1697 4059 ac
1714 4004 1773 4074 plu·

71 4079 149 4131 stum
171 4075 203 4126 iu
224 4071 301 4127 domo
327 4075 456 4129 Pontiani
480 4079 552 4129 circa
573 4082 664 4130 castra
695 4077 897 4131 Rauennatium
952 4073 1045 4142 ribus,
1064 4073 1172 4128 tierent.
1197 4072 1360 4129 Oratorium
1376 4074 1476 4145 igitur,
1494 4073 1536 4128 vel
1558 4074 1772 4130 iiumilesacel·

71 4144 296 4200 testanturbcta
313 4145 441 4213 eiusdem
458 4147 599 4216 martyrii,
615 4147 759 4203 custodita
770 4147 799 4201 in
813 4145 895 4201 codi-
953 4143 1298 4213 luminiilaessepotaii,
1311 4145 1385 4214 quod
1396 4145 1429 4198 ad
1445 4144 1771 4201 ministeriaCbristiani

71 4213 342 4285 assuescamus,
359 4216 429 4271 etin
451 4215 668 4286 vallicellianis,
686 4231 749 4288 quae
765 4216 898 4272 laudatus
953 4215 1052 4286 populi
1068 4216 1231 4284 inserviret,
1255 4227 1310 4269 non
1335 4216 1410 4285 quod
1428 4215 1462 4270 ad
1481 4215 1619 4270 invidiam
1638 4216 1773 4273 b‘tbnicos

71 4286 172 4341 Piazza
197 4291 323 4341 recenset
352 4300 415 4358 pag.
439 4285 488 4342 biii
509 4306 515 4342 :
535 4287 604 4343 crib
630 4289 728 4344 eodem
749 4289 796 4343 die
812 4287 898 4355 roepit
954 4289 1092 4342 irritaret.
1106 4287 1140 4340 Et
1155 4283 1333 4341 forsaniliud
1346 4286 1647 4357 t'uittemplumquod
1664 4288 1774 4358 erigere

69 4356 234 4412 alexander
244 4357 359 4412 curiose
369 4371 496 4428 quaerere
507 4359 534 4413 R.
551 4358 706 4414 callixtum
719 4359 896 4428 episcopum,
952 4356 1120 4418 Christiani.
1138 4356 1291 4411 Alexandri
1309 4357 1403 4412 Severi
1425 4357 1607 4427 imperatoris
1623 4357 1769 4425 rescripto,

71 4434 101 4483 et
121 4426 303 4498 divulgatum
326 4434 369 4484 est
388 4428 414 4483 ei
431 4431 505 4499 quod
535 4436 611 4485 esset
636 4428 843 4484 Transtiberim
868 4430 897 4482 in
953 4427 1151 4492 obtinuerunt,
1166 4428 1302 4482 aduersus
1322 4440 1471 4497 ganeones.
1488 4427 1539 4498 qui
1551 4426 1671 4495 popinas
1686 4432 1714 4480 in
1728 4440 1772 4482 eo

70 4498 735 4567 domol’ontianiiuxtaurbemRauennatium.»
747 4501 796 4555 llis
808 4499 899 4570 igitur
914 4482 1015 4554 Ddem
1028 4499 1086 4554 situ
1102 4496 1241 4553 tibrimre
1256 4498 1397 4566 valebant,
1410 4497 1536 4552 dicentis
1550 4497 1654 4552 melius
1669 4494 1729 4551 iere
1740 4503 1771 4552 ut

72 4570 233 4625 observatis
248 4569 406 4625 verisimile
419 4572 551 4627 redditur
569 4570 731 4640 pontificem
745 4571 896 4627 Callistum
952 4572 1027 4625 Deus
1037 4569 1294 4639 quomodocunque
1308 4566 1359 4622 iilo
1376 4568 1437 4622 loco
1448 4565 1600 4635 coleretur,
1639 4580 1702 4623 uam
1717 4579 1771 4635 po-

71 4639 193 4696 bomiiii
212 4638 304 4695 ilium
333 4647 440 4709 partem
456 4642 581 4712 aliquam
599 4640 894 4711 fundorumsuorum,
953 4640 1029 4711 pinis
1053 4638 1273 4719 manciparetur,
1295 4644 1326 4692 ut
1351 4635 1531 4719 Lampridius
1555 4636 1586 4719 in
1610 4581 1770 4720 ffirxandro

10 4718 12 4753 1
71 4709 116 4767 iel
129 4710 165 4766 ad
178 4711 300 4780 gentiles
314 4725 384 4767 suos
410 4713 616 4781 pertinentium
637 4711 779 4768 obtulisse
796 4714 896 4769 utlieo
950 4709 1063 4767 scribit.
1089 4708 1338 4778 Religiosissimae
1365 4712 1460 4777 itaque
1486 4706 1613 4788 pontifex
1632 4708 1770 4764 Callistus

72 4794 184 4838 sacram
197 4781 301 4837 iaceret
337 4783 517 4839 constituens
530 4783 647 4839 titulum
668 4782 824 4852 presbyteri
836 4783 897 4839 Ro-
952 4777 1771 4850 banclicclesiamprovolisconstruxit,Deiparaevirginis

72 4852 152 4908 mani
165 4852 218 4907 bac
227 4852 256 4908 in
264 4823 350 4909 Urbis
359 4860 447 4923 parte,
459 4856 488 4909 in
503 4852 777 4924 quaiueruntetiam
789 4853 896 4909 Princi·
952 4850 1048 4919 titulo,
1059 4849 1108 4905 ubi
1125 4853 1250 4918 tempore
1260 4848 1384 4932 bugasti
1394 4848 1498 4931 oleum,
1508 4848 1768 4932 magnomiraculo,

109 4935 137 4978 m
151 4922 346 4993 apostolorum
361 4925 468 4981 ludaeis
491 4924 736 4981 Transtiberinam
750 4925 894 4996 regionem
951 4929 1026 4980 terra
1040 4933 1203 4989 erumpens.
1220 4931 1333 4989 copiose
1348 4920 1443 4982 linxit,
1459 4932 1488 4974 ni
1508 4934 1623 4991 signum
1646 4919 1754 4976 Christi

83 4992 634 5053 ncoleutibuscbristumannuntiasse.
660 4996 728 5052 Vide
748 4997 896 5051 Raronium
951 4992 1069 5049 humani
1092 4991 1205 5063 generis
1219 4990 1425 5060 Redemptoris,
1441 4990 1470 5046 in
1485 4992 1623 5046 mundum
1645 4961 1768 5062 proximi

68 5065 110 5122 ud
128 5063 288 5121 annunti.
949 5065 1099 5120 adventus.
1124 5063 1238 5118 Sacrani
1266 5061 1361 5117 adbuc
1388 5060 1515 5118 foramen
1532 5067 1635 5133 exstat,
1656 5075 1690 5118 ex
1710 5074 1767 5132 quo

107 5137 197 5192 Linea
215 5134 276 5193 iet
297 5133 339 5194 ιι).
357 5168 392 5178 -
405 5140 478 5193 llicit
500 5142 526 5194 et
545 5138 625 5193 aliud
645 5140 823 5194 caemeterium
847 5138 893 5192 uia
949 5137 1019 5192 olim
1036 5134 1129 5190 oleum
1151 5133 1306 5188 scaturiit:
1326 5138 1402 5190 terra
1427 5130 1550 5189 inferius
1565 5134 1657 5202 posita
1672 5132 1766 5189 adbuc

66 5207 177 5280 Appia,
190 5212 256 5277 etc,
272 5209 346 5279 quod
359 5209 809 5279 appellaturusqueinliodiemum
823 5209 895 5264 diem
948 5206 1010 5263 oleo
1026 5204 1150 5261 madeus.
1166 5206 1200 5259 Et
1222 5203 1274 5261 boc
1289 5203 1346 5261 tuit
1367 5204 1503 5275 templum
1519 5204 1643 5276 primum
1655 5201 1765 5276 Virgini

67 5280 378 5335 coemetemumtjatlisti.
391 5281 712 5351 Repositiosanctorum
728 5281 894 5352 pontitlcum
950 5276 1064 5351 publice
1086 5275 1223 5333 dicatum.

66 5351 894 5422 etmartyrumreddiditmaximecelebrepostvaticanum
1276 5344 1441 5402 SOMMIER·

66 5421 269 5480 caemeterium
282 5422 405 5479 Callisti.
419 5423 563 5494 opuscula
577 5424 672 5494 quarti
684 5425 793 5487 saculi,
807 5436 896 5492 supe·
987 5420 1074 5476 Linea
1089 5415 1116 5476 ὅ.
1128 5448 1155 5457 -
1172 5416 1326 5472 Secundum
1348 5417 1533 5488 propinatam.
1562 5417 1642 5474 Nihil
1666 5417 1768 5475 admo-

69 5494 139 5550 rius
153 5493 232 5548 edita
256 5494 286 5548 in
315 5495 527 5559 prolegomenis
549 5500 578 5550 et
592 5493 741 5561 bucherio,
762 5494 897 5562 complu-
952 5493 1020 5548 dum
1038 5489 1121 5545 nobis
1137 5494 1288 5559 praeservat
1298 5489 1459 5572 antiquitas
1471 5503 1506 5546 eii
1521 5489 1689 5559 pontilicatu
1703 5487 1769 5546 Cal-

69 5578 121 5620 res
143 5572 302 5619 memorant
322 5565 471 5634 pontifices
486 5570 513 5619 et
528 5571 666 5633 martyres
682 5562 722 5617 lbi
737 5564 894 5634 depositos.
953 5562 1026 5625 listi,
1043 5573 1128 5632 quam
1154 5560 1300 5616 decretum
1315 5561 1351 5616 ab
1375 5574 1437 5631 ipso
1451 5562 1598 5617 conditum
1608 5561 1695 5631 juata
1706 5576 1772 5631 pra·

69 5636 895 5705 Licetveroineo,ouititulusestlteposi'tioepiscoporum,
952 5634 1072 5704 partiam
1093 5632 1129 5687 de
1150 5631 1262 5701 ieiunio
1278 5638 1321 5687 ter
1349 5632 1378 5688 in
1403 5644 1479 5688 anno
1498 5631 1677 5702 celebrando,
1693 5640 1722 5689 et
1742 5631 1772 5689 lii

69 5706 345 5776 antiquissimusex
356 5708 396 5763 ibi
409 5706 724 5772 recensittssitbiicius3
734 5710 857 5761 attamen
869 5706 898 5762 ln
955 5704 1113 5776 gratiarum
1128 5706 1268 5759 actionem
1279 5704 1363 5759 beoa
1382 5701 1465 5759 nobis
1479 5701 1622 5760 oiierendo
1636 5718 1686 5774 pro
1700 5715 1773 5760 con-

71 5779 220 5850 proximo,
235 5779 283 5834 oui
300 5779 460 5852 praedgitur
475 5789 576 5833 nomen
588 5778 723 5846 Repositia
734 5782 897 5847 martyrum,
955 5775 1044 5832 cessis
1058 5782 1139 5831 terrai
1165 5773 1308 5832 fructibus
1329 5788 1378 5845 per
1392 5775 1488 5830 eadem
1507 5782 1633 5845 tempora
1646 5773 1778 5832 collectis

68 5849 233 5906 adnotatur
251 5863 305 5905 xiii
322 5851 386 5907 Kal:
408 5849 488 5905 Febr.
504 5849 567 5906 dies
578 5848 771 5921 depositionis
784 5850 901 5904 Fabiani
956 5845 1094 5904 trumentl
1115 5846 1175 5903 vini
1190 5850 1218 5903 et
1237 5846 1304 5903 olei.
1318 5847 1439 5904 Necesse
1462 5846 1559 5917 igitur
1577 5850 1629 5900 est
1640 5852 1795 5909 sessigne-

221 5938 340 5996 Pixitoi..
354 5939 489 5997 CXXVII.
1648 5925 1693 5980 iri.
