3892 6136
117 266 185 325 itia
546 266 550 271 ’
730 260 910 318 annalista
933 257 1207 319 aiatlolliaciiltii
1754 252 1821 312 ⁴980

116 386 157 444 les
172 387 200 442 in
218 385 395 442 Britanniam
412 385 549 451 mitteret,
565 381 615 453 qui
632 379 768 451 populum
791 380 819 434 in
831 378 896 439 tide.
911 385 941 433 et
952 393 980 450 Α
995 385 1120 446 tempore
1135 391 1189 433 non
1208 378 1341 446 potuerit.
1359 390 1415 434 non
1439 377 1691 443 animadvertunt,
1701 376 1732 433 tn
1748 390 1821 433 more

116 457 250 514 munitius
261 459 446 513 instruerent.
460 456 553 525 Quare
564 454 611 509 liic
621 449 869 519 sanctuspontilei
880 449 940 504 l'u-
996 450 1121 518 posituni
1132 449 1207 518 apud
1216 450 1367 515 Romanos,
1380 453 1498 521 utreges
1510 461 1640 519 persaepe
1651 447 1710 503 sibi
1721 447 1822 503 obstri-

115 529 235 600 gatiani,
245 538 273 584 et
283 525 718 593 Damianumseultonatinnnm
732 522 822 587 misit,
832 519 882 590 qni
899 532 941 574 re·
993 527 1065 588 ctos,
1079 533 1111 574 ac
1127 518 1278 575 loederatos
1293 521 1499 590 relinquerent,
1516 520 1684 575 autdarent
1702 522 1819 588 provin-

115 593 938 669 gcm,etaliostlliristianareligioneimbutossacrismys·
992 590 1057 656 ciis,
1079 589 1163 645 etiam
1175 591 1203 645 in
1219 604 1300 646 suain
1315 597 1482 660 potestatem
1503 591 1642 655 redactis,
1654 596 1684 646 et
1702 591 1820 659 imperio

116 670 200 726 teriis
216 671 383 725 initiarunt.
397 671 436 724 De
450 681 482 722 ea
494 666 692 725 conversione.
709 661 936 732 preteritarum
993 660 1133 716 subditis:
1153 661 1316 730 cujusmodi
1331 661 1459 731 exempla
1472 662 1571 717 ninere
1584 661 1654 716 licet
1670 662 1702 716 in
1717 661 1818 717 lanan.

116 741 320 802 l‘ontiticalem,
334 738 471 794 nubemus
484 737 683 792 testimonium
695 733 835 803 Beduqni
851 730 902 786 lib.
915 745 935 799 ι,
991 732 1136 798 Armenia,
1153 731 1272 801 ipsaque
1283 732 1433 787 Britannia
1449 731 1504 788 sub
1525 735 1649 801 Nerone,
1668 738 1703 788 ut
1716 745 1819 787 niema-

115 811 538 882 llist.qentisiinglorumcap.
560 805 775 872 t‚ait:«cuni
801 803 938 858 Eleuthe-
992 811 1037 857 rat
1059 802 1175 857 Tacitus
1205 802 1307 857 annal.
1334 815 1392 857 xiv.
1420 803 1563 872 losepiius
1587 809 1647 859 ant.
1681 801 1734 858 lib.
1767 816 1817 870 xii,

117 882 180 938 rius
191 883 363 937 virsanctus
379 878 560 949 pontilicatni
573 878 705 932 Romanae
716 874 850 931 Ecclesiae
863 887 936 943 prae·
992 887 1017 928 c.
1033 870 1210 934 meratina.
1237 879 1265 928 et
1284 873 1458 942 Spartianus
1480 876 1509 929 in
1528 874 1671 930 Adriano.
1698 875 1818 930 Allante

115 958 200 1021 esset,
216 952 298 1007 misit
311 951 417 1005 aueum
432 950 537 1005 Lucius
551 948 755 1003 Britannorum
772 958 819 1000 rei
833 946 938 1014 episto·
992 949 1114 1009 constat,
1142 943 1264 999 insulam
1293 946 1457 999 universam
1488 957 1676 1014 nequaquam
1705 942 1816 1000 inisset

116 1023 182 1090 lam,
201 1021 364 1087 obsecrans,
379 1029 411 1077 nt
427 1034 476 1089 per
493 1021 556 1088 ejus
573 1019 736 1074 mandatum
753 1016 938 1071 Christianus
992 1015 1129 1069 itomanis
1149 1015 1304 1075 domitam.
1329 1021 1357 1069 et
1372 1028 1488 1070 murum
1502 1016 1717 1085 peraetoginta
1735 1015 1817 1072 millia

115 1091 282 1161 efficeretur,
296 1099 324 1147 et
340 1105 403 1148 mox
416 1092 544 1147 ellectum
563 1092 616 1157 pia
627 1088 831 1158 postulationis
841 1098 938 1142 consa
993 1099 1128 1154 passuum
1142 1084 1178 1138 ab
1192 1084 1518 1153 norianoductnm,cni
1529 1085 1703 1141 Antoninus
1716 1100 1817 1142 succes

115 1170 200 1219 cutus
214 1170 266 1220 est.
281 1182 294 1213 a
311 1166 396 1218 Porio
406 1162 563 1218 Eleutherii
578 1173 654 1229 papai
667 1165 803 1227 tempore,
817 1157 936 1212 Britan·
991 1170 1040 1212 sor
1052 1155 1157 1211 vallum
1173 1156 1288 1224 adjecit.
1305 1162 1337 1210 ut
1349 1162 1456 1225 partem
1477 1156 1603 1225 imperio
1616 1169 1707 1223 paren
1723 1170 1765 1210 em
1777 1171 1817 1212 se·

116 1235 362 1290 niamallomanis
376 1235 502 1289 nonaum
517 1239 603 1286 totam
614 1229 761 1286 subactam
777 1228 824 1283 scil
838 1229 936 1297 potius
994 1233 1105 1296 pararet
1121 1241 1137 1281 a
1151 1226 1263 1297 reliqua
1286 1226 1341 1282 suli
1357 1227 1559 1283 insulanorum
1584 1225 1682 1282 libero
1694 1227 1817 1284 dominio

114 1304 262 1360 ndnucma
286 1311 465 1374 nampartem
476 1302 574 1372 populi
584 1309 665 1356 trans
680 1312 792 1355 murum
807 1299 936 1353 niibitan·
989 1298 1157 1354 constituta.

115 1375 152 1429 tis
163 1388 256 1446 regem
265 1322 417 1444 {rabulum
436 1372 534 1444 prohat
551 1366 845 1438 Batoniusannoltti,
863 1381 890 1422 n.
905 1365 933 1423 5.
1026 1368 1811 1439 lleqnnmitaqueaniipotuitnltramuiumcollocari:

989 1454 1045 1510 qua
1068 1443 1103 1494 tie
1130 1446 1209 1508 parte
1230 1439 1385 1494 Britanniae
1411 1438 1533 1495 tortasse
1553 1440 1694 1509 loquitur
1708 1442 1817 1496 Tertul-

990 1511 1097 1574 lianus,
1121 1509 1236 1578 quando
1251 1507 1372 1564 affirmat
1387 1512 1587 1565 Britannorum
1604 1513 1751 1565 inaccessa
1770 1514 1818 1566 Bo-

151 1590 237 1645 linea
253 1585 277 1644 4.
298 1588 369 1642 -Α
394 1588 478 1642 lucio
492 1588 644 1641 Britanniae
657 1602 728 1654 repa,
743 1589 796 1640 etc.
814 1584 868 1654 Qui
890 1583 937 1641 la·
989 1583 1079 1636 manis
1093 1581 1160 1641 lace,
1187 1579 1293 1634 Christo
1305 1595 1367 1634 uero
1379 1580 1501 1634 subdita.
1518 1580 1604 1650 Quoil
1628 1582 1656 1637 si
1681 1584 1820 1638 recentio-

114 1669 190 1718 ctum
205 1660 288 1716 Lucii
300 1659 415 1731 regiain
431 1657 551 1714 ilubium
567 1665 709 1723 revocant,
724 1656 872 1712 autetiam
886 1670 935 1711 ne·
991 1665 1054 1707 rum
1065 1651 1210 1721 quispiam
1220 1651 1454 1706 decorarenoluit
1465 1650 1756 1714 iactnm‚attriliutis
1766 1667 1818 1722 pro

113 1739 182 1804 gant
199 1732 344 1802 (Basnaqa
359 1731 431 1783 illst.
444 1730 477 1783 ae
491 1722 610 1796 l’liptise,
628 1729 678 1784 liv.
694 1742 742 1795 vii,
764 1741 788 1782 c.
815 1725 842 1793 5,
858 1743 884 1782 n.
898 1726 935 1797 t),
993 1722 1057 1804 prio
1065 1729 1154 1776 marte
1165 1721 1306 1780 confictis.
1322 1735 1355 1776 ac
1375 1722 1589 1804 superadditis,
1606 1724 1746 1806 nunquid
1762 1726 1818 1806 'tac

113 1815 145 1858 en
162 1801 447 1872 persuasioneoucti,
460 1800 811 1870 qnoaBriiannia,uipotc
825 1799 936 1869 inpro-
993 1792 1156 1875 addimenta
1177 1793 1316 1863 derogant
1336 1792 1418 1849 fldem
1439 1794 1579 1865 genuinis
1603 1794 1816 1850 narrationibus

113 1873 236 1928 vinciam
264 1873 377 1928 redacta
404 1873 458 1926 suti
485 1870 616 1941 clausio,
643 1884 723 1941 reges
751 1869 854 1924 nabere
882 1870 934 1925 iioc
991 1863 1202 1935 antiquorum?

436 1480 601 1536 soillllBli.

698 2216 781 2288 XV·
822 2215 1009 2286 SANCTUS
1046 2213 1223 2287 VICTOR.

646 2400 1142 2474 annocnnisr1,194‚coiiiioni
1164 2417 1236 2461 iiia.
1254 2402 1268 2460 l

269 2733 324 2794 15
341 2732 465 2811 Victor,
483 2733 622 2795 natione
635 2731 732 2814 Afer,
748 2734 897 2813 eupatre
911 2729 1034 2809 Felice,
1051 2730 1141 2795 sedit
1155 2747 1265 2795 annas
1279 2732 1397 2812 decem
1412 2749 1544 2797 aienses
1559 2734 1661 2812 auos,
1677 2733 1751 2797 dies
1761 2734 1813 2797 de-

229 2845 297 2892 cem
310 2840 335 2891 ².
365 2831 450 2893 Fuit
477 2832 590 2892 autem
617 2829 821 2910 tenporibus
844 2829 933 2891 Helii
966 2829 1150 2893 Pertinacis
1174 2831 1207 2890 et
1236 2829 1358 2907 Severi,
1387 2845 1410 2894 a
1435 2829 1624 2894 consulatu
1652 2830 1813 2894 Camurti

230 2937 347 3015 quinto
386 2940 418 2998 et
447 2936 644 3001 Glabrionis
667 2952 772 3016 aspice
803 2937 849 2998 acl
882 2937 1092 3000 Lateranum
1123 2938 1157 2999 et
1195 2936 1363 3014 Rufinum
1387 2934 1413 2996 b.
1449 2938 1519 3000 Hic
1548 2930 1751 3002 ‘constituit
1779 2941 1813 3000 ut

230 3033 267 3097 S.
294 3034 427 3096 Pasclia
450 3035 504 3097 (lie
528 3034 702 3096 Dominica
728 3032 967 3112 celebraretur,
993 3035 1080 3097 sicut
1109 3036 1143 3097 et
1170 3035 1340 3097 Eleuther.
1371 3046 1394 3096 ⁰.
1429 3036 1499 3099 Hic
1527 3034 1618 3118 fecit
1647 3040 1812 3119 sequentes

189 3130 345 3194 5cleras.
379 3132 553 3210 Martyria
579 3143 770 3194 coronatur.
800 3130 877 3193 dlit
898 3132 1078 3196 corastituit
1107 3135 1157 3210 ut,
1191 3132 1390 3196 necessitate
1414 3130 1576 3213 faciente,
1605 3132 1657 3195 ibi
1679 3133 1740 3196 uli
1760 3135 1814 3195 in·

231 3237 349 3291 centus
374 3226 511 3309 saturet,
527 3229 600 3292 sine
624 3229 689 3292 0in
714 3229 867 3308 stramine,
893 3229 967 3293 sine
993 3230 1034 3292 in
1049 3230 1150 3308 arari,
1176 3229 1249 3292 sice
1272 3229 1312 3292 in
1331 3228 1486 3311 sontibus
1506 3228 1527 3308 s,
1544 3232 1686 3294 tantum
1715 3230 1813 3295 (liri-

228 3327 347 3389 stiaua
382 3324 589 3406 consessione
613 3327 822 3390 credulitatis
869 3326 1054 3389 clarificata
1064 3338 1090 3400 8,
1119 3327 1312 3408 quicunque
1334 3326 1506 3391 leontinum
1539 3346 1581 3391 ec
1614 3329 1809 3411 pusillitate

229 3422 380 3499 renuas,
415 3425 451 3482 ut
479 3422 723 3503 laptiaaretur.
752 3421 777 3482 h.
805 3423 875 3486 Hic
898 3421 983 3504 fecit
1011 3423 1245 3487 ordinationes
1278 3428 1346 3487 tres
1378 3422 1462 3502 iper
1489 3441 1648 3489 inensem
1676 3427 1810 3489 Decem-

230 3515 322 3580 brem
335 3542 345 3578 .·
359 3518 572 3598 presbyteras
598 3524 757 3600 quatuor,
775 3518 933 3581 diaconos
954 3521 1091 3600 septem,
1107 3520 1277 3600 episcopos
1295 3536 1362 3602 per
1376 3520 1513 3584 diversa
1527 3519 1604 3584 loca
1623 3522 1805 3586 auratis.

173 3614 211 3674 10
232 3615 294 3676 Hic
326 3614 404 3677 fecit
435 3617 655 3678 constitutum
691 3616 735 3678 ad
762 3616 1060 3690 interrogationem
1091 3614 1301 3678 sacerdotum
1330 3616 1370 3678 de
1395 3616 1519 3679 circulo
1547 3618 1705 3699 Pascliae,
1743 3636 1810 3684 cum

231 3713 433 3793 presbyteris
468 3719 500 3774 et
528 3715 691 3792 episcopis
724 3714 813 3776 iacta
839 3712 1027 3792 collatione,
1062 3716 1095 3776 et
1135 3713 1293 3777 accersito
1326 3714 1508 3795 Theophila
1542 3716 1708 3799 episcopo
1738 3719 1809 3782 Ale-

231 3808 383 3869 xandriae
407 3810 429 3885 l,
457 3809 546 3871 facta
559 3812 834 3890 congregatione,
856 3814 894 3873 ut
923 3828 944 3872 a
972 3809 1224 3891 quartadecima
1250 3813 1333 3874 luna
1353 3812 1381 3890 ¹¹,
1403 3811 1504 3894 primi
1533 3815 1680 3894 mensis,
1712 3830 1809 3896 usque

230 3904 272 3966 ad
291 3904 485 3968 vicesimam
501 3908 645 3985 primam
660 3909 712 3971 dia
736 3910 912 3972 Dominica
924 3907 1131 3971 custodiatur
1145 3912 1298 3971 sanctum
1325 3911 1462 3974 Pascha.
1487 3913 1559 3975 Hie
1580 3912 1750 3995 sepultas
1767 3914 1809 3975 ert

171 4098 208 4160 15
223 4003 332 4082 Juata
350 4019 473 4082 carpus
488 4003 576 4142 beati
601 4008 701 4069 Petri
716 4008 752 4069 iii
781 4007 942 4068 Vaticano
956 4023 979 4066 v
1003 4004 1181 4069 Kalendas
1200 4006 1363 4087 Aupusti,
1385 4010 1417 4071 et
1435 4010 1585 4072 cessarit
1598 4012 1811 4094 episcopatis

234 4101 306 4162 dies
325 4101 496 4165 dicamini

690 4221 935 4285 CATALOGUS
949 4222 1028 4286 SUB
1043 4224 1221 4286 LIBERIO.

152 4329 263 4393 Victor
281 4348 360 4393 ann.
377 4377 385 4392 .
401 4379 408 4394 .
422 4378 429 4393 .
443 4376 472 4394 ..
493 4350 529 4412 ii,
560 4333 592 4395 d.
614 4353 648 4411 x,
668 4334 746 4396 Fuit
760 4337 849 4414 temp
854 4381 1056 4399 ..........
1075 4337 1243 4401 Commodi
1248 4383 1342 4399 .....

605 4451 682 4506 Notae
699 4451 883 4507 schelestratii
893 4454 931 4507 aa
950 4453 1108 4523 Gatalopuia
1122 4455 1308 4510 liberianum.

148 4566 284 4627 Lacuna
296 4565 479 4628 Consulum
494 4565 530 4628 in
550 4565 682 4629 Victore
694 4568 842 4647 suppleri
857 4572 965 4647 potest
982 4569 1178 4633 exsecando
1192 4570 1363 4649 catalogo.

533 4691 753 4762 Supplemcnlunt
767 4693 928 4748 lacunmiun
946 4695 1070 4763 catalupi
1080 4710 1114 4749 en
1127 4695 1208 4749 (liclia
1217 4695 1247 4748 iu
1257 4695 1378 4750 Aristeia.

187 4795 299 4858 Victor
324 4796 422 4857 annis
437 4814 497 4875 xii,
513 4797 546 4859 d.
568 4816 603 4860 x.
623 4799 699 4861 Fuit
713 4801 917 4879 temporibus
941 4800 1110 4864 Commodi
1134 4805 1166 4862 et
1194 4801 1315 4881 Severi,
1339 4819 1360 4863 a
1380 4804 1560 4867 consulatu
1578 4808 1768 4888 commodi,
1781 4809 1808 4870 et

148 4892 340 4957 Glabrionis
350 4911 458 4975 usque
468 4898 642 4977 Laletana,
659 4901 691 4959 et
705 4897 835 4961 Rufino.
871 4974 878 4983 .

700 5023 840 5068 NOTULAE
863 5024 1070 5070 MARfflNALES
1091 5026 1260 5070 ransom

190 5120 205 5151 ι
219 5110 249 5164 Β.
264 5123 300 5164 m.
324 5106 348 5177 4,
364 5110 394 5166 d.
410 5107 454 5165 98.
471 5106 529 5177 bB,
548 5124 572 5164 m
587 5111 695 5167 comm.
708 5118 735 5167 et
747 5112 851 5179 Severi,
871 5125 888 5168 a
903 5126 976 5170 coss.
987 5113 1094 5170 comm.
1111 5115 1182 5187 ling.
1199 5117 1262 5170 liet
1276 5115 1382 5171 Pertin.
1399 5114 1422 5171 ll
1435 5118 1578 5187 usquead
1610 5121 1806 5180 Fabiannmel

143 5197 319 5254 Mucianum.
343 5199 396 5266 cc,
424 5198 501 5253 Pius.
528 5197 707 5252 dVi'itrBar.
729 5215 775 5253 aa.
806 5195 866 5255 498.
896 5200 1089 5272 equicunque
1104 5200 1253 5256 hominum
1280 5201 1428 5285 stuciis
1452 5202 1531 5262 tonte
1547 5207 1613 5264 sive
1645 5210 1678 5266 in
1704 5216 1804 5283 stagna,

144 5284 184 5339 CB
205 5301 219 5340 i
239 5288 267 5357 t,
297 5287 449 5343 declarata.
474 5288 548 5357 ch,
573 5289 682 5360 integer
707 5287 865 5345 efficeretur
885 5288 1078 5345 Christianus.
1101 5288 1170 5358 ¹CB,
1198 5289 1280 5345 duas.
1305 5289 1315 5343 l
1342 5290 1403 5345 Bar.
1426 5291 1465 5346 aa
1486 5307 1536 5347 an.
1563 5292 1621 5352 isa
1641 5299 1709 5367 lecit
1734 5300 1803 5369 qais,

145 5371 270 5429 Caesareae
279 5376 442 5431 Palestinae.
469 5373 525 5444 ¹¹0,
544 5375 577 5433 t3
589 5376 684 5433 iuna.l
700 5378 749 5446 CB,
766 5376 809 5432 44.

743 5503 884 5567 VARIAE
908 5502 1147 5567 LEOTIONES.

111 5613 196 5683 Apud
204 5615 402 5672 Fabrattumea
411 5617 501 5672 eolus
516 5619 607 5685 licqio,
617 5619 759 5672 Macerino
773 5625 798 5673 et
810 5620 932 5673 Thanna.
987 5616 1108 5674 Caesaris
1122 5619 1155 5675 Α.
1168 5619 1321 5677 Commodo
1335 5621 1367 5675 V.
1380 5626 1408 5676 et
1420 5621 1577 5681 Gratiana.
1593 5627 1644 5684 lin.
1658 5626 1688 5699 4,
1699 5630 1801 5687 sicutel

987 5687 1099 5744 Bituiti.
1117 5691 1166 5744 lin.
1181 5689 1209 5760 ὅ,
1222 5692 1325 5748 clercs.
1352 5693 1402 5746 llic
1415 5694 1571 5751 constituit
1583 5704 1619 5754 iit
1642 5704 1801 5758 nccoesitate

145 5753 227 5809 Nam.
247 5751 292 5823 45,
315 5755 364 5810 lin.
379 5757 405 5828 l,
418 5770 486 5815 ann.
508 5756 551 5831 45,
569 5774 605 5817 in.
617 5757 645 5830 3,
670 5760 719 5814 tin.
742 5757 770 5830 B,
793 5757 851 5816 init
867 5773 893 5816 a.
910 5765 932 5817 t.
988 5757 1110 5816 iaciente
1125 5761 1176 5816 uiri
1190 5763 1220 5817 tn
1233 5760 1254 5817 l.
1266 5763 1313 5817 liri.
1327 5761 1355 5833 8,
1369 5776 1432 5820 ven.
1443 5763 1620 5835 baptizetur.
1631 5771 1796 5839 stellata.
