3892 6136
435 320 573 375 cunata
592 319 830 377 condormiit.
844 352 881 364 -
896 323 1078 380 otanclllitl
1094 324 1264 383 montrum.

1648 324 1703 385 978

88 447 105 488 s
117 437 217 490 cuerit.
235 439 276 495 lta
289 441 467 509 utapostolls
490 442 526 497 ab
553 443 615 513 ipso
640 445 822 500 dominatore
838 447 867 507 A
882 446 1156 504 terfiPriscillaevia
1168 448 1288 518 Salaria,
1304 452 1351 506 cul
1364 464 1464 506 nomen
1485 452 1610 507 inditum
1624 453 1700 523 legi-

88 510 193 562 tteriae
210 509 388 576 judiciorum
413 513 504 568 veluti
532 515 727 571 assessoribus
739 517 820 571 desi-

881 529 953 584 mus,
967 520 1014 573 Ad
1036 521 1133 573 clivom
1156 521 1327 579 cucumeris:
1354 534 1410 590 qua
1434 522 1508 576 dere
1530 522 1698 578 consulendi

90 578 353 650 ,sediumquoque
381 596 510 645 suarum,
535 598 607 654 quas
636 587 666 641 in
696 591 771 642 terra
785 600 818 641 eo
874 589 1044 658 dringbius,
1057 592 1214 646 severanus
1241 598 1269 646 et
1296 591 1452 660 Boldettus‚
1478 592 1698 661 diligentissimi

88 654 145 702 inte
159 647 357 715 fundaverant,
387 654 603 710 successoribus
629 657 816 724 judicandum

104 723 246 776 terrarum
262 722 290 775 in
315 725 433 790 synodis
458 727 644 783 mcumenicis
673 729 812 796 traderet3

99 796 167 845 ante
181 790 352 848 vetabantur
365 808 380 849 a
392 799 521 865 tyrannis
539 798 580 853 vel
593 798 691 853 subter
701 806 815 868 cryptas

95 861 341 931 occultoscoaere,
355 866 552 922 invitabantur
562 869 619 936 jam
631 868 666 923 ab
675 869 816 940 Augustis

88 936 176 986 utum
212 935 425 1001 prouinciarum
448 950 480 992 ac
515 940 663 994 nationum
691 941 814 1009 synodos

90 1002 306 1059 ecelebrarent.
321 1006 387 1062 lure
411 1008 502 1077 igitur
524 1010 720 1078 spectaculum
744 1011 814 1066 adeo

88 1070 162 1140 lum,
190 1074 334 1131 divinitus
358 1085 532 1133 reservatum
558 1080 634 1135 aetati
656 1094 688 1136 ac
714 1081 812 1148 pietati

88 1143 173 1199 inlini
189 1146 292 1214 aetatis,
303 1147 430 1214 ejusdem
444 1151 535 1219 pietas
558 1158 618 1206 tum
631 1152 740 1221 cryptis
756 1152 814 1206 im-

88 1216 107 1279 t,
121 1228 242 1284 quarum
257 1216 293 1271 ab
319 1218 450 1289 ingressu
472 1220 557 1290 paulo
582 1228 648 1277 ante
674 1220 814 1277 arceban-

88 1289 160 1411 ιιιῖιῑι8
168 1284 300 1343 basilicis
327 1302 398 1358 quas
423 1292 594 1361 triumphali
618 1292 699 1348 culta
727 1293 813 1363 paulo

88 1368 117 1411 tc
161 1357 211 1411 rit.

93 1438 302 1497 prosequamur
321 1431 395 1486 sacri
417 1430 504 1501 buius
530 1432 659 1489 cubiculi
676 1433 812 1504 partesin

88 1497 311 1567 reperlustrare
328 1516 390 1571 quse
406 1505 494 1574 gestis
507 1505 671 1559 eorumdem
700 1510 813 1574 tempo-

871 657 958 713 duces
974 660 1060 728 buius
1075 674 1162 716 sacre
1175 662 1378 731 topographia.
1402 662 1498 718 Altera
1514 662 1603 727 flaura
1619 662 1698 717 femi-

872 740 936 783 nam
951 731 1081 786 stolatam
1098 732 1214 787 exbibet
1233 746 1281 786 vas
1293 733 1414 787 vitreum
1438 740 1591 803 gestantem
1606 734 1698 788 seini-

872 798 986 865 plenum
996 803 1145 870 sanguine,
1161 803 1280 859 collecto
1293 803 1446 857 scilieetea
1459 816 1578 871 corpore
1594 811 1697 874 marty-

871 869 922 935 ris,
936 878 987 925 aut
1006 885 1124 942 spongia
1139 886 1174 927 ex
1202 873 1263 928 loco
1287 873 1426 941 martyrii.
1455 873 1694 944 quemadmodum

869 939 1042 996 Prudentius
1054 943 1202 1006 describit,
1214 943 1323 1011 aliique
1339 946 1474 1012 proximae
1488 945 1582 999 aetatis
1592 951 1696 1000 aucto·

869 1023 914 1065 ies
926 1023 942 1064 a
955 1011 1079 1067 laudatis
1092 1026 1240 1069 sacrorum
1253 1015 1485 1070 Coemeterioruni
1501 1014 1695 1083 scriptoribus

870 1081 975 1148 passim
990 1083 1132 1151 producti.
1147 1084 1241 1139 Tertia
1256 1084 1380 1154 denique
1390 1085 1480 1156 figura
1496 1085 1582 1140 refert
1594 1085 1698 1141 mulie·

869 1165 927 1205 rem
941 1151 1024 1208 talari
1038 1161 1114 1210 reste
1141 1155 1274 1210 decenter
1303 1155 1432 1210 indutam
1460 1155 1619 1224 perindeac
1645 1169 1695 1210 se·

867 1221 960 1276 cunda
972 1240 980 1291 3
993 1221 1089 1291 plnres
1099 1237 1219 1280 coronas
1228 1239 1262 1280 ex
1273 1223 1425 1281 frondibus
1437 1226 1694 1296 floribusquecom·

869 1298 964 1354 pactas
979 1306 1064 1348 manu
1087 1301 1242 1366 gestantem
1265 1296 1349 1353 corbe
1369 1296 1477 1367 pariter
1500 1294 1654 1353 frondibus
1665 1305 1694 1353 et

868 1362 989 1420 floribus
1002 1363 1085 1433 pleno
1097 1368 1216 1435 propius
1228 1366 1379 1423 collocato.
1393 1368 1423 1424 ln
1445 1374 1518 1423 mart
1538 1380 1601 1423 rum
1615 1369 1691 1423 enim

867 1433 1104 1490 tumulationem
1118 1437 1318 1498 translatione.
1340 1443 1441 1507 praeter
1454 1383 1567 1495 colobla
1581 1451 1598 1494 a
1610 1437 1693 1495 beata

866 1503 1044 1574 Eutycblano
1056 1505 1179 1577 decreta,
1194 1507 1354 1565 substratas
1369 1506 1460 1564 fuisse
1474 1506 1633 1565 frondosae
1646 1509 1696 1567 do

88 1564 192 1624 derunt
206 1569 297 1625 lucem
312 1584 367 1627 non
389 1573 537 1629 modicam.
553 1575 589 1630 Ut
610 1576 814 1647 igituicoqno-
868 1587 914 1629 res
925 1577 1126 1646 cognoscimus
1147 1579 1405 1648 exaugustiaoaa
1426 1593 1484 1649 quo
1499 1579 1584 1634 etlam
1608 1593 1693 1637 acce-

88 1649 136 1695 ius
150 1639 181 1693 in
195 1641 390 1709 apostolorum
402 1645 515 1700 tbronis
530 1645 652 1701 sedesad
670 1647 771 1702 iisdem
783 1647 812 1701 in
870 1645 965 1715 pimus
976 1647 1199 1704 consuetudinis
1209 1661 1323 1704 causam
1335 1649 1513 1705 aPrudentio
1522 1664 1636 1720 quoque
1649 1652 1692 1707 fn·

88 1705 256 1767 'nudamset
275 1714 565 1771 suecessoribnscum
579 1717 644 1785 jnre
663 1718 815 1787 episcopa·
869 1715 1003 1778 dicatam,
1021 1724 1054 1773 ut
1081 1718 1194 1774 scilicet
1218 1718 1341 1789 inspersi
1363 1732 1428 1775 rore
1462 1720 1615 1790 sanguinis
1641 1736 1692 1792 pio

88 1777 171 1835 ditas
185 1782 354 1852 significari,
371 1785 473 1841 subtus
486 1784 624 1842 fornicem
652 1788 758 1844 eisdem
772 1801 815 1841 se·
830 1806 855 1865 3
869 1786 984 1845 Christo
994 1787 1008 1843 f
1010 1790 1064 1856 usi,
1079 1795 1130 1844 aut
1143 1796 1276 1845 contactu
1287 1791 1418 1857 corporis
1430 1792 1503 1845 sacri
1518 1804 1567 1858 pio
1577 1792 1692 1847 fibristo

90 1859 259 1907 coronatum
274 1855 378 1910 visitur
395 1857 487 1926 imago
505 1858 632 1913 Pastoris
658 1858 725 1914 boni
748 1871 814 1914 oves
869 1858 969 1923 occisi,
981 1860 1074 1929 fiores,
1090 1858 1253 1931 etfrondes,
1265 1873 1298 1916 ac
1311 1860 1435 1916 brandea
1459 1861 1616 1918 excitarent
1628 1863 1694 1918 dde-

88 1920 144 1989 itis,
161 1922 213 1979 boc
227 1930 271 1979 est
294 1933 440 1994 pastorum
464 1928 609 1999 Principis
633 1929 741 1985 Christi
763 1932 814 1984 Do·
869 1927 1063 1986 liumanimos
1077 1937 1213 2001 tanquam
1236 1931 1356 2002 pignora
1379 1933 1540 1987 communis
1568 1932 1633 1989 fidei
1655 1935 1691 1990 ad

88 1992 218 2061 eujusad
233 1994 394 2065 exemplum
428 2004 555 2067 pastores
579 2000 751 2070 populorum
777 1999 812 2056 ab
869 2007 1024 2070 martyrum
1043 2003 1166 2057 virtutes
1186 2001 1351 2066 imitandas,
1370 2008 1407 2057 et
1430 2003 1590 2072 patrocinia
1614 2005 1689 2072 apud

88 2065 213 2120 restituti
229 2064 349 2122 formari
363 2067 486 2128 debent:
513 2075 600 2142 atque
625 2073 666 2126 lta
694 2085 813 2142 praeesse
867 2071 955 2126 Deam
969 2072 1176 2145 conquirenda,
1187 2072 1689 2143 opemqucdivinamimpetrandam:

97 2132 157 2191 sibi
184 2138 413 2207 macredinem
434 2140 551 2196 subesse
575 2148 668 2197 tamen
691 2142 813 2199 debeant
867 2142 1031 2210 cuiusmodi
1046 2148 1303 2215 expertumnarrat
1314 2143 1480 2213 episcopum
1505 2143 1691 2200 Lucillumin

111 2218 177 2261 oves
197 2213 226 2263 et
246 2221 334 2280 agnos
370 2223 387 2265 a
412 2218 557 2279 pastorum
583 2213 715 2283 Principe
739 2215 814 2268 rica·
868 2212 1056 2270 translatione
1069 2214 1262 2285 reliquiarum
1274 2215 1493 2285 protomartyris
1504 2213 1693 2283 Stepbani,et

88 2278 185 2333 testate
200 2280 338 2350 regendos
351 2282 488 2353 suscepit,
503 2291 536 2338 ut
555 2283 615 2340 sint
630 2297 719 2340 unum
738 2282 814 2340 ovile
868 2283 943 2408 plain
957 2282 1092 2340 feminam
1104 2285 1283 2355 abepiscopo
1299 2285 1426 2355 Profecto
1439 2286 1562 2354 receptis
1570 2286 1693 2343 floribus

90 2358 114 2402 s·
120 2355 228 2417 pastor.
882 2356 1068 2412 deectatione
1076 2356 1203 2425 ejusdem
1211 2354 1354 2412 adbibitis
1365 2367 1382 2410 a
1394 2355 1522 2411 cecitate
1541 2355 1690 2412 liberatam

88 2422 150 2474 tato
161 2419 215 2474 sub
225 2418 347 2477 fornicis
361 2428 524 2493 tegumento
536 2425 666 2495 deposita
678 2425 813 2480 uisuntur
866 2423 903 2494 (S.
918 2424 991 2498 Aug.
1007 2427 1132 2481 dedicit.
1143 2429 1204 2494 liei,
1215 2425 1267 2481 lib.
1284 2438 1356 2496 xxti,
1372 2439 1425 2495 cap
1444 2424 1481 2496 8).

88 2500 129 2545 ire
152 2488 280 2547 fidelium
306 2493 414 2549 Christi
438 2507 567 2564 corpora,
600 2496 648 2551 sed
671 2497 812 2565 praecipue
901 2494 1057 2554 Obseruent
1071 2497 1123 2552 alii
1139 2497 1320 2568 praegrandia
1350 2496 1492 2566 ejusmodi
1513 2510 1579 2553 vasa
1600 2498 1690 2555 vitrea

89 2572 155 2616 rum
166 2568 463 2635 martyrum‚quorum
475 2565 667 2621 indicationes
680 2580 714 2621 ei
727 2578 813 2636 appo·
866 2567 966 2635 qualia
981 2569 1012 2624 in
1023 2567 1156 2624 manibus
1166 2568 1288 2624 alterius
1297 2566 1573 2639 fguraesanguinem
1589 2577 1693 2640 marty-

88 2631 210 2703 agninis
222 2635 471 2705 uasculosubipsa
482 2637 607 2692 Pastoris
616 2636 684 2693 boni
697 2637 811 2706 pictura
867 2650 930 2693 rum
942 2636 1098 2694 deferentis
1119 2639 1324 2705 indicarimus,
1351 2637 1555 2708 amplitudinis
1578 2640 1691 2696 scilicet

88 2705 324 2762 xtraxftcurator
344 2720 491 2762 sacrarum
513 2707 714 2777 reliquiarum,
742 2720 813 2762 nec-
865 2709 1103 2779 sesqulpalmaris
1142 2722 1175 2765 ac
1212 2708 1391 2778 bipalmarls‚
1420 2709 1474 2764 boc
1495 2709 1526 2764 in
1556 2718 1692 2766 coemete-

88 2770 296 2832 :loculamento
308 2776 452 2845 inferiori,
467 2779 569 2834 altaris
583 2781 613 2833 in
626 2790 812 2834 moremcon-
867 2778 911 2833 rio
940 2792 995 2835 non
1023 2782 1109 2836 semel
1143 2792 1312 2844 occurrere;
1350 2792 1473 2849 quorum
1502 2781 1624 2851 vestigia
1662 2790 1690 2837 et

88 2844 674 2915 >majussupramensamseumarmoream
684 2848 810 2905 tabulam
867 2850 1070 2917 impressiones
1084 2850 1157 2906 calci
1172 2849 1281 2906 loculos
1305 2850 1468 2905 occludenti
1494 2849 1688 2919 adhaeserunt,

109 2912 235 2971 loculum
261 2920 456 2976 occludentem
478 2921 653 2976 sacrificium
673 2920 770 2977 offerri
794 2933 810 2975 a
865 2921 1086 2977 crustisvitreis
1104 2921 1247 2976 inauratis
1262 2919 1370 2976 ibidem
1392 2921 1487 2976 adbuc
1510 2921 1687 2991 conspicuis.

88 2982 165 3040 lauis
180 2991 364 3047 consuevisse
387 2991 538 3047 innumera
557 2992 691 3047 Ecclesiae
714 2991 810 3047 moni·
864 2990 957 3047 Unum
970 3006 1035 3048 iero
1057 3005 1113 3060 piae
1123 2992 1236 3047 caeteris
1247 2990 1455 3046 observandum
1472 2992 1501 3047 in
1514 2990 1574 3047 alio
1602 2992 1688 3048 enbi-

96 3055 227 3125 probant,
241 3063 347 3117 etcum
369 3061 407 3117 iis
431 3063 460 3116 B.
484 3061 667 3132 Augustinus
688 3067 810 3118 testatur
864 3063 930 3118 culo
944 3076 1001 3118 non
1016 3063 1100 3133 longe
1114 3062 1150 3117 ab
1162 3063 1294 3131 ingressu
1309 3069 1473 3131 cryptarum
1500 3061 1603 3118 effosso
1631 3063 1687 3118 sub

88 3140 110 3181 u
122 3139 171 3182 vui
183 3128 219 3184 dc
232 3129 353 3187 Ciuitate
362 3132 424 3199 Dei,
436 3147 497 3202 cap.
522 3130 572 3189 ii:
589 3153 602 3185 r
629 3134 685 3189 Nec
715 3142 809 3189 tamen
824 3168 848 3228 C
865 3133 975 3188 fornice
986 3141 1115 3200 arcuato,
1124 3133 1209 3202 eique
1219 3131 1455 3214 simillimoquod
1465 3133 1684 3215 descripsimus,

88 3199 172 3267 iquit.
187 3199 291 3256 iisdem
304 3203 477 3273 martyribus
498 3204 613 3273 templa.
637 3205 808 3265 sacerdotes.
863 3204 1095 3272 cujusdiameter
1109 3203 1288 3272 tripalmaiis
1302 3203 1411 3257 indicat
1425 3215 1474 3256 vas
1486 3201 1558 3283 illud
1570 3203 1690 3284 amplis·

88 3272 107 3323 tt
115 3270 258 3328 sacrificia
268 3274 486 3342 constituimus,
498 3275 635 3345 quoniam
655 3287 712 3329 non
740 3275 806 3343 ipsi,
863 3276 946 3330 simis
959 3274 1090 3330 lancibus
1104 3278 1302 3342 exaequatum:
1320 3271 1440 3328 fortasse
1454 3272 1488 3326 ad
1514 3278 1687 3353 ministran-

88 3350 123 3395 tis
136 3352 232 3397 eorum
242 3344 326 3400 nobis
337 3351 381 3400 est
392 3347 476 3401 Dens.
486 3346 663 3400 Honoiamus
673 3357 741 3400 sane
756 3357 810 3400 mc·
863 3346 932 3402 durn
945 3344 975 3400 in
985 3345 1078 3414 plenis
1086 3342 1213 3400 fidelium
1228 3341 1427 3410 conventibus,
1441 3353 1556 3424 quasin
1572 3342 1686 3400 boccoe·

88 3420 204 3466 reorum
232 3421 366 3486 tanquam
396 3421 558 3472 sanctorum
583 3415 731 3473 bominum
745 3417 807 3485 Dei,
863 3413 1340 3485 meterioeelebratosinpostremis
1351 3410 1599 3495 persecutionibus
1611 3426 1690 3497 com·
1773 3448 1776 3453 «

88 3490 142 3549 que
154 3480 190 3536 ad
204 3491 320 3541 mortem
336 3500 453 3542 suorum
479 3498 630 3556 corporum
658 3499 708 3556 pro
737 3486 809 3541 ieri·
863 3485 965 3556 probat
977 3484 1141 3556 latepatens
1154 3497 1220 3540 area
1234 3484 1362 3553 aedificii,
1376 3482 1504 3552 eyusdem
1526 3486 1684 3566 caemeterii

88 3554 211 3619 rfarunt
226 3556 416 3613 innotesceret
425 3570 490 3614 vera
504 3557 618 3627 religio.
630 3554 713 3612 falsis
734 3556 808 3612 reli-
862 3557 897 3613 ad
912 3557 1073 3625 ingressum
1088 3556 1246 3612 constructi
1272 3561 1302 3611 et
1324 3554 1468 3637 grapbice
1479 3553 1618 3636 delineatl
1647 3554 1683 3640 ab

88 3634 126 3677 us
139 3620 272 3696 fictisque
287 3628 443 3693 convictis3
462 3630 636 3699 quodetiam
656 3628 681 3683 si
697 3628 746 3697 qui
760 3640 809 3682 an·
862 3628 1003 3698 diinqbio
1015 3628 1065 3683 lib.
1078 3641 1116 3689 ιι,
1130 3639 1192 3696 cap.
1207 3622 1251 3707 31,
1267 3626 1508 3707 ῃιιιῦιιοιιιοιιιιιιε
1519 3625 1558 3707 8.Ι
1572 3624 1682 3691 Silyani

92 3689 211 3765 debant,
233 3698 360 3753 timendo
388 3698 590 3769 reprimebant.
618 3698 689 3765 Quis
712 3703 806 3753 autem
862 3696 1176 3755 cums.llonifacioibi
1197 3696 1266 3751 olim
1290 3695 1425 3766 depositi.
1450 3696 1523 3764 ilaec,
1551 3708 1681 3766 inquam,

88 3761 269 3834 taliquando
284 3768 411 3825 fidelium
426 3775 546 3825 stantem
572 3770 745 3826 sacerdotem
771 3768 806 3824 ad
862 3770 931 3826 aliis
945 3768 1120 3826 observanda
1131 3767 1333 3835 relinquimus,
1353 3774 1383 3823 ut
1396 3780 1429 3822 ca
1446 3780 1509 3849 quae
1530 3765 1565 3823 ad
1590 3779 1683 3850 arqu-

97 3844 181 3889 ιιιιιι
214 3850 446 3897 sarcasmorum
473 3853 575 3896 conius
610 3853 749 3896 unirinis
773 3853 808 3895 ao
863 3840 1536 3920 mentumanobisassumptumspeetantuuice
1582 3843 1686 3893 istim-

88 3914 189 3961 ittolutii
228 3922 387 3972 cutruuoue
429 3924 619 3968 masrnuciuu
652 3913 748 3968 dicere
778 3911 808 3965 in
863 3906 1547 3991 gamus,scilicetregalecbilstisacerdotiuma
1576 3914 1683 3991 aeterno

88 3984 137 4032 ns:
151 3974 245 4037 Odeio
260 3981 314 4037 tibi
338 3983 524 4049 sacrificium,
539 3986 629 4052 Patre,
656 3982 698 4038 vel
712 3982 807 4045 Paule.
865 3983 1000 4040 Pontidce
1015 3981 1172 4039 secundum
1184 3978 1314 4037 ordinem
1326 3978 1533 4061 lfelcbisedecli
1543 3991 1682 4061 suisapo

88 4044 193 4116 odana,
206 4066 272 4109 cum
287 4054 361 4124 apud
372 4069 470 4111 eorum
496 4057 648 4112 memorias
673 4053 809 4109 odoratur
863 4048 1686 4134 stoliacommnniiatumeorumquesuccessoribus,liube-

88 4116 176 4175 uloos
189 4129 219 4179 et
229 4123 359 4181 bomines
369 4132 397 4182 et
412 4131 550 4195 martyres
564 4125 643 4193 ferit,
655 4133 684 4181 et
698 4125 808 4181 sanctis
863 4140 922 4182 ram
936 4138 1065 4196 pompam
1080 4137 1138 4180 suae
1152 4121 1307 4192 dignitatis
1326 4121 1500 4190 explicuisse
1526 4121 1572 4177 liis
1593 4128 1680 4177 etiam

88 4188 185 4261 anelis
209 4194 320 4252 caelesti
350 4198 456 4254 bonore
479 4199 639 4267 sociavit»
665 4207 718 4253 etc.
734 4197 808 4251 lluic
863 4195 1115 4268 siqnisapaeidco
1127 4192 1277 4249 salomone
1288 4191 1421 4249 Ecclesia
1431 4204 1543 4275 sponsae
1555 4201 1684 4276 suetra-

88 4270 135 4315 rite
168 4262 324 4337 augustini
353 4269 531 4337 expressioni
573 4270 723 4338 respondet
748 4266 807 4322 alfa
861 4269 933 4324 ditis
949 4266 1156 4339 percatbedras
1171 4270 1317 4322 seniorum
1333 4264 1491 4347 apostolica
1514 4262 1682 4346 fundatione

88 4331 166 4387 isub
177 4334 246 4391 boni
260 4339 386 4396 Pastoris
395 4338 487 4411 effigie
507 4346 535 4395 ct
560 4354 647 4409 supra
673 4339 806 4407 martyris
863 4339 892 4395 iu
904 4339 997 4395 antris
1009 4336 1238 4409 persecutionum
1252 4338 1371 4417 erectas,
1380 4340 1409 4390 et
1429 4347 1457 4388 iii
1470 4346 1536 4402 pace
1548 4334 1682 4418 Ecclesia

88 4410 113 4455 m
128 4416 311 4479 mensamque
323 4411 425 4466 altaris
438 4411 468 4465 in
485 4410 592 4479 pariete
606 4411 741 4477 colorata,
755 4408 804 4463 ubi
861 4410 1134 4479 perconstantinum
1144 4413 1241 4476 parata
1249 4405 1406 4463 sublimius
1418 4409 1525 4459 erectas
1538 4405 1572 4460 ad
1584 4418 1682 4488 regios

111 4486 210 4543 pueris
236 4480 267 4536 in
299 4479 414 4536 fornace
437 4480 597 4551 Babylonia
632 4481 720 4536 unius
754 4479 803 4534 Dei
862 4479 1188 4538 tlironosbasilicarum.
1220 4476 1477 4558 Episcopalcsvero
1496 4473 1593 4530 tlirom
1618 4474 1681 4532 orbi

88 4551 473 4608 inonstanterasseremtbus
483 4552 802 4623 apparetangelusllei;
819 4556 847 4617 D
861 4555 995 4609 uniuerso
1010 4547 1370 4621 magnificentiuseiipositi
1384 4559 1414 4600 in
1424 4544 1542 4614 synodis
1553 4557 1682 4601 cacume-

88 4611 803 4693 icetintelligamusdivimtattstestesseucmlsu

88 4687 246 4747 *esbonore
264 4706 330 4750 cum
356 4694 466 4765 angells
489 4694 596 4750 sociari
620 4693 657 4748 ab
679 4693 806 4749 Ecclesia

88 4760 198 4889 :sacnrtig
208 4763 317 4821 litteris
330 4778 395 4821 cum
415 4766 577 4837 Augustino
588 4765 686 4821 edocta
702 4765 729 4820 id
746 4778 807 4820 sen·

95 4840 147 4898 pio
198 4836 233 4890 ri.

88 4910 96 4953 ι
111 4903 199 4962 etiam
213 4921 248 4963 ex
260 4906 383 4977 epistola
400 4908 429 4961 B.
442 4908 577 4978 Cypriani
593 4908 627 4964 ad
643 4907 669 4962 S.
684 4907 804 4963 Lucium

98 4974 257 5046 scriptam
279 4982 477 5049 persecutione
508 4981 587 5036 Decii
607 4986 636 5035 et
661 4978 805 5033 Valeriani

90 5048 298 5110 patriarchales
313 5049 399 5105 Urbis
418 5049 546 5106 basilicae
564 5051 662 5122 legunt
687 5051 716 5104 in
732 5048 805 5105 festo

88 5126 110 5167 m
122 5117 151 5171 S.
162 5120 244 5175 Lucii
256 5123 305 5193 PPj
323 5127 436 5176 constat
448 5122 589 5190 quomodo
609 5122 700 5191 flqura
729 5127 805 5176 trum

90 5198 138 5241 um
154 5198 302 5258 aptaretur
316 5193 485 5247 constantiae
498 5193 687 5248 confessionis
701 5192 806 5247 lfoma-

118 5262 296 5326 pontiflcum.
324 5264 418 5332 Quare
434 5263 463 5317 iii
489 5264 624 5318 llomanis
650 5270 805 5332 martyrum

88 5327 399 5401 immmwwn

88 5402 127 5456 iis
138 5400 259 5460 frontem
269 5421 353 5476 quam
367 5404 721 5460 dicimusloculamentum
735 5404 806 5459 illud

92 5472 147 5537 uit,
161 5474 190 5531 in
200 5490 257 5547 qno
269 5486 326 5533 tres
337 5478 435 5547 figurae
445 5475 565 5544 depictae
575 5482 650 5531 sunt.
664 5475 808 5529 lllediaest

92 5547 232 5602 ssarcufo
243 5563 296 5604 suo
308 5547 474 5618 hujusmodi
490 5548 518 5600 in
530 5547 604 5600 clivo
619 5545 807 5600 loculamenta

88 5620 152 5684 itis
176 5620 204 5672 ln
235 5634 291 5689 quo
321 5625 426 5690 cryptae
441 5617 805 5686 coemeteriiaperiaesum.

88 5692 121 5741 'at
141 5695 236 5744 autem
258 5692 287 5744 ι’.
303 5691 331 5744 C.
359 5689 497 5746 dominus
510 5690 631 5744 loannes
656 5690 809 5811 Maranga-

96 5770 246 5817 sacrorum
270 5762 497 5817 caemeteiiorum
526 5759 732 5827 peritissimus,
777 5772 810 5813 as

88 5835 175 5900 :rytas
191 5834 333 5901 pertinere
341 5846 424 5904 posse
438 5833 472 5886 ad
490 5830 570 5885 illam
596 5837 702 5899 partem
714 5843 811 5885 coeme·

862 4624 948 4689 nicls,
963 4619 1200 4695 quemadmodum
1216 4617 1488 4675 aCliristollomino
1514 4621 1677 4696 potestatem

861 4695 1059 4760 obtinuerunt,
1077 4692 1143 4746 itaa
1159 4688 1262 4756 pietate
1273 4688 1436 4757 principum
1447 4696 1610 4768 accessione
1632 4699 1681 4768 ie-

861 4766 970 4837 galium
981 4759 1286 4831 insigniumcumulati
1295 4758 1422 4827 eiusdem
1431 4761 1603 4823 maiestatem
1618 4755 1681 4811 ubi·

861 4849 917 4907 que
932 4841 1106 4906 regnantem,
1122 4838 1151 4885 et
1164 4832 1247 4899 quasi
1262 4826 1416 4885 scabellum
1433 4826 1535 4896 pedum
1560 4840 1678 4882 suorum

861 4907 957 4962 orbem
973 4914 1054 4961 terrae
1065 4900 1231 4958 subdentem
1243 4900 1371 4972 legatisa
1399 4909 1429 4953 se
1449 4897 1682 4953 constitutlsde-

860 4978 1050 5033 claraverunt.
1061 4972 1230 5028 Consulares
1239 4972 1329 5042 igitur
1341 4966 1427 5034 sellae,
1441 4967 1554 5032 trabea,
1571 4967 1680 5050 laticla-

860 5050 907 5103 via
918 5046 1062 5103 ministris
1073 5038 1424 5099 Cbiisticeitatimoblata
1435 5044 1504 5092 sunt
1521 5051 1684 5108 aprincipi·

861 5115 1075 5181 busntbumili
1095 5120 1239 5182 pastorum
1262 5109 1682 5182 pallioetpiseatoiampanuis

861 5190 1123 5246 substernerentur.
1139 5185 1230 5239 Sacrae
1248 5183 1385 5238 afmrlum
1408 5192 1509 5234 mensae
1537 5193 1639 5234 aurum
1654 5188 1682 5235 et

861 5265 1010 5329 arpentum
1018 5253 1350 5327 potoriumabduqusiis
1359 5250 1683 5333 tricliniispassiumcoii·

863 5332 1016 5392 tributum.
1030 5335 1061 5383 ut
1072 5327 1195 5396 pretiosa
1206 5337 1323 5396 quaque
1334 5322 1462 5390 supellex
1473 5321 1591 5374 numani
1602 5319 1685 5375 fasti·

863 5404 902 5469 qli
920 5401 1102 5456 dedicaretur
1116 5398 1144 5450 in
1156 5410 1228 5450 verae
1238 5395 1403 5450 divinitatis
1415 5391 1524 5446 cultum
1545 5389 1599 5445 sub
1609 5403 1681 5446 novo

864 5474 978 5529 foedcre.
995 5483 1050 5525 non
1061 5482 1144 5523 secus
1160 5479 1193 5519 ac
1207 5463 1323 5535 profana
1336 5463 1530 5533 AEgyptiornin
1548 5461 1681 5529 spoliain

864 5534 1042 5599 tabernaculi
1053 5545 1250 5595 ornamentum
1265 5536 1318 5590 sub
1333 5533 1477 5589 veteribus
1490 5532 1598 5614 tabulis
1611 5545 1683 5587 coii-

863 5614 1056 5668 vertebantur.
1071 5611 1142 5664 llinc
1157 5609 1247 5676 igitur
1258 5606 1462 5674 einanatlonga
1476 5603 1527 5684 illa
1537 5615 1626 5684 series
1636 5604 1684 5658 do·

864 5686 1011 5742 uariorum
1027 5682 1102 5749 apud
1127 5678 1301 5748 biographos
1328 5674 1491 5745 pontificius
1518 5676 1685 5743 insingulis

863 5757 951 5812 ferme
963 5753 1036 5807 Vitis
1051 5751 1198 5821 proprium
1212 5748 1360 5804 elenclinm
1376 5753 1504 5800 attexens
1521 5749 1555 5825 ‘et
1569 5757 1684 5826 enume-

865 5841 941 5895 rans,
954 5829 1055 5894 piaeter
1065 5821 1160 5877 omnis
1173 5821 1287 5890 generis
1296 5817 1398 5872 vasafn
1413 5815 1550 5872 basilicis
1560 5813 1703 5875 actxtntx
