3892 6136
113 245 167 304 2⁴5
508 252 556 308 AD
573 253 791 311 anastasium
809 255 1067 313 enotadolsstrtn
1086 257 1174 314 bntr.
1200 253 1415 312 adit-vtitc.
1761 246 1815 307 2⁴6

114 367 398 440 consulibus,exdie
411 373 597 430 nullalendas
610 377 689 431 Febr.
713 392 803 448 usque
819 379 848 433 in
861 379 1022 447 diemAln
1051 379 1115 434 Vlla
1143 379 1186 433 Dii
1218 392 1295 448 papae
1324 376 1465 432 habentur
1497 372 1613 445 quidem
1643 371 1815 442 sequentia:

116 459 262 513 Nonarum
273 460 441 517 octobrium
455 463 624 520 consulibus
637 466 824 536 supradictis.
841 485 855 517 ι
870 467 939 536 Quae
994 485 1008 518 ι
1024 467 1075 521 llic
1091 480 1126 522 ex
1139 472 1240 537 rogatu
1255 465 1342 520 beatae
1356 463 1493 519 Praxedls
1507 460 1652 518 dedicavit
1665 459 1817 516 ecclesiam

117 551 219 603 auctor
229 549 347 605 secundi
363 549 489 623 catalogi
505 552 548 607 sic
563 552 670 608 refert:
690 574 703 605 «
718 556 783 610 Fuit
798 556 939 625 tempori·
992 552 1128 609 Thermas
1139 555 1239 610 Novati
1256 554 1285 608 in
1299 554 1362 608 vico
1377 551 1491 607 Patritii
1508 551 1538 605 in
1555 551 1691 605 honorem
1707 548 1818 603 sororis

119 633 174 690 bus
187 635 369 693 Constantini
385 644 413 693 et
427 639 578 709 Nepotiani
592 643 940 698 secundcconsulibusex
994 657 1053 699 suae
1068 645 1173 698 sanctae
1188 641 1372 706 Potentianae,
1388 639 1438 696 ubi
1455 643 1484 694 ιι
1502 637 1593 694 multa
1608 637 1684 693 dona
1698 635 1819 707 obtulit,

119 723 168 779 die
180 723 297 781 Kalend.
311 724 389 781 Febr.
407 742 498 798 usque
510 729 623 785 indiem
636 731 754 787 Kalend.
770 731 939 788 Octobris.»
996 729 1046 786 ubi
1062 743 1136 800 saepe
1149 729 1324 786 sacrillcium
1341 727 1461 784 Domino
1473 725 1594 782 oiierens
1608 723 1819 794 ministrabat,

122 813 209 869 Error
221 813 407 870 librariorum
422 815 469 871 bic
483 822 527 872 est
549 817 578 873 ln
594 819 746 875 consulum
761 819 939 888 nominibus,
997 818 1065 888 imo,
1081 823 1110 873 et
1123 817 1229 873 iontem
1253 816 1390 886 baptismi
1405 814 1536 871 construi
1552 813 1630 883 iecit,
1656 824 1750 868 mann
1768 825 1821 868 sua

121 900 318 971 nonnullaque
331 903 452 959 mutatio
469 902 543 961 lacta
554 907 669 963 videtur
679 908 708 962 in
718 907 822 963 diebus
835 907 943 979 quibus
997 906 1145 962 benedixit
1157 912 1185 962 et
1199 905 1386 968 consecrarit,
1400 910 1428 959 et
1448 903 1554 959 multos
1568 902 1715 958 venientes
1729 900 1766 956 ad
1783 901 1819 956 li·

121 989 434 1060 ldarcussederecoepit
443 998 471 1048 et
480 993 578 1049 desiit.
589 994 676 1050 Porro
685 995 943 1051 auctorPontidca·
996 995 1060 1051 dem
1083 994 1238 1064 baptizavit
1262 994 1421 1049 innomine
1441 992 1604 1048 Trinitatis.
1622 1009 1635 1041 ι
1651 992 1716 1046 llaec
1726 997 1819 1046 tamen

122 1077 804 1150 liserroresbosretiuuit3namait:«Fuitautem
812 1083 945 1153 tempori·
997 1083 1093 1153 nerba,
1115 1091 1148 1139 ut
1167 1085 1257 1139 Lucas
1278 1082 1444 1139 Holstenius
1459 1080 1578 1150 notavit,
1594 1078 1700 1135 absunt
1723 1078 1823 1135 ai'lo-

123 1164 362 1222 busConstantini
374 1169 945 1240 etNepctianiadsecundiconsulum,ex
999 1171 1122 1227 reatinis
1147 1170 1299 1227 codicibus
1323 1168 1529 1239 manuscriptis
1542 1173 1570 1222 et
1589 1166 1688 1238 Regio,
1704 1172 1733 1223 et
1753 1166 1822 1237 quia

121 1252 946 1329 dielialend.Febr.usqueindiemKalendoctobris.»Ex
998 1265 1078 1314 extra
1096 1259 1225 1315 ordinem
1242 1258 1374 1328 apposita
1390 1257 1506 1313 suntad
1524 1255 1607 1312 linem
1622 1254 1702 1324 vitae,
1725 1261 1823 1325 postea

126 1341 234 1413 quibus
243 1343 406 1399 conilrmarl
421 1346 534 1402 videtur
544 1349 619 1419 quod
628 1355 729 1404 auctor
741 1347 820 1404 Libri
830 1347 947 1405 Pontid-
1000 1347 1091 1403 eidem
1112 1346 1197 1403 Libro
1222 1345 1384 1403 Pontillcali
1408 1346 1517 1414 adjecta
1542 1342 1632 1400 luisse
1652 1343 1822 1400 creduntur.

124 1429 378 1488 calisconsuleset
389 1434 741 1494 diesPontillcatusltlarci
753 1437 947 1506 desumpserit
999 1431 1825 1507 adjectaqncquesuntquaeinbibrol'ontldcallbaben-

125 1521 946 1598 exsecandocatatogosecutosextoccnscrtpto,quitunc
1000 1529 1049 1580 tur
1064 1524 1117 1580 sub
1133 1525 1245 1580 Victore
1259 1543 1266 1578 ε
1279 1525 1353 1578 «llic
1367 1522 1632 1578 fecitconstitutum
1645 1522 1680 1577 ad
1697 1521 1826 1579 interro-

125 1607 313 1665 librariorum
322 1610 435 1667 incuria
447 1613 617 1682 depravatus
628 1621 681 1671 est.
698 1616 785 1671 Porro
794 1616 947 1687 antiquio-
1001 1612 1143 1683 gationem
1153 1610 1493 1670 sacerdotumdeclrculo
1501 1609 1615 1665 Paschae
1628 1623 1694 1665 cum
1705 1610 1826 1682 presby-

128 1709 187 1752 rem
201 1697 367 1770 catalogum
388 1697 494 1757 fontem
509 1714 571 1757 esse
585 1716 619 1758 ex
635 1717 692 1774 quo
712 1710 813 1761 auctor
827 1706 945 1762 secundi
961 1700 986 1759 B
1001 1702 1072 1757 teris
1082 1701 1261 1771 etepiscopis
1273 1700 1346 1755 lacta
1359 1699 1523 1767 collatione,
1535 1705 1563 1753 et
1574 1700 1715 1754 accersito
1729 1699 1826 1755 Theo·

126 1785 253 1858 catalogi
262 1788 413 1844 consulum
424 1789 540 1846 nomina
551 1792 682 1861 protulit,
694 1795 947 1852 nemoindubium
1003 1793 1083 1865 pbilo
1098 1792 1232 1861 episcopo
1254 1789 1434 1844 Alexandriae
1449 1787 1523 1843 iacta
1540 1789 1774 1859 congregatione,
1796 1794 1826 1845 nt

127 1874 481 1945 vocabit,quiconsiderat
492 1884 555 1949 post
569 1881 766 1950 pontificatum
782 1883 900 1955 Liberii,
918 1886 947 1941 in
1002 1897 1019 1938 a
1034 1886 1135 1952 quarta
1147 1880 1258 1935 decima
1273 1879 1341 1933 luna
1359 1876 1444 1947 primi
1463 1876 1569 1932 mensis
1584 1876 1724 1947 usquead
1742 1877 1826 1949 vige-

129 1977 186 2034 quo
207 1964 357 2034 antiquior
381 1965 630 2039 Catalognsilnem
646 1971 762 2041 accipit,
781 1972 949 2030 insecundo
1004 1970 1105 2026 simam
1125 1968 1246 2038 primam
1258 1967 1306 2022 die
1319 1965 1469 2022 Dominica
1491 1965 1674 2023 custodiatur
1694 1971 1825 2022 sanctum

128 2052 263 2123 catalogo
293 2052 390 2110 nullos
422 2056 548 2127 amplius
573 2058 707 2115 consules
733 2061 887 2132 assignari.
919 2064 949 2117 ln
1004 2057 1230 2113 Pascua.»ttaec
1244 2056 1322 2111 enim
1337 2052 1377 2108 ibi
1389 2059 1469 2109 extra
1482 2053 1611 2109 ordinem
1627 2054 1825 2126 reperiuntur,

128 2142 249 2197 Damaso
264 2142 339 2197 enim
364 2143 472 2200 tiberii
488 2159 652 2203 successore
676 2147 760 2204 babet
779 2156 880 2206 auctor
901 2164 951 2206 se-
1005 2152 1155 2218 postquam
1170 2145 1205 2200 de
1217 2142 1452 2200 ordinationibus
1466 2148 1561 2197 actum
1577 2146 1648 2210 erat,
1660 2142 1712 2198 ubi
1728 2147 1758 2198 ιι
1773 2156 1826 2199 no-

127 2230 216 2286 cundi
228 2230 375 2303 catalogi:
392 2252 406 2285 «
421 2233 599 2292 Seditannos
614 2233 657 2303 ll,
672 2250 783 2294 menses
794 2236 821 2307 3,
831 2239 894 2295 dies
906 2254 945 2295 rr.
1004 2234 1121 2291 tandum
1134 2234 1209 2305 quod
1223 2231 1272 2288 illa
1283 2246 1346 2303 quau
1356 2232 1391 2287 de
1402 2228 1748 2300 Tbeopbilodteecndrinc
1759 2244 1828 2286 nar-

128 2318 196 2375 Fuit
217 2319 395 2388 temporibus
406 2320 527 2377 iuliani.
543 2340 557 2372 a
579 2323 687 2380 ductor
705 2338 770 2381 vero
793 2326 950 2384 Pontitlca-
1006 2328 1106 2378 rantur
1121 2321 1193 2377 falsa
1208 2321 1277 2390 sint,
1292 2333 1357 2376 cum
1371 2319 1546 2388 Tbeopbilus
1560 2319 1752 2375 caesareensis
1763 2316 1828 2376 lue-

129 2405 187 2461 lis:
204 2405 310 2462 «sedit
321 2419 412 2463 annos
424 2408 520 2464 decem
535 2415 563 2465 et
573 2418 646 2482 octo,
661 2413 809 2468 mensibus
823 2414 968 2493 duobus„
1005 2413 1054 2480 rit,
1066 2411 1101 2466 ad
1117 2424 1200 2481 quem
1215 2410 1322 2477 Victor,
1335 2414 1406 2464 teste
1427 2407 1511 2477 Beda,
1529 2407 1581 2462 bac
1599 2407 1635 2462 de
1648 2419 1678 2462 re
1694 2409 1824 2479 scripsit.

127 2493 231 2550 diebus
245 2494 355 2550 decem.
369 2496 430 2551 »Et
441 2503 504 2565 post
513 2506 644 2555 enarrata
661 2500 712 2556 illa
725 2513 788 2570 quae
803 2503 837 2558 ad
855 2503 950 2559 intru-
1003 2501 1119 2570 lldjecta
1135 2504 1297 2554 tamennon
1313 2503 1390 2565 sunt,
1408 2497 1455 2552 sed
1470 2509 1580 2565 semper
1600 2496 1630 2550 in
1651 2495 1738 2553 Libro
1752 2498 1828 2555 Pon-

127 2582 238 2639 sionem
248 2582 374 2638 Ursicini
386 2591 535 2655 spectant:
555 2588 754 2645 «Fuitautem
769 2591 950 2660 temporibus
1005 2585 1572 2655 tilicaliexstitisseridentursequentia,
1583 2598 1646 2655 quae
1659 2584 1688 2639 in
1703 2586 1829 2644 ιιιιιιιιο

127 2669 247 2741 tuliani,
264 2671 370 2728 »nulla
396 2673 514 2729 omnino
527 2675 670 2732 mentione
688 2675 762 2732 facta
783 2678 951 2735 consulatus
1004 2677 1138 2747 catalogo
1155 2689 1212 2730 nun
1225 2674 1410 2743 reperiuntur
1426 2692 1433 2729 :
1450 2694 1463 2725 ι
1481 2672 1557 2728 Fecit
1579 2672 1772 2729 constitutum
1795 2674 1830 2730 de

130 2771 187 2829 quo
221 2758 361 2815 Damasus
390 2767 514 2830 coeperat
539 2759 710 2834 ilnieratque
739 2766 947 2835 pontillcatum.
1005 2764 1141 2832 Ecclesia,
1159 2770 1192 2818 ut
1206 2769 1322 2832 patenas
1342 2762 1449 2817 vitreas
1464 2767 1530 2816 ante
1545 2761 1708 2817 sacerdotes
1725 2762 1756 2817 in
1772 2763 1829 2817 lic-

129 2846 206 2902 ldem
218 2845 314 2902 videre
329 2847 397 2903 licet
412 2848 442 2903 in
461 2849 576 2918 siricio,
601 2852 764 2921 Anastasio,
785 2854 951 2911 innocentio
1005 2852 1121 2927 clesiam
1138 2851 1265 2906 ministri
1282 2855 1438 2920 portarent,
1451 2849 1542 2906 donec
1555 2849 1709 2919 episcopus
1726 2850 1830 2906 missas

120 2933 233 3004 primo,
248 2935 359 2991 zosimo
379 2935 504 3006 allisque
524 2938 639 2993 Damasi
655 2940 881 3003 successoribus,
898 2957 952 2997 us-
1005 2940 1171 3007 celebraret,
1194 2946 1259 2994 ante
1282 2952 1313 2994 se
1335 2937 1534 2994 sacerdotibus
1549 2937 1723 3006 astantibus,
1739 2943 1769 2993 ιι
1788 2938 1831 2993 sic

127 3035 183 3092 que
197 3022 232 3077 ad
246 3023 392 3084 loannem.
406 3024 490 3093 cujus
501 3027 622 3096 tempori
639 3040 704 3084 cum
721 3030 950 3087 auctorsecundi
966 3027 990 3088 C
1007 3029 1102 3084 missae
1111 3026 1301 3096 celebrantur,
1313 3033 1430 3096 excepto
1439 3026 1514 3096 qnod
1525 3026 1723 3095 ejusepiscopi
1736 3026 1833 3082 inter-

128 3108 256 3181 catalogi
270 3111 384 3168 vicinus
396 3112 494 3184 luerit,
510 3115 637 3183 ejusdem
652 3117 816 3186 ponticatus
831 3117 950 3174 initium
1006 3123 1091 3186 esset,
1107 3122 1139 3172 ut
1152 3121 1263 3172 tantum
1276 3114 1371 3170 clerus
1386 3115 1543 3169 sustineret
1558 3114 1695 3170 omnibus
1710 3128 1834 3184 prasen-

128 3197 248 3253 etllnem
257 3198 344 3254 certis
355 3199 525 3256 consulibus
538 3201 696 3273 assignavit
709 3218 715 3254 ι
728 3224 741 3256 ι
752 3203 842 3273 Sedit,
855 3205 952 3275 inquit
1007 3205 1086 3261 tibus
1097 3218 1132 3259 er
1144 3217 1177 3260 ea
1189 3203 1402 3259 consecratione
1412 3201 1446 3257 de
1462 3215 1548 3258 manu
1567 3202 1694 3272 episcopi
1706 3203 1767 3270 lam
1780 3215 1833 3258 co-

129 3284 291 3356 deloanne,
307 3299 398 3343 annos
416 3289 500 3349 duos.
523 3302 634 3345 menses
653 3295 727 3362 octo,
747 3290 811 3346 dies
826 3293 954 3362 quinde—
1008 3306 1105 3349 ronam
1121 3297 1326 3360 consecratam,
1342 3295 1370 3345 et
1383 3291 1527 3358 acciperet
1542 3289 1689 3360 presbyter
1710 3291 1836 3347 traden-

131 3373 199 3444 cim,
223 3387 239 3429 a
267 3377 422 3431 consulatu
447 3376 564 3431 blaximi
593 3391 684 3449 usque
708 3379 742 3434 ad
770 3379 952 3437 consulatum
1006 3381 1071 3436 darn
1088 3380 1202 3450 populo.
1219 3380 1314 3448 »Quae
1330 3379 1472 3435 undenam
1489 3379 1639 3448 desumpta
1654 3379 1724 3449 sint,
1743 3377 1836 3436 iateor

128 3460 232 3518 Olibrl.
250 3480 264 3513 ι
284 3462 352 3533 Quae
371 3463 467 3519 eadem
493 3465 597 3533 repetit
611 3472 712 3521 auctor
727 3465 901 3536 pontillcalis
921 3469 951 3523 in
1009 3483 1051 3524 me
1067 3469 1207 3540 ignorare.
1438 3471 1442 3478 '

130 3549 184 3606 boc
198 3551 340 3622 pontifice,
350 3552 394 3607 uti
407 3557 435 3609 et
447 3551 476 3607 in
492 3552 705 3623 Felicequarto,
715 3568 839 3625 quocum
852 3563 954 3613 auctor
1043 3555 1068 3612 ι,
1085 3559 1269 3628 Nequaquam
1286 3561 1379 3614 tamen
1401 3557 1551 3628 ignoratur
1564 3555 1834 3628 undedesumptum

128 3639 248 3696 mcundi
263 3639 390 3712 catalogi
407 3640 491 3696 linit:
511 3662 524 3695 a
539 3642 562 3696 lt
575 3643 726 3699 consulatu
740 3643 842 3700 bburtl
863 3659 954 3717 usque
1010 3645 1048 3702 sit
1060 3645 1133 3716 quod
1150 3645 1179 3700 in
1189 3645 1322 3701 Cornelio
1338 3658 1409 3715 papa
1424 3644 1623 3702 babetauctor
1636 3644 1716 3700 Libri
1730 3646 1837 3702 Ponti⁴

133 3727 163 3781 in
187 3726 369 3783 consulatum
396 3729 531 3796 Lampadi
554 3735 583 3785 et
600 3731 754 3801 Orestis,a
775 3732 823 3788 die
841 3746 869 3788 ru
888 3735 956 3791 ldus
1012 3733 1104 3789 iicalis
1120 3733 1166 3789 bis
1181 3734 1296 3789 verbis:
1316 3753 1329 3786 α
1349 3732 1408 3789 Sub
1422 3735 1506 3803 cujus
1520 3733 1689 3803 episcopatu
1708 3735 1837 3790 Noratus

129 3813 272 3870 luliarum
288 3828 378 3885 usque
394 3816 423 3871 in
437 3816 513 3871 diem
538 3831 566 3871 ιι
580 3817 826 3876 tdusoctobris.»
851 3822 955 3880 llburti
1011 3822 1199 3878 Novatianum
1215 3830 1294 3878 extra
1308 3822 1464 3877 Ecclesiam
1480 3821 1635 3891 ordinavit,
1648 3825 1677 3876 et
1692 3821 1722 3876 in
1738 3821 1836 3879 Airica

133 3903 195 3959 loco
224 3907 324 3960 auctor
357 3903 534 3960 Pontificalis
558 3904 628 3977 legit
652 3908 957 3967 Mamominmaetera
1011 3908 1376 3966 Nicostratumilociacto
1396 3907 1583 3971 confessores,
1604 3910 1699 3979 quise
1716 3922 1839 3980 separa-

30 4000 34 4004 ·
133 3991 957 4055 rerbaeademomnioosunt.UndeauctorLibrlPonti·
1013 3996 1357 4052 veruntacornellocum
1372 3997 1496 4053 llaximc
1514 3996 1688 4067 presbytero.
1703 3998 1755 4067 qui
1771 4011 1838 4054 cum

134 4079 227 4137 dcalis
252 4093 285 4136 ea
310 4094 327 4137 a
349 4083 475 4139 secundo
497 4082 631 4155 catalogo
656 4092 805 4143 mutuatus
830 4086 956 4143 ridetur.
1012 4087 1106 4154 Moyse
1121 4084 1187 4154 luit,
1200 4085 1234 4139 ad
1250 4085 1405 4140 Ecclesiam
1422 4090 1491 4140 sunt
1503 4085 1607 4140 reversi
1622 4102 1629 4138 ι
1646 4084 1755 4141 etlactl
1770 4091 1840 4143 sunt

133 4169 224 4239 Cujus
238 4167 420 4227 manifestum
443 4171 559 4242 signum
572 4171 644 4229 illud
656 4186 771 4243 quoque
783 4174 957 4232 censendum
1012 4170 1189 4227 confessores
1211 4171 1319 4227 ildeles.
1346 4174 1412 4228 Post
1435 4173 1487 4228 boc
1508 4172 1660 4229 Cornelius
1681 4174 1840 4244 episcopus

135 4263 179 4314 est
191 4259 267 4328 quod
279 4264 343 4328 post
352 4259 568 4316 llormisdamet
579 4260 711 4332 Felicem,
724 4262 773 4331 qui
787 4263 845 4318 duo
859 4263 956 4319 ultimi
1012 4260 1215 4317 centumcellis
1225 4261 1386 4330 pulsusest,
1397 4261 1475 4317 etibl
1491 4262 1627 4331 scriptam
1636 4261 1791 4332 epistolam
1804 4263 1840 4318 de

136 4353 205 4403 sunt
219 4348 255 4403 ab
267 4354 383 4405 auctore
402 4350 522 4406 secundi
543 4350 670 4421 catalogi
692 4350 827 4418 exbibiti,
846 4350 958 4408 nullius
976 4364 1065 4428 Deua
1087 4351 1313 4422 confirmatione,
1330 4351 1446 4407 missam
1467 4364 1484 4406 a
1506 4351 1657 4421 Cypriane,
1672 4363 1759 4420 quam
1782 4350 1840 4421 cy-

135 4435 862 4509 alteriuspontiticatusperconsulesdesigneturin
875 4441 958 4498 Libro
1015 4442 1135 4511 prianus
1156 4440 1187 4495 in
1208 4453 1320 4496 carcere
1334 4441 1462 4510 scripsit,
1478 4445 1506 4495 et
1525 4439 1560 4494 de
1582 4438 1712 4494 celerino
1733 4439 1840 4496 lectore

137 4525 309 4582 Pontificali.
1014 4530 1151 4600 suscepit.
1169 4530 1259 4586 »llaec
1280 4530 1356 4586 eninr
1371 4529 1521 4598 desumpta
1534 4534 1603 4584 sunt
1615 4529 1719 4598 partim
1734 4542 1770 4584 ex
1783 4542 1841 4583 an-

172 4617 200 4674 3.
213 4616 283 4674 Cum
305 4618 403 4689 itaque
418 4631 452 4674 ex
468 4616 557 4673 dictis
579 4620 674 4688 pateat
698 4618 841 4675 undenam
859 4625 961 4677 auctor
1015 4618 1292 4692 tiquiorecatalogq
1305 4620 1408 4687 partim
1419 4632 1453 4674 er
1461 4618 1601 4688 Cypriane
1613 4619 1686 4688 ipso,
1698 4621 1841 4675 utauctor

138 4708 217 4766 libri
230 4705 572 4764 Pontiilcalisconsulum
598 4713 680 4763 notas
694 4713 722 4763 et
735 4709 960 4781 pleraquegesta
1016 4726 1071 4769 non
1086 4711 1206 4767 obscure
1228 4710 1346 4765 indicat.
1373 4706 1503 4777 Reliqua,
1522 4721 1586 4777 quaa
1610 4705 1755 4762 habentur
1777 4710 1842 4775 post

136 4795 303 4867 descripsit,
320 4795 472 4852 videndum
496 4801 539 4852 est
554 4797 629 4852 unde
644 4800 744 4853 caetera
756 4802 835 4868 Acta,
851 4813 914 4869 quae
930 4800 961 4855 in
1015 4800 1091 4857 beati
1103 4799 1178 4856 Petri
1193 4796 1409 4854 translationem
1423 4796 1458 4851 de
1477 4809 1564 4852 causa
1578 4794 1614 4851 ob
1628 4808 1713 4864 quam
1739 4793 1841 4850 beatus

139 4888 265 4945 mcundo
274 4886 408 4958 catalogo
420 4884 539 4940 minime
549 4885 745 4957 reperiuntur,
757 4888 959 4958 desumpserit.
1016 4888 1166 4945 Cornelius
1181 4884 1318 4954 martyrio
1339 4890 1493 4939 coronatus
1507 4888 1560 4953 est,
1585 4897 1620 4939 ex
1641 4883 1723 4938 dctis
1747 4883 1840 4938 sancti

139 4975 362 5046 Pluraequidem
373 4975 558 5045 reperiuntur
567 4975 596 5031 in
610 4975 693 5032 Libro
704 4976 863 5032 Pontillcali
876 4990 962 5048 quam
1018 4979 1106 5048 bujrrs
1121 4975 1266 5048 pontilicis
1278 4974 1430 5042 desumpta
1445 4978 1523 5037 sunt,
1541 4972 1583 5029 uti
1599 4977 1627 5028 et
1637 4971 1764 5027 exactis
1776 4973 1857 5027 Ste-'

59 5059 65 5064 “
140 5063 171 5117 in
194 5065 319 5120 secundo
332 5065 477 5137 catalogo,
494 5072 526 5121 ut
546 5072 622 5137 patet
636 5067 665 5121 in
687 5066 791 5135 primis
811 5079 845 5121 ιιι
868 5065 963 5122 verbis
1020 5065 1118 5136 pbani,
1133 5077 1195 5135 quae
1215 5065 1316 5116 auctor
1335 5059 1414 5115 libri
1438 5059 1617 5115 Pontibtalis
1632 5059 1717 5114 babet
1739 5059 1776 5114 ab
1795 5059 1843 5114 bis

139 5149 338 5221 sequentibus,
367 5168 429 5223 qnae
459 5154 603 5210 babentur
632 5155 661 5209 in
692 5154 725 5207 D.
753 5153 863 5209 Petro:
891 5154 964 5209 Obiit
1019 5152 1134 5209 verbis:
1151 5149 1404 5218 Suistempora‘bus,
1428 5148 1562 5218 usquead
1576 5148 1737 5204 illazliecit
1762 5141 1843 5201 ordi-

137 5243 200 5310 pcst
217 5239 370 5309 passionem
391 5244 500 5296 Domini
523 5239 570 5296 38.
599 5241 662 5295 llaec
683 5254 804 5311 namque
825 5243 860 5298 de
887 5246 964 5298 tem-
1018 5245 1151 5296 animnos.
1165 5239 1232 5308 Quae
1245 5237 1341 5293 omnia
1363 5237 1393 5292 in
1416 5237 1542 5293 secundo
1566 5237 1701 5308 Catalogo
1723 5236 1844 5292 deside-

142 5341 209 5398 pore
233 5326 331 5383 obitus
355 5327 430 5382 Petri
457 5342 514 5384 non
543 5329 572 5383 ln
595 5328 720 5384 secundo
744 5329 887 5401 catalogo,
912 5330 961 5387 scd
1018 5336 1128 5387 rantur.
1145 5329 1236 5384 Pauca
1248 5326 1366 5382 omnino
1380 5327 1477 5381 addita
1490 5331 1559 5381 sunt
1580 5326 1610 5381 ln
1632 5325 1708 5381 Vitis
1731 5325 1794 5380 Caii
1815 5329 1844 5380 ιι

141 5417 215 5486 apud
229 5416 262 5471 D.
277 5416 478 5485 llieronymum
501 5414 577 5472 libro
600 5416 843 5486 descriptoribus
861 5418 963 5474 Eccle-
1017 5417 1187 5486 Marcellini,
1201 5416 1359 5486 pluravero
1380 5415 1409 5469 in
1423 5415 1487 5470 Vita
1499 5414 1637 5481 llarcelli,
1664 5414 1695 5469 in
1715 5428 1780 5485 quae
1795 5427 1844 5470 se-

140 5505 270 5562 slasticis
284 5504 479 5577 reperiuntur,
495 5517 530 5560 ex
539 5517 597 5575 quo
612 5513 714 5562 auctor
728 5505 779 5563 illa
787 5506 958 5578 desumpsit.
1018 5505 1136 5578 quentia
1157 5504 1311 5576 leguntur:
1340 5523 1352 5555 ι
1369 5503 1421 5559 llic
1436 5503 1547 5574 rogavit
1562 5500 1715 5573 quamdam
1732 5504 1845 5558 matro-
