3892 6136
166 290 219 352 tol
560 283 608 344 lb
629 283 848 343 lamisione
866 281 1124 342 ebotbcolxssrta
1141 281 1231 340 abab.
1251 279 1467 340 boli-um
1818 278 1873 342 ⁴oe

165 417 282 477 collatis
309 413 485 472 lectionibus
510 411 609 470 codici
637 411 768 482 Caesarei,
793 409 905 466 easdem
931 388 1256 466 lereAcundusLlnus
1268 407 1334 479 luit,
1343 407 1653 480 ettertiusbnscletus,
1665 411 1692 465 et
1703 409 1729 464 si
1739 408 1872 482 plerique

166 521 275 579 omnes,
291 505 405 563 duabus
419 505 462 560 sel
479 503 574 560 tribus
588 503 725 572 exceptis,
746 501 777 555 in
789 499 917 556 editione
930 497 990 552 llu-
1045 495 1211 558 Latinorum
1225 499 1382 555 secundum
1395 499 1581 569 postPetrum
1594 497 1756 569 apostolum
1768 505 1872 568 putent

164 598 258 655 eherii
274 594 395 666 reperiri
411 593 610 650 animadverti.
633 592 697 648 ilio
717 591 814 661 itaque
832 587 987 658 exemplari
1045 585 1136 643 luisse
1155 587 1336 645 Clementem.
1360 589 1414 643 Ubi
1436 589 1590 658 opinamur
1610 588 1726 645 nomine
1748 589 1872 645 Latino-

164 687 334 756 Bucberius,
351 685 410 742 alio
422 690 488 740 ante
502 697 553 739 nos
566 681 763 738 llenschenius
774 694 844 735 usus
854 683 906 735 est.
920 675 988 745 Quae
1044 691 1108 734 rum
1125 678 1249 735 indicari
1261 680 1337 736 hunc
1348 678 1517 751 Catulogum
1528 693 1544 735 a
1555 684 1653 735 sancto
1661 680 1783 735 Damaso
1795 679 1870 735 mis-

164 783 257 835 tamen
269 776 344 833 nihil
358 775 473 831 obstant
484 774 571 842 hujus
581 772 703 843 catalogi
714 775 742 826 et
753 768 945 842 germanitati,
959 773 989 824 et
1043 781 1108 823 sum
1121 768 1155 824 ad
1171 773 1302 825 sanctum
1314 768 1527 839 Hieronymum,
1545 767 1594 839 qui
1608 768 1694 824 etiam
1710 767 1761 823 lib.
1778 782 1799 838 x,
1813 767 1868 823 ad·

162 865 345 936 antiquitati,
361 876 426 919 cum
447 861 532 918 iacile
546 861 693 932 contigere
712 859 847 929 potuerit,
864 857 941 913 sicut
956 856 986 913 in
1042 870 1143 914 versus
1156 858 1339 915 lorinianum
1352 858 1659 930 appellatclementem
1673 870 1869 914 successorem

162 956 274 1012 caeteris
300 954 486 1024 antiquorum
509 950 645 1022 operibus
669 948 833 1022 frequenter
853 948 985 1019 contigit,
1041 947 1165 1016 apostoli
1188 948 1273 1018 Petri,
1292 956 1320 1005 et
1343 949 1372 1004 in
1391 963 1452 1018 cap.
1476 949 1628 1022 u11,1saiae
1651 948 1791 1019 scribens,
1814 949 1868 1020 ait,

163 1043 300 1101 librarios
313 1049 341 1099 et
355 1041 522 1099 tabellarios
540 1054 596 1097 non
620 1046 716 1097 exacte
734 1038 922 1109 descripsisse
936 1051 988 1094 co-
1041 1049 1108 1092 enm
1121 1043 1185 1108 post
1199 1039 1312 1094 Petrum
1326 1038 1480 1094 Romanam
1498 1038 1607 1094 rexisse
1621 1037 1790 1105 Ecclesiam,
1805 1037 1870 1092 sci-

161 1133 251 1202 dices,
263 1132 312 1188 sed
325 1144 390 1189 cum
406 1130 507 1202 multis
522 1129 633 1185 mendis
645 1134 673 1185 et
687 1129 800 1186 lacunis
811 1128 845 1184 ad
860 1132 988 1198 posteros
1043 1122 1111 1181 licet
1130 1125 1301 1195 interposito
1320 1127 1355 1182 ad
1378 1127 1521 1183 modicum
1537 1132 1650 1195 tempus
1664 1131 1765 1181 sancto
1786 1125 1869 1195 Lino,

162 1221 369 1278 transmisisse.
388 1220 467 1276 Unde
482 1218 624 1275 affirmare
638 1221 739 1290 audeo,
751 1218 851 1273 menda
866 1221 895 1271 et
912 1215 988 1271 lacu·
1042 1215 1090 1271 cui
1104 1216 1277 1272 successisse
1291 1215 1462 1273 Clementem
1478 1216 1598 1272 tradunt
1612 1216 1734 1286 Optatus
1748 1214 1868 1271 bliteri-

162 1325 213 1369 nas
223 1311 338 1384 signum
350 1322 413 1367 esse
424 1310 499 1380 quod
512 1322 597 1379 opera
606 1308 642 1363 ab
653 1307 783 1379 antiquis
796 1305 988 1376 scriptoribus
1042 1307 1138 1376 tanus,
1158 1305 1300 1377 lib.1r,et
1319 1311 1437 1362 sanctus
1453 1305 1644 1376 Augustinus,
1663 1305 1750 1375 epist.
1771 1301 1835 1361 165.
1853 1322 1866 1355 s

161 1399 288 1471 proiecta
304 1400 377 1456 sint.
396 1400 545 1469 Quacum
566 1398 606 1454 ita
621 1410 682 1454 esse
703 1396 809 1468 passim
824 1409 859 1452 ex
882 1408 987 1450 manu·
1077 1393 1105 1450 5.
1120 1394 1263 1452 ilactenus
1279 1395 1475 1452 Henscbcnius
1491 1396 1526 1451 de
1545 1394 1710 1464 antiquiore
1726 1393 1867 1466 catalogo,

116 1475 122 1485 ’
160 1490 280 1561 scriptis
290 1488 443 1547 codicibus
453 1488 617 1559 doceamur,
629 1491 718 1542 restat
731 1485 806 1542 utde
818 1483 987 1541 auctoribus
1041 1482 1119 1539 circa
1134 1485 1219 1552 cujus
1231 1485 1403 1540 sententiam
1420 1483 1558 1541 nonnulla
1575 1482 1677 1539 habuit
1691 1498 1718 1540 v.
1732 1496 1758 1538 c.
1775 1483 1868 1553 Pape-

161 1577 251 1649 bulus
269 1578 402 1651 catalogi,
427 1582 456 1634 et
476 1577 584 1648 quibus
606 1575 783 1647 temporibus
804 1573 984 1644 scripserint,
1042 1572 1190 1641 brochius,
1203 1588 1266 1645 quae
1278 1573 1551 1645 corrigenrladuxit.
1563 1573 1727 1630 buosenim
1740 1575 1865 1643 catalogi

161 1669 261 1739 paucis
275 1668 469 1739 inquiramus.
1040 1669 1171 1720 auctores
1183 1662 1253 1719 lacit
1267 1663 1463 1719 llenschcnius
1482 1663 1639 1719 lutherum
1656 1664 1769 1720 scilicet
1784 1668 1866 1737 prio-

195 1753 222 1811 l.
239 1757 354 1813 Putavit
368 1756 482 1827 quidem
501 1755 698 1811 lienschenius
717 1757 795 1811 tcum
807 1753 900 1824 primo
914 1732 1025 1808 san·B
1041 1753 1092 1809 ris.
1108 1759 1136 1810 et
1148 1755 1299 1811 Damasum
1313 1753 1483 1825 posterioris
1496 1755 1596 1825 partis,
1608 1768 1693 1824 quam
1707 1758 1801 1812 tamen
1813 1770 1869 1826 po-

160 1847 272 1902 ctorum
298 1843 420 1915 Aprilis,
446 1844 534 1913 hujus
558 1843 680 1915 catalogi
703 1844 776 1899 duas
797 1849 891 1915 partes
912 1854 982 1911 esse,
1040 1844 1188 1901 steriorem
1216 1849 1322 1915 partem
1343 1858 1359 1900 a
1384 1851 1508 1914 quatuor
1532 1844 1656 1901 dirersis
1677 1845 1866 1914 compositam

160 1931 981 2007 singulasqueadiversisauctoribusconscriptasluisse:
1040 1930 1514 2003 luisse,crediditPapebrocbius3
1532 1933 1652 1990 undein
1666 1933 1811 2005 Propylaeo
1830 1935 1864 1991 ad

162 2025 297 2095 «Prima,
322 2024 428 2094 inquit,
448 2025 512 2093 elus
532 2037 598 2093 pars
616 2023 776 2093 completur
798 2034 863 2079 cum
885 2024 984 2077 sancto
1038 2021 1284 2079 dctasanctorum
1304 2024 1372 2079 blaii
1388 2023 1536 2094 sequentia
1559 2023 1686 2080 notavit:
1704 2043 1718 2075 c
1736 2023 1865 2080 Secunda

161 2110 273 2169 Urbano
289 2111 424 2182 ponttbce
437 2125 512 2168 anuo
526 2110 579 2167 230
595 2112 764 2183 martyrium
782 2125 874 2181 passo.
889 2112 920 2165 ln
932 2109 985 2164 hac
1039 2122 1106 2183 ergo
1128 2125 1194 2181 pars
1213 2111 1353 2182 inciperet
1368 2125 1384 2168 a
1398 2112 1476 2168 dicto
1502 2112 1651 2181 Pontiano,
1672 2117 1700 2168 et
1716 2108 1769 2168 bac
1797 2124 1865 2182 pas-

162 2200 252 2270 priori
270 2208 350 2271 parte
363 2201 438 2257 nulli
452 2200 586 2257 consules
600 2200 647 2256 bis
660 2207 839 2270 repetuntur,
853 2197 984 2272 quamvls
1039 2201 1094 2257 sim
1104 2201 1210 2271 majora
1222 2201 1389 2271 pontiiicum
1398 2201 1491 2274 elogia
1502 2200 1675 2272 referuntur,
1692 2201 1780 2271 iidem
1793 2214 1865 2258 con-

160 2289 215 2346 sub
230 2289 332 2345 iisdem
347 2290 403 2347 sub
425 2289 533 2361 quibus
556 2290 653 2346 sedere
675 2291 843 2359 inceperunt
867 2286 982 2359 quidam
1039 2290 1118 2346 sules
1133 2297 1310 2361 repetuntur,
1323 2291 1388 2347 dies
1402 2291 1596 2348 ordinationis
1614 2295 1642 2347 et
1657 2291 1758 2346 mortis
1775 2290 1865 2360 ponti-

160 2377 338 2436 luerintsita
349 2377 452 2446 iuncti,
466 2386 517 2436 ant
529 2379 666 2449 martyrio
676 2379 806 2435 coronati
819 2392 918 2435 eorum
931 2377 985 2433 de-
1041 2379 1124 2436 dcum
1147 2381 1343 2452 assignantur.
1361 2385 1394 2438 lli
1410 2383 1469 2439 baec
1484 2395 1549 2452 pars
1564 2387 1687 2451 quatuor
1702 2380 1864 2437 successive

159 2480 330 2526 cessores...
346 2469 454 2526 ductor
467 2469 555 2539 hujus
568 2469 659 2539 partis
673 2467 789 2525 ridetur
801 2480 883 2538 posse
893 2467 983 2523 statui
1039 2475 1155 2526 auctore
1175 2469 1289 2527 ridetur
1305 2470 1440 2527 babuisse
1455 2470 1594 2527 nonnulla
1616 2470 1683 2542 styli
1696 2471 1865 2526 diversitate

159 2564 276 2616 sanctus
290 2560 435 2616 antherus
447 2573 530 2630 papa,
541 2559 590 2629 qul
603 2566 680 2630 gesta
694 2562 849 2628 martyrum
863 2556 984 2628 diligen·
1037 2557 1264 2630 dignoscendam
1293 2573 1413 2630 quorum
1438 2560 1549 2630 primus
1570 2573 1635 2616 cum
1658 2564 1756 2615 sancto
1772 2557 1865 2615 Felice

160 2650 203 2703 ter
217 2661 233 2703 a
246 2647 371 2704 notariis
382 2647 551 2719 exquisivit,
574 2653 603 2703 et
622 2647 652 2702 in
673 2646 794 2703 ecclesia
810 2645 981 2702 recondidit.
1038 2646 1174 2719 dulserit,
1191 2649 1334 2706 secundus
1350 2654 1407 2705 tres
1423 2649 1510 2719 buius
1522 2662 1701 2707 successores
1715 2649 1863 2719 adiecerit,

158 2735 238 2792 Sedit
254 2736 279 2792 is
291 2737 384 2794 solum
404 2751 461 2794 uuo
477 2749 573 2793 mense
588 2737 617 2792 in
633 2749 686 2793 suo
702 2735 880 2806 pontiilcatu,
899 2734 983 2790 nide—
1037 2737 1258 2809 Eutychianum,
1272 2737 1382 2808 Caium,
1399 2745 1426 2794 et
1442 2737 1657 2805 Marcellinum,
1674 2737 1779 2794 tertius
1792 2738 1863 2808 jun-

158 2828 263 2896 turque
290 2832 368 2900 gesta
396 2832 564 2898 martyrum,
591 2826 773 2897 potissimum
804 2837 981 2882 summorum
1038 2828 1113 2884 uerit
1128 2827 1292 2885 Marcellum
1306 2835 1334 2884 et
1348 2828 1521 2898 Eusebium,
1542 2828 1864 2899 quartusaitielchiade

158 2918 326 2989 pontillcum
337 2917 529 2989 exquisivisse
541 2916 659 2972 necdum
672 2913 800 2986 pontifex
814 2914 870 2971 sub
885 2919 982 2971 sancto
1038 2930 1130 2988 usque
1146 2917 1180 2973 ad
1206 2917 1312 2974 hiberii
1330 2917 1415 2973 initia
1431 2918 1617 2988 scriptionem
1637 2917 1863 2990 continuaverit,

157 3008 296 3064 Pontiano
317 3020 483 3064 successore
503 3006 596 3062 sancti
615 3006 732 3074 Urbani,
750 3007 808 3061 imo
827 3004 896 3062 dcta
911 3018 983 3061 san·
997 3060 1019 3121 (¹
1037 3007 1169 3064 floruerit
1182 3012 1277 3071 autern
1294 3008 1348 3065 sub
1372 3007 1460 3077 hujus
1473 3007 1720 3078 decessorelulio,
1735 3007 1765 3062 in
1779 3009 1864 3079 cujus

39 3110 42 3114 ·
156 3100 267 3155 ctorum
283 3096 390 3153 Urbani
409 3103 437 3153 et
453 3095 554 3152 calisti
571 3094 659 3164 hujus
680 3095 841 3152 decessoris
856 3096 947 3152 videri
966 3108 982 3151 a
1011 3096 1020 3120 ¹
1037 3095 1131 3168 elogio
1144 3103 1246 3167 praeter
1260 3111 1364 3154 morem
1382 3098 1412 3153 in
1427 3097 1575 3168 prioribus
1593 3096 1861 3169 elogiisserratum,

155 3191 254 3244 sancto
260 3185 388 3251 ¹anthero
399 3185 518 3256 scripta,
530 3184 660 3241 dicemus
670 3182 706 3241 itt
716 3185 795 3253 llaii,
808 3197 864 3256 quo
873 3184 982 3241 colitur
1037 3184 1158 3242 babetur
1185 3193 1318 3244 accurata
1334 3187 1518 3244 basilicarum
1536 3186 1572 3242 ab
1595 3200 1627 3242 eo
1650 3191 1861 3244 exstructarum

155 3280 273 3333 sanctus
298 3275 438 3346 Urbanus,
453 3281 482 3332 et
498 3273 531 3331 to
550 3275 629 3345 liaii,
648 3289 704 3348 quo
726 3275 864 3331 coluntur
887 3275 980 3330 sancti
1037 3276 1174 3331 narratio.
1202 3293 1214 3327 s
1239 3275 1347 3332 Omitto
1371 3283 1472 3333 caetera
1498 3290 1561 3347 quae
1597 3289 1663 3332 cum
1688 3275 1860 3332 henschenii

153 3365 325 3436 Calepodius
341 3363 497 3436 presbyter,
512 3364 670 3421 Palmatius
683 3364 796 3434 consul,
810 3363 980 3435 Simplicius
1035 3364 1177 3421 sententia
1187 3366 1457 3436 superinsindicata
1469 3366 1649 3436 coincidunt,
1658 3365 1729 3421 adeo
1737 3371 1770 3422 ut
1780 3367 1862 3436 juxta

154 3461 278 3527 senator,
290 3454 400 3525 aliique
412 3459 561 3524 martyres,
573 3468 696 3525 quorum
707 3467 751 3509 res
762 3460 848 3525 gestae
859 3454 889 3509 in
900 3454 980 3510 dctis
1035 3454 1259 3525 Papebrochium
1275 3456 1349 3512 nibil
1365 3456 1652 3529 corrigendumsitin
1674 3458 1737 3527 ejus
1754 3455 1859 3518 verbis.

155 3543 249 3601 sancti
264 3543 366 3599 calisti
384 3544 582 3617 continentur.
596 3542 724 3599 &cunda
737 3556 804 3615 ergo
821 3558 885 3614 pars
903 3543 981 3600 inci·
1035 3559 1119 3616 quam
1141 3547 1216 3617 quod
1231 3547 1292 3604 loco
1311 3547 1434 3604 duorum
1451 3547 1651 3618 antiquissimi
1667 3546 1791 3619 catalogi
1802 3559 1859 3602 ao·

99 3698 111 3718 .
154 3636 233 3704 peret
252 3646 269 3688 a
288 3632 366 3689 dicto
390 3631 540 3701 Pontiano,
564 3638 592 3688 et
614 3632 643 3689 in
665 3632 717 3688 hac
741 3632 848 3703 passim
872 3634 979 3702 majora
1033 3637 1424 3709 crocumquinqueomninn
1439 3643 1570 3693 auctores
1581 3636 1777 3694 substituendi
1790 3636 1860 3693 sini.

157 3719 327 3792 pontificum
345 3719 438 3791 elogia
452 3718 626 3788 referuntur,
643 3720 730 3777 iidem
745 3722 879 3778 consules
896 3737 979 3793 repe-
1033 3726 1114 3782 Circa
1134 3740 1219 3798 quam
1252 3728 1458 3784 correctionem
1484 3740 1520 3783 an
1548 3725 1664 3784 lelicius
1688 3726 1861 3798 processerit

153 3808 342 3877 tuntur,dies
352 3808 558 3880 ordinationis,
570 3815 599 3864 et
609 3810 711 3865 mortis
722 3810 888 3879 pontiilcum
900 3811 978 3867 assi·
1033 3828 1117 3886 quam
1139 3816 1345 3885 Henscbenius,
1368 3818 1426 3886 jam
1448 3816 1653 3887 inquirendum
1674 3821 1736 3888 est,
1762 3816 1859 3873 omnia

153 3903 287 3970 guantur.
305 3899 339 3954 Et
356 3897 416 3954 baec
432 3911 497 3969 pars
511 3897 546 3955 ad
566 3897 650 3953 tinem
670 3895 729 3953 lere
749 3898 905 3955 deducitur
927 3900 978 3956 ubi
1032 3904 1108 3958 enim
1124 3905 1235 3975 quaede
1248 3906 1356 3976 primae,
1372 3911 1401 3961 et
1426 3905 1558 3961 secundae
1580 3905 1670 3977 partis
1689 3904 1860 3961 auctoribus

153 3987 246 4043 sancti
261 3986 332 4043 lulli
355 3986 481 4059 elogium
503 3991 605 4056 preter
621 3999 727 4042 morem
747 3986 872 4044 aliorum
894 3987 979 4046 babet
1030 3990 1172 4049 aduobus
1188 3993 1234 4048 bis
1249 3993 1321 4049 viris
1335 3993 1383 4049 cll.
1397 3993 1475 4049 dicta
1490 4000 1566 4066 sunt,
1584 3994 1751 4051 nullatenus
1764 3992 1859 4049 subsi·

152 4076 314 4132 accuratam
326 4075 512 4131 basilicarum
525 4075 561 4131 ab
571 4089 604 4131 eo
615 4080 826 4132 exstructarum
839 4079 978 4135 narratio
1033 4083 1108 4136 stere
1123 4081 1267 4138 existimo.

152 4177 227 4234 nem,
242 4178 277 4221 ex
292 4179 349 4237 qua
364 4161 401 4221 lb
415 4163 525 4234 Aprilis
539 4164 574 4220 ad
591 4163 679 4234 hujus
694 4165 787 4222 sancti
801 4167 872 4222 lulli
888 4167 977 4224 sitam
1068 4168 1095 4225 6.
1108 4172 1141 4225 Et
1156 4175 1188 4225 ut
1201 4172 1237 4227 de
1260 4170 1368 4241 prioris
1383 4173 1475 4242 partis
1489 4178 1607 4230 auctore
1623 4173 1652 4229 in
1668 4171 1772 4242 primis
1784 4183 1857 4243 aga-

152 4252 355 4309 conbrmamus
368 4254 455 4323 huius
466 4252 587 4326 catalogi
603 4255 775 4311 eminentem
789 4257 974 4313 soliditatem.
1033 4274 1105 4329 mus,
1120 4261 1231 4317 dicitur
1244 4265 1345 4319 auctor
1370 4260 1462 4319 luisse
1476 4271 1593 4320 sanctus
1612 4262 1758 4319 liutherus
1772 4274 1854 4332 papa,

150 4340 296 4399 Successit
308 4349 407 4400 sancto
418 4342 496 4400 lulio
509 4341 652 4415 Liberius,
665 4345 749 4415 cuius
762 4350 888 4416 tempore
900 4346 976 4403 bunc
1031 4350 1066 4406 de
1081 4364 1138 4421 quo
1151 4351 1300 4423 catalogus
1314 4353 1467 4424 secundus,
1479 4355 1528 4424 qui
1542 4355 1571 4409 in
1586 4353 1677 4410 Felice
1689 4353 1724 4408 lV
1733 4352 1854 4421 desinit,

150 4436 272 4490 veterem
290 4432 452 4489 indiculum
468 4435 661 4490 Romanorum
680 4434 847 4505 pontificum
863 4442 975 4493 contex·
989 4432 1016 4495 Ι)
1031 4439 1136 4497 seculo
1151 4445 1230 4497 sexto
1244 4443 1426 4514 conscriptus
1442 4462 1447 4498 :
1467 4464 1480 4496 u
1495 4446 1547 4498 ilic
1559 4449 1635 4513 qesta
1649 4447 1803 4512 martyrum
1816 4440 1857 4495 di·

150 4533 212 4588 tum
227 4518 327 4593 inisse,
342 4523 447 4579 asserit
462 4523 618 4596 Dionysius
631 4525 773 4595 Petarius,
790 4524 865 4581 libro
880 4539 909 4597 v,
924 4526 977 4582 lla·
1031 4530 1147 4600 tiqentcr
1157 4547 1176 4586 a
1200 4535 1316 4588 notariis
1331 4535 1488 4606 ecquistoit,
1504 4539 1530 4588 et
1542 4536 1572 4588 in
1598 4534 1709 4589 ecclesio
1727 4533 1854 4588 recondi·

150 4608 271 4668 tlonarii
286 4616 445 4683 temporum
459 4626 524 4684 cap.
541 4611 568 4685 b',
581 4613 631 4685 qui
643 4626 708 4670 eum
720 4627 805 4684 penes
817 4627 848 4669 se
861 4613 973 4671 babuit.
1029 4619 1107 4676 dit.»
1123 4621 1207 4678 Alius
1222 4623 1413 4680 Romanorum
1428 4623 1596 4694 pontificum
1619 4623 1768 4694 catalogus
1779 4626 1854 4678 tem-

148 4699 215 4757 Post
230 4699 342 4759 obitum
357 4702 464 4760 liberii
480 4703 659 4760 constitutus
674 4709 717 4759 est
732 4700 861 4773 pontifex
876 4704 974 4760 lloma·
1029 4722 1097 4779 pore
1110 4710 1205 4768 Caroli
1222 4712 1314 4784 Magni
1331 4718 1475 4782 exaratus,
1491 4713 1563 4768 etin
1579 4710 1754 4768 bibliotheca
1769 4711 1854 4766 Pala·

149 4800 204 4847 nus
218 4795 337 4849 sanctus
352 4792 514 4862 bamasius,
531 4792 582 4863 qui
598 4797 743 4865 rogatnsa
763 4798 862 4851 sancto
878 4793 974 4851 Hiero·
1029 4798 1247 4858 tino-Vaticana
1268 4806 1431 4858 asservatus
1454 4801 1539 4858 habet
1559 4802 1595 4859 de
1616 4801 1754 4857 anthero.
1771 4819 1785 4853 α
1800 4801 1853 4855 llic

147 4891 233 4950 aymo
245 4887 325 4952 gesta
340 4879 518 4951 pontificum,
536 4894 599 4951 quae
615 4882 711 4951 potuit
725 4882 851 4954 reperire
868 4882 897 4940 in
912 4897 972 4940 suae
1026 4892 1102 4956 pecta
1112 4896 1265 4961 martyrum
1277 4892 1421 4960 diliqentcr
1443 4893 1600 4962 conquisivit.
1624 4910 1637 4943 i
1655 4891 1739 4948 Liber
1751 4889 1854 4948 Ponti-

147 4965 225 5021 sedls
247 4969 356 5040 studio,
379 4970 414 5026 ad
430 4982 495 5027 eum
520 4968 638 5026 direxit.
659 4970 727 5042 Quae
750 4973 865 5029 Damasi
887 4973 972 5030 verba
1027 4977 1129 5051 italis,
1154 4984 1239 5052 prout
1261 4981 1345 5038 bodie
1359 4986 1469 5053 exstat,
1494 4983 1599 5052 repetit
1619 4980 1703 5038 verba
1725 4978 1850 5052 catalogi

147 5053 324 5147 arbitramur
347 5056 534 5133 intelligenda
558 5060 594 5118 de
611 5061 670 5132 jam
695 5062 823 5119 indicato
841 5063 971 5136 catalogo
1027 5072 1107 5127 sexto
1120 5071 1224 5129 seculo
1239 5071 1374 5142 contexti,
1393 5073 1433 5128 ita
1446 5077 1478 5129 ut
1488 5072 1631 5129 constanti
1655 5071 1851 5143 catalogorum

146 5143 288 5217 usquead
305 5142 451 5202 Liberium
470 5151 533 5218 eius
547 5150 724 5207 decessorem
741 5150 879 5207 deducto.
897 5153 971 5225 Epi·
1025 5161 1054 5215 et
1077 5158 1146 5216 libri
1175 5159 1353 5217 Pontibcalis
1372 5161 1530 5219 traditione
1553 5166 1665 5218 constet
1690 5160 1848 5216 botherum

146 5230 236 5288 stolas
251 5232 405 5303 utriusque
419 5233 473 5289 bac
486 5236 521 5292 de
536 5251 577 5303 re,
592 5244 621 5293 et
641 5238 734 5294 sancti
749 5237 925 5312 Hieronymi,
942 5246 971 5298 et
1025 5260 1126 5320 papam
1144 5254 1221 5321 gaeta
1241 5255 1397 5321 martynum
1412 5251 1568 5323 diligenter
1580 5262 1597 5307 n
1611 5251 1735 5308 nolanis
1750 5249 1853 5319 exqui-

147 5319 239 5376 sancti
252 5319 366 5377 Damasi
377 5334 412 5378 ex
421 5321 577 5381 codicibus
590 5341 658 5382 mss.
674 5326 876 5396 preponimus.
894 5331 969 5388 idem
1024 5337 1091 5410 sita,
1111 5339 1141 5396 iu
1159 5337 1279 5394 ecclesia
1298 5339 1473 5397 condidisse.
1487 5340 1551 5413 Sed,
1570 5355 1675 5412 quaeso,
1697 5339 1768 5411 quid
1789 5338 1849 5395 baec

146 5413 248 5465 santam
260 5410 462 5484 Hieronymus,
476 5412 512 5469 de
529 5413 727 5484 scriptoribus
748 5416 967 5494 ecclesiasticis,
1024 5424 1180 5483 iaciuntad
1198 5428 1322 5498 priorem
1336 5434 1442 5499 partem
1462 5431 1597 5505 catalogi,
1613 5432 1643 5487 in
1664 5441 1749 5501 quaa
1766 5429 1848 5484 Petro

145 5510 208 5570 cap.
224 5495 267 5570 lb,
291 5501 394 5559 statuit
408 5505 540 5560 sanctum
561 5502 732 5563 Clementem
753 5515 888 5579 quartum
903 5516 969 5584 post
1022 5516 1152 5588 apostolo
1168 5531 1259 5589 usque
1272 5519 1307 5576 ad
1319 5520 1490 5579 Pontianum
1501 5522 1561 5580 sola
1574 5521 1766 5578 Romanorum
1783 5531 1850 5590 pon·

145 5589 260 5647 Petrum
275 5586 434 5650 Romanum
448 5592 623 5668 pontificem,
636 5595 792 5673 siquidem,
804 5599 910 5676 inquit,
928 5616 969 5661 se·
1023 5605 1133 5663 ilicum
1147 5610 1263 5666 nomina
1278 5610 1462 5679 exhibentur,
1488 5613 1625 5686 nullaque
1649 5618 1781 5670 actorum
1796 5617 1851 5667 ant
