3892 6136
180 241 233 301 947

565 250 612 305 ΑΙ)
639 249 854 306 nunsihsiuu
879 248 1135 306 enouiioontttuh
1158 251 1246 305 nuit.
1275 248 1478 305 ROhl-VATIG.

1772 208 1776 215 ’
1827 245 1882 305 444

182 369 319 439 ostendit,
335 371 404 427 luna
419 378 480 427 erat
494 373 673 443 duodecima,
696 378 759 443 post
773 374 835 429 dies
851 370 897 427 494
920 369 1047 441 coiri-A
1095 387 1145 426 vur
1164 374 1306 429 lduslllaii
1324 372 1392 428 luna
1405 371 1462 428 luit
1472 374 1526 442 jux

181 457 321 529 pletos(in
332 458 487 525 bissextili,
500 460 549 516 ubi
561 462 624 516 dies
633 461 845 528 dissimulatur,
859 466 1004 516 remanent

183 542 254 617 496),
266 546 334 602 4444
344 549 499 604 4444444444
508 549 617 604 decima
626 557 653 604 et
662 551 797 618 postdies
807 546 825 605 7
837 550 924 606 luerit
936 549 1003 605 luna

182 634 328 704 vicesima,
344 637 386 690 uti
404 642 571 692 numeratur
584 637 614 692 in
629 638 829 706 inscriptione.

216 740 349 808 Tandem,
367 747 400 796 ut
411 743 445 797 ad
456 740 531 797 lunae
542 743 664 798 orientis
677 745 802 812 positum
815 745 843 798 in
856 745 938 815 signo
947 744 1005 798 Ca-

182 827 310 898 pricorni
324 829 393 885 hora
407 831 499 885 noctis
510 836 610 901 quarta
624 832 750 901 eiusdem
763 833 821 888 diei
833 839 859 887 et
873 832 1004 887 4444444-

182 916 1003 990 monstrationemtemporisexigamnspertabulasastro-

183 1004 320 1072 nomicas,
344 1004 384 1059 ita
399 1005 455 1060 erit
476 1006 698 1076 procedendum.
719 1008 799 1063 huno
814 1023 876 1063 aerae
895 1007 1003 1064 Christi

182 1092 343 1147 communis
375 1090 438 1159 364,
465 1094 513 1167 die
545 1092 563 1149 8
595 1095 674 1160 llaii,
703 1095 744 1151 sol
778 1096 945 1152 versabatur
974 1098 1003 1153 in

184 1179 274 1251 gradu
301 1180 388 1236 Tauri
417 1180 665 1250 duodevicesim03
693 1188 720 1239 et
748 1183 795 1239 dle
824 1185 945 1253 septima
975 1186 1003 1239 in

184 1267 305 1322 meridie
340 1269 525 1337 percurrebat
552 1285 594 1341 gr.
633 1266 666 1325 ti
694 1271 791 1326 Tauri.
828 1271 879 1326 Die
914 1272 1006 1342 igitur

183 1355 305 1424 septima
320 1356 466 1412 occidente
481 1357 540 1413 sole
553 1357 700 1413 oriebatur
710 1359 816 1429 gradus
830 1355 862 1413 44
875 1360 1006 1428 Scorpio

185 1443 241 1499 nis.
259 1445 325 1500 Post
340 1445 424 1500 horas
436 1451 561 1515 quatuor
571 1444 664 1515 (eaest
675 1447 743 1502 hora
753 1452 854 1517 quarta
866 1450 959 1502 noctis
976 1449 1004 1502 in

184 1531 339 1602 epigraphe
366 1533 529 1604 memorata)
543 1534 690 1590 oriebatur
713 1537 818 1607 gradus
838 1532 872 1590 48
890 1536 1007 1590 circiter

1093 461 1409 516 tamotusmediosin
1432 461 1522 531 gradu
1578 456 1621 515 46.
1658 455 1704 514 94.
1745 456 1789 513 44.
1827 457 1883 513 Ca-

1059 548 1209 618 44444444,
1236 550 1390 618 eademque
1414 549 1484 604 hora
1508 548 1614 619 gradus
1640 546 1689 602 ille
1713 546 1882 616 Capricorni

1058 650 1122 691 cum
1139 636 1205 691 luna
1228 636 1363 708 surgebat
1377 636 1412 692 ab
1429 636 1576 692 horizonte
1596 635 1689 691 ortivo
1708 633 1883 690 consulibus

1058 725 1125 780 diro
1151 724 1269 780 loviano
1301 731 1329 780 et
1361 724 1548 792 Varroniano,
1584 736 1684 792 nempe
1715 735 1793 778 anno
1823 735 1884 777 aere

1057 811 1164 867 Christi
1187 813 1349 868 communis
1369 809 1431 880 364,
1455 813 1611 883 eodemque
1633 810 1793 879 bissextili,
1816 810 1883 866 dun

1059 914 1129 970 puer
1142 901 1310 969 Simplicius
1325 899 1507 959 nascebatur,

1094 990 1356 1044 Demonstrationes
1377 989 1468 1060 igitur
1484 994 1641 1058 temporum
1666 988 1702 1043 44
1719 988 1801 1044 hisce
1815 987 1886 1043 cha-

1060 1076 1886 1146 racteribusobservatiscoelestiummotuum,itarespon-

1059 1163 1189 1217 dentium
1206 1164 1369 1219 intervallis
1385 1177 1538 1231 annorum,
1556 1165 1696 1219 mensium
1712 1177 1747 1218 ac
1760 1164 1884 1232 dierum,

1062 1249 1168 1321 quilius
1177 1251 1302 1306 44444444
1314 1257 1410 1306 nostra
1424 1252 1545 1316 distant,
1559 1257 1591 1307 nt
1603 1252 1707 1307 elicere
1717 1252 1886 1307 studeamus

1060 1350 1094 1391 eu
1107 1337 1269 1407 equalibus
1284 1339 1477 1407 documentis,
1494 1341 1596 1408 quinta
1611 1338 1670 1394 444
1686 1338 1786 1410 regula
1799 1337 1887 1393 chro-

1061 1425 1183 1496 nologiae
1199 1426 1282 1480 nobis
1304 1441 1364 1495 prop
1375 1428 1456 1482 ositae
1472 1427 1634 1482 constitnit.

1098 1512 1140 1568 ta.
1157 1511 1300 1581 Quantum
1316 1528 1382 1569 vero
1399 1516 1489 1569 valeat
1504 1515 1538 1569 ad
1554 1515 1677 1585 epochas
1693 1516 1888 1571 Romanorum

184 1621 361 1693 Capqcomg
379 1622 456 1676 Luna
476 1635 542 1678 ,gro
556 1623 633 1678 eim„
647 1624 777 1678 eumdem
792 1624 912 1694 gradum
928 1623 1004 1693 signi
1062 1601 1228 1669 pontificum
1245 1601 1434 1657 stabiliendas
1447 1617 1480 1657 ex
1493 1603 1545 1658 hoc
1557 1603 1621 1672 ipso
1632 1603 1788 1659 consulatu
1798 1603 1890 1658 loria-

185 1711 312 1780 ejusdem
323 1718 392 1766 ,unc
405 1709 571 1765 versabam,
581 1711 663 1778 jum
679 1718 772 1766 motus
784 1712 902 1779 medios,
919 1692 1046 1766 11,quss
1062 1690 1091 1743 44
1108 1694 1136 1743 44
1150 1690 1320 1745 varroniani
1343 1696 1371 1744 et
1386 1691 1497 1745 loviani
1523 1697 1622 1760 morte,
1643 1691 1791 1746 evidenter
1812 1690 1889 1746 rete-

184 1797 294 1854 tabolls
307 1797 509 1854 astronomicis
523 1804 617 1867 patere
631 1799 737 1868 cuique
748 1804 847 1868 potest.
862 1801 901 1854 Ne
917 1799 1007 1869 quid-

185 1886 260 1956 piam
270 1886 451 1942 desideretur
463 1885 492 1940 in
504 1887 622 1941 criterio
633 1892 690 1941 tarn
703 1887 863 1943 illustrium
875 1896 1005 1942 notarum

184 1974 332 2045 temporis,
361 1972 507 2030 affixarum
534 1973 706 2031 consulibus
731 1976 848 2032 Joviano
876 1976 948 2046 hug.
979 1982 1007 2031 et

184 2063 373 2133 Varroniano,
385 2068 413 2118 et
422 2063 614 2118 annotoviani
627 2063 792 2132 emortuali,
808 2079 871 2133 quae
881 2065 1007 2119 collecta

187 2151 322 2223 leguntur
339 2152 367 2206 in
380 2150 557 2207 memorabili
570 2152 622 2208 hoc
635 2150 739 2221 lapide,
753 2158 868 2221 4444444
880 2153 1006 2222 experiri

186 2251 237 2309 per
249 2239 392 2310 quaslibet
407 2239 520 2295 tabulas
533 2239 657 2309 lunares,
674 2240 759 2295 etiam
777 2241 934 2296 mediorum
952 2254 1007 2295 mo

186 2333 268 2383 tuum
283 2329 326 2398 (ut
341 2325 474 2383 facilitati
490 2328 675 2383 consulamus
691 2328 739 2383 ubi
755 2329 911 2384 necessitas
927 2328 1005 2383 nulla

186 2421 229 2470 est
243 2416 426 2472 consectandi
438 2429 526 2471 unum
537 2416 716 2484 autalterum
731 2417 850 2486 gradum
864 2416 1008 2485 aquatio-

186 2505 242 2574 nis,
260 2516 316 2575 qua
330 2517 365 2560 ex
381 2503 483 2560 mediis
500 2504 626 2561 motibus
641 2504 811 2575 colligamus
827 2504 916 2574 veros)
932 2504 1007 2559 lunae

186 2593 312 2665 positum
327 2593 356 2647 in
372 2591 511 2663 signifero
526 2593 637 2649 circulo
651 2594 685 2648 ad
699 2598 811 2663 tempus
824 2594 853 2648 in
868 2606 1007 2648 marmore

186 2681 343 2754 signatum,
357 2695 457 2750 nempe
470 2681 503 2736 ad
521 2681 619 2736 horam
635 2687 767 2752 quartam
785 2683 887 2749 noctis,
904 2694 1008 2737 conse-

185 2774 398 2826 cutaeocoasum
408 2768 478 2824 solis
488 2769 537 2824 die
550 2770 671 2838 septima
684 2769 791 2825 mensis
802 2769 879 2835 44444,
892 2769 1007 2839 quando

186 2862 250 2929 post
261 2857 359 2923 horam
374 2856 591 2926 sesquialteram
603 2870 619 2910 a
633 2862 735 2926 quarta
750 2862 899 2924 nocturna,
915 2855 1007 2910 melia

186 2950 268 3002 nocte
281 2944 437 3000 dirimente
448 2945 530 3012 Juxta
543 2943 683 2998 Romanas
698 2943 773 3014 leges
787 2944 862 2999 diem
875 2940 893 2998 7
907 2943 944 2998 ab
956 2956 1007 2997 oc-

186 3039 260 3103 tara,
286 3032 386 3089 illuxit
404 3037 501 3088 octava
522 3031 584 3088 dies
602 3033 680 3091 44444.
698 3047 760 3103 quae
776 3032 937 3102 appellatur
955 3046 1005 3086 rru

187 3122 254 3178 ldus
266 3122 345 3191 llaii,
360 3122 477 3176 ineunte
487 3119 620 3188 Sabbata,
631 3119 796 3189 Quiritibus
808 3121 886 3176 dicto
896 3120 944 3175 die
953 3120 1006 3174 Sa-

186 3212 278 3269 turni.

220 3318 273 3375 Die
285 3315 303 3374 t
317 3316 386 3373 llail
400 3315 442 3371 sol
456 3315 623 3371 versabatur
636 3316 666 3371 in
679 3316 769 3387 gradu
782 3315 868 3371 Tauri
883 3311 925 3384 tt,
941 3315 1006 3370 urbi

187 3422 285 3467 arcum
301 3409 546 3464 semicocturnum
558 3404 675 3460 Romani
688 3403 814 3460 climatis
823 3402 908 3459 edicit
920 3405 1008 3460 hora-

189 3512 254 3555 rum
270 3495 424 3567 equalium
441 3494 578 3564 quinque.
597 3494 670 3549 llora
689 3493 780 3563 igitur
797 3500 897 3563 quarta
914 3493 1008 3548 noctis

189 3593 254 3659 post
263 3598 328 3642 enm
339 3597 471 3639 occasum
482 3584 555 3652 apud
568 3584 717 3651 Romanos,
730 3591 838 3638 noctem
849 3582 1009 3652 quamlibet

186 3672 386 3732 dividentesln
398 3671 541 3738 horasxu,
552 3671 792 3739 respondethoris
804 3671 1009 3726 astronomicis

189 3769 254 3833 post
269 3758 417 3817 meridiem
431 3758 491 3812 diei
505 3759 633 3826 septimae
647 3757 689 3827 44,
702 3774 766 3815 eum
784 3760 905 3816 minutis
922 3760 1009 3815 hora-

185 3849 242 3907 rlls
253 3845 298 3905 90.

223 3952 316 4011 Radix
326 3949 485 4006 mediorum
501 3940 629 4005 motuum
643 3949 718 4005 lunae
731 3950 760 4005 in
778 3951 937 4007 meridiano
950 3952 1009 4006 lto-

189 4055 272 4099 mano
304 4037 441 4095 Kalendis
472 4037 601 4093 ianuarii
635 4051 691 4093 4444
720 4038 829 4094 Christi
863 4039 1007 4094 communi

189 4130 308 4188 ineunte
322 4129 382 4186 dat.

662 4231 741 4302 Sign.
758 4232 845 4288 Crad.
862 4232 929 4288 iliu.
947 4232 1006 4287 Sec.

187 4342 292 4397 Locum
310 4338 385 4395 lunae
399 4336 524 4392 medium
540 4336 569 4390 in

186 4428 256 4484 anni
273 4438 318 4480 oco
335 4424 468 4495 completi
483 4424 553 4479 dant
569 4429 676 4479 motum
695 4423 721 4479 6.
778 4424 821 4482 93.
847 4472 855 4483 ,
879 4427 924 4483 30.
980 4425 1007 4483 3.

186 4516 263 4572 huni
279 4528 315 4571 44
330 4514 464 4583 completi
699 4510 723 4567 l.
782 4512 823 4568 44.
881 4513 924 4570 49.
982 4516 1006 4573 4.

185 4603 262 4660 hnnl
282 4617 314 4659 111
330 4601 464 4672 completi
695 4599 722 4657 0.
778 4600 822 4658 944.
897 4603 923 4658 9.
964 4604 1007 4661 40.

184 4692 297 4762 aprilis
308 4690 468 4761 completus
482 4691 550 4746 anni
564 4688 720 4746 bissexti.
794 4688 820 4746 4.
877 4690 921 4748 96.
959 4691 1004 4749 44.

184 4780 253 4836 Dies
276 4793 324 4836 sex
344 4778 430 4836 solidi
451 4793 485 4835 ex
507 4778 607 4833 merid.
627 4779 687 4834 lla-

221 4870 370 4926 lendarum
407 4868 477 4922 Maii
511 4868 545 4924 44
584 4868 684 4924 444444.

219 4954 388 5013 4444444444

183 5044 373 5185 Honestiorem
390 5053 453 5115 post
467 5046 568 5102 merid.
580 5043 608 5102 i.

218 5133 264 5187 444

181 5220 293 5276 Minuta
310 5217 425 5273 horaria
439 5218 485 5274 94.

691 4955 718 5014 9.
777 4956 820 5013 49.
894 4958 920 5016 3.
958 4958 1002 5016 36.

693 5133 719 5188 6.
794 5132 820 5188 ὃ.
876 5134 920 5191 99.
959 5136 1003 5194 95.

878 5223 919 5280 40.
958 5225 1003 5281 59.

682 5314 1004 5332 ·—-———

182 5352 256 5409 liora
290 5351 382 5422 igitur
422 5355 522 5419 quarta
560 5356 664 5423 noctis,

239 5453 275 5494 ua

181 5454 264 5582 nogte
280 5525 466 5583 illucescebat
481 5525 635 5584 Sabbatum

692 5438 719 5496 9.
777 5440 818 5498 46.
874 5443 919 5499 94.
960 5446 1002 5503 44.

1062 1777 1148 1832 reuda
1163 1778 1197 1832 ad
1214 1791 1322 1833 annum
1338 1793 1401 1834 44444
1414 1779 1523 1834 Christi
1541 1779 1669 1851 vulgaris
1683 1775 1747 1848 364,
1763 1777 1889 1834 breuiter

1061 1867 1219 1921 ostendam.

1096 1955 1217 2009 Sanctus
1238 1955 1437 2026 llieronymus,
1459 1960 1527 2011 tunc
1550 1961 1632 2010 aetate
1653 1956 1769 2026 tiorens,
1788 1956 1817 2011 ln
1833 1958 1889 2013 ad-

1061 2041 1220 2097 ditamento
1235 2043 1371 2098 chronici
1388 2044 1434 2098 sui
1455 2044 1489 2098 44
1508 2043 1712 2109 Eusebianurn,
1737 2050 1857 2099 mortem
1872 2059 1887 2101 4

1061 2131 1178 2185 4444444
1193 2129 1312 2199 obitam,
1330 2132 1397 2186 dum
1422 2132 1603 2187 consulatum
1619 2146 1683 2188 oum
1708 2133 1888 2190 Varroniano

1062 2224 1182 2288 gereret,
1200 2218 1283 2274 refert
1300 2220 1334 2274 44
1350 2232 1457 2275 annum
1473 2227 1609 2290 quartum
1633 2220 1809 2290 olympiadis
1823 2218 1884 2288 984,

1063 2320 1198 2363 unacum
1219 2308 1402 2363 successione
1423 2307 1628 2364 Valentiniani.
1651 2309 1773 2364 Biennio
1792 2315 1885 2364 autem

1063 2401 1136 2465 post,
1149 2409 1224 2450 44444
1238 2395 1352 2450 scilicet
1367 2397 1493 2452 secundo
1507 2397 1680 2467 olympiadis
1694 2395 1758 2468 985,
1775 2396 1886 2453 obitum

1062 2482 1170 2538 Liberii
1184 2497 1262 2553 papae
1274 2489 1302 2538 et
1314 2485 1524 2540 successionem
1540 2487 1652 2540 Damasi
1663 2485 1827 2556 consignat,
1839 2486 1888 2542 cni

1064 2572 1124 2640 ipse
1143 2572 1179 2626 ab
1193 2572 1327 2639 epistolis
1342 2572 1399 2629 luit
1416 2574 1444 2628 in
1469 2573 1641 2642 apostolatu.
1658 2573 1779 2630 Biennio
1800 2574 1888 2629 etiam

1062 2660 1172 2714 distant
1191 2674 1208 2715 a
1227 2661 1345 2716 loriano
1364 2670 1391 2716 et
1406 2663 1583 2718 Varroniano
1604 2662 1785 2732 consulibus,
1803 2663 1889 2731 juxta

1061 2746 1265 2804 cassiodorum
1280 2754 1308 2804 et
1320 2755 1438 2806 ceteros
1454 2749 1592 2806 iastorum
1613 2748 1791 2817 collectores,
1815 2763 1889 2804 con-

1063 2834 1140 2889 sules
1152 2836 1310 2892 Gratianus
1322 2843 1351 2891 et
1363 2837 1550 2908 Daglalphus,
1567 2836 1675 2906 quibus
1690 2835 1796 2892 tiberii
1810 2850 1889 2892 mors

1062 2924 1373 2994 assignaturinlibello
1383 2939 1496 2994 precum
1506 2925 1675 2980 Faustiniet
1684 2923 1888 2980 llarcelliniad

1022 3001 1263 3084 GTheodosinm,
1281 3027 1368 3083 supra
1385 3014 1473 3069 relato
1496 3014 1525 3068 in
1548 3013 1646 3085 regula
1662 3020 1775 3083 quarta.
1794 3013 1888 3069 Semel

1063 3101 1164 3171 igitur,
1175 3101 1354 3158 demontrato
1364 3103 1439 3172 quod
1454 3102 1534 3171 paria
1547 3100 1656 3157 iaciant
1668 3114 1762 3157 annus
1775 3115 1889 3158 consu-

1063 3189 1139 3244 latus
1151 3203 1184 3243 ac
1195 3191 1296 3245 mortis
1308 3190 1431 3259 ioriani,
1448 3190 1564 3261 college
1575 3189 1629 3245 dlii
1641 3190 1688 3246 sui
1702 3189 1887 3258 varroniani,

1063 3289 1128 3331 curn
1141 3290 1217 3332 444444
1232 3291 1294 3332 aeras
1308 3277 1418 3333 Christi
1433 3277 1594 3333 communis
1606 3274 1669 3347 364,
1684 3275 1791 3333 liberii
1808 3290 1889 3347 pape

1062 3363 1159 3421 obitus
1181 3371 1244 3432 post
1260 3364 1412 3420 biennium
1434 3371 1606 3421 consecutus
1621 3365 1789 3421 testimonio
1809 3366 1889 3420 scri·

1064 3459 1176 3522 ptorum
1193 3454 1360 3522 aequalium,
1377 3468 1410 3508 ac
1426 3455 1538 3509 Damasi
1554 3453 1657 3510 electio
1669 3466 1785 3509 necesse
1799 3459 1890 3508 estut

1064 3539 1298 3596 reseranturoum
1313 3541 1483 3596 consulibus
1492 3542 1630 3598 Gratiano
1639 3549 1667 3598 et
1676 3541 1837 3612 Daglaipho
1852 3541 1887 3596 ad

1063 3642 1168 3684 annum
1179 3643 1242 3683 aerae
1256 3630 1364 3684 Christi
1380 3630 1508 3700 vulgaris
1519 3628 1582 3685 366.

1099 3718 1232 3787 Quinque
1248 3718 1327 3773 hisce
1348 3718 1457 3789 regulis
1478 3718 1590 3773 criterii
1606 3716 1804 3788 chronologici
1822 3731 1888 3787 pro-

1064 3807 1178 3876 positis,
1215 3807 1355 3875 expositis
1390 3820 1423 3861 ac
1461 3805 1599 3876 probatis,
1636 3805 1788 3876 procedere
1825 3812 1888 3861 tuto

1065 3906 1218 3961 possumus
1231 3894 1265 3948 44
1283 3900 1408 3964 tempora
1424 3894 1592 3964 pontidcum
1609 3895 1800 3950 Romanorum
1820 3893 1889 3948 sin-

1064 3982 1186 4054 gillatim
1200 3982 1358 4039 ordinanda
1373 3997 1405 4039 ac
1418 3984 1640 4040 demonstranda
1653 3982 1800 4053 capitibus
1814 3981 1889 4038 sub-

1064 4069 1259 4141 sequentihus.

1356 4177 1492 4249 CAPUT
1523 4181 1583 4249 444.

1064 4283 1152 4337 Series
1171 4283 1329 4351 pontificum
1346 4285 1527 4339 Romanorum
1547 4299 1690 4354 eorumque
1711 4283 1888 4352 chronologia

696 4335 723 4392 4·
780 4335 823 4393 44·
879 4337 923 4394 55·
980 4338 1050 4415 6·D
1096 4355 1261 4422 proponitur
1275 4354 1434 4409 4444444444
1449 4360 1474 4410 et
1485 4355 1652 4409 stabiliendo
1665 4371 1700 4409 en
1713 4362 1888 4410 monumento

1096 4425 1207 4493 publico
1222 4425 1347 4479 Ecclesia
1360 4428 1495 4496 4444444444,
1512 4428 1601 4480 adhuc
1619 4429 1765 4496 superstite
1787 4428 1818 4479 in
1834 4426 1888 4478 44-

1099 4496 1177 4549 silico
1197 4497 1380 4564 patriarchali
1400 4499 1428 4551 S.
1451 4498 1533 4551 Pnuli
1550 4499 1665 4566 apostoli
1688 4499 1734 4550 oio
1756 4495 1887 4558 Ostiensi,

1098 4565 1197 4618 ibidem
1216 4569 1304 4634 posito
1323 4584 1340 4619 4
1355 4569 1383 4622 S.
1400 4568 1487 4622 Leone
1506 4569 1608 4635 Magno
1621 4582 1678 4621 444
1693 4583 1754 4622 cum
1767 4569 1885 4628 musivo,

1097 4637 1140 4689 uel
1158 4636 1347 4704 asymmucbo
1357 4655 1435 4709 popo
1457 4640 1522 4693 dum
1541 4641 1618 4694 illum
1637 4640 1756 4708 picturis
1775 4641 1888 4691 ornaret

1097 4709 1192 4775 quinto
1207 4708 1308 4761 Christi
1319 4711 1425 4763 seculo.

1316 4797 1474 4853 sinuatosls
1491 4799 1632 4855 Chritus.

1061 4865 1081 4914 I.
1093 4865 1180 4915 Series
1190 4867 1356 4925 elcalalogus
1386 4868 1519 4917 onlillcum
1536 4871 1726 4930 liomunorum,
1744 4871 1849 4933 picture
1860 4875 1886 4920 et

1092 4929 1356 4990 litterisexprcssnsin
1366 4881 1470 4978 44444444
1482 4932 1513 4979 8.
1526 4931 1600 4979 Pauli
1608 4931 1651 4979 via
1660 4930 1785 4993 Ostiensi,
1795 4938 1885 4983 sancto

1092 4991 1173 5039 Leoni
1186 4991 1290 5049 hingno,
1311 4996 1347 5037 ret
1365 4991 1521 5050 Symmacho
1538 5006 1609 5055 pape
1626 4993 1779 5043 tribuendus
1795 5000 1846 5055 est,
1860 5001 1887 5044 et

1092 5053 1123 5099 ad
1139 5053 1255 5114 quintum
1266 5051 1361 5100 Christi
1372 5053 1493 5100 saeculum
1509 5054 1668 5102 referendus.
1682 5081 1713 5091 -
1727 5055 1761 5104 ll.
1780 5059 1804 5107 Α
1820 5072 1885 5106 uon·

1091 5114 1168 5160 nullis
1178 5114 1257 5160 aetstit
1268 5118 1361 5161 rrostrm
1371 5116 1541 5176 scriptoribus
1551 5117 1687 5175 indicatus,
1699 5118 1744 5166 sed
1756 5132 1772 5167 4
1782 5121 1885 5169 nomine

1090 5175 1211 5223 hactenus
1224 5176 1249 5221 in
1264 5174 1350 5223 lucem
1366 5177 1449 5233 datus,
1467 5182 1511 5224 aut
1528 5179 1664 5237 diligenter
1678 5179 1841 5239 obseruatus,
1860 5185 1886 5230 et

1090 5236 1197 5284 collatus
1207 5250 1266 5283 cum
1278 5239 1378 5298 scriptis
1389 5239 1524 5299 Cstalogis,
1537 5254 1604 5287 44444
1615 5241 1727 5301 primum
1736 5244 1830 5292 editur.
1843 5243 1884 5293 Si·

1089 5299 1157 5346 milis
1170 5298 1271 5345 videtur
1288 5301 1358 5347 elteri
1375 5299 1507 5359 ilatalogo,
1523 5315 1582 5349 cum
1598 5303 1664 5350 serio
1682 5307 1845 5364 pontillcnm,
1859 5309 1884 5354 et

1090 5373 1150 5408 ourn
1162 5360 1276 5420 picturis,
1286 5362 1418 5422 utriusque
1427 5363 1585 5412 'l'estamcnli
1596 5364 1717 5413 4444444444
1727 5368 1836 5427 perinde
1847 5381 1885 5415 re·

1089 5421 1239 5482 terentibus,
1258 5423 1342 5482 posito
1357 5423 1395 5470 vel
1411 5426 1527 5472 restituto
1543 5429 1615 5474 aelste
1633 5427 1752 5476 l'ormosi
1769 5443 1842 5492 papae
1857 5431 1883 5476 in

1091 5483 1195 5531 basilica
1204 5483 1338 5531 Vaticana.
1351 5484 1379 5531 ln
1390 5488 1496 5594 utraque
1506 5488 1581 5535 otiam
1591 5487 1697 5536 basilica
1707 5491 1789 5539 444444
1800 5492 1882 5601 gonli-

1092 5544 1170 5592 licum
1187 5546 1316 5593 nocentior
1329 5546 1428 5607 etijeola
1460 5550 1497 5595 uit
1513 5549 1578 5596 inira
1592 5551 1755 5611 superiorein
1770 5567 1801 5602 su
1834 5553 1882 5602 Ni·
