3892 6136
92 378 95 383 Ι
112 300 182 359 1515
714 298 893 355 nulsrtsu
911 296 1206 355 ursulorrluculuu
1747 289 1804 349 tels

190 423 304 503 5guli
337 423 441 487 libras
470 438 666 503 nonagenas
696 441 772 486 cum
800 425 930 488 coronis
958 427 1092 506 argenti
1125 425 1307 507 purissimi.
1340 425 1425 487 Item
1458 441 1479 484 1
1509 425 1612 500 tergo
1639 418 1805 498 respiciens

232 521 269 583 in
299 521 418 585 absida
451 522 656 584 salvatorem
683 522 852 584 sedentem
879 523 913 584 in
940 522 1059 585 throno
1087 523 1122 585 in
1151 522 1291 604 pedibus
1319 521 1435 602 quinis
1463 538 1506 582 ex
1534 520 1686 596 argento
1711 517 1804 594 puris-

232 618 327 698 simo,
360 619 420 700 qui
452 636 545 700 pens.
578 619 683 682 libras
716 636 782 683 cxc
807 641 814 698 ;
842 621 980 700 angelos
1014 624 1157 702 quatuor
1188 636 1229 684 ex
1263 623 1415 699 argento,
1446 618 1506 699 qui
1541 622 1626 677 sunt
1656 615 1695 676 in
1725 615 1807 692 pedi-

233 715 297 779 bus
332 717 445 798 quinis
478 722 587 780 costas
619 735 695 780 cum
728 717 881 780 crucibus
919 722 1080 791 tenentes,
1111 719 1168 800 qui
1201 719 1427 800 pensaverunt
1456 713 1594 793 singuli
1627 711 1735 774 libras
1765 730 1808 789 cr,

230 831 309 877 cum
335 814 479 893 gemmis
506 815 721 878 alavandinis
748 816 784 879 in
809 818 931 879 oculos.
960 816 1151 896 Fastigium
1178 816 1289 896 ipsum
1313 815 1371 877 uhi
1396 816 1491 876 stant
1517 809 1642 890 angeli
1665 811 1719 871 vel
1740 827 1812 888 apo-

174 912 309 975 1011111
342 917 462 992 pensat
501 911 606 976 libras
640 913 705 977 duo
735 914 845 977 millia
879 915 1003 994 viginti
1040 914 1190 995 quinque
1219 932 1261 977 11
1292 917 1433 993 argento
1466 909 1630 973 dolatico.
1671 909 1812 969 Farum·

232 1028 273 1075 ex
300 1029 380 1074 auro
403 1012 595 1092 purissimo,
621 1013 709 1094 quod
738 1012 859 1094 pendet
886 1013 949 1077 suh
973 1013 1113 1092 fastigio
1142 1031 1219 1076 cum
1250 1011 1418 1093 delphinis
1445 1007 1722 1090 quinquaginta,
1751 1025 1813 1086 qua·

231 1127 325 1190 pens.
348 1129 426 1174 cum
447 1115 565 1174 catena
588 1129 651 1173 sua
671 1111 775 1174 libras
796 1130 895 1192 xxv;
919 1129 1057 1176 coronas
1080 1117 1225 1192 quatuor
1248 1129 1322 1174 cum
1347 1108 1522 1188 delphinis
1544 1104 1678 1184 viginti
1701 1120 1742 1165 er
1760 1122 1812 1165 au—

231 1226 267 1271 ro
286 1209 466 1288 purissimo
485 1216 664 1290 pensantes
684 1210 774 1290 sing.
798 1211 902 1274 libras
920 1228 989 1289 xv3
1007 1226 1173 1274 cameram
1196 1210 1343 1273 basilica
1362 1226 1405 1272 ex
1423 1226 1507 1272 auro
1531 1207 1676 1268 trimme
1699 1204 1734 1266 in
1751 1204 1814 1266 lon-

230 1325 327 1388 gum,
358 1313 392 1370 et
426 1308 462 1370 in
492 1310 599 1371 latum
630 1309 668 1371 111
687 1308 827 1388 pedihus
851 1310 1081 1391 quingentis,
1112 1309 1234 1371 altaria
1260 1313 1385 1387 septem
1413 1325 1457 1370 ex
1481 1310 1634 1384 argento
1665 1301 1804 1366 battulib

175 1407 212 1469 15
230 1424 325 1487 pens.
341 1407 432 1487 sing.
452 1405 554 1471 libras
572 1425 633 1489 003
650 1413 788 1488 patenas
805 1425 924 1471 aureas
942 1414 1079 1489 septem,
1096 1427 1170 1490 quae
1191 1412 1332 1489 pensant
1353 1408 1504 1486 singulae
1520 1405 1634 1468 libras
1648 1423 1726 1466 xxx
1740 1426 1747 1475 ;
1763 1422 1815 1484 pa-

233 1507 517 1584 tenasargenteas
527 1525 586 1570 11111
601 1519 626 1587 ⁰,
638 1507 981 1586 pensantcssingulas
996 1506 1099 1570 libras
1110 1526 1187 1570 xxx
1199 1529 1206 1584 ;
1220 1507 1361 1587 scyphos
1373 1523 1493 1567 aureos
1505 1522 1571 1582 vn,
1585 1504 1648 1583 qui
1659 1520 1749 1581 pens.
1760 1502 1810 1562 sin-

233 1603 309 1682 guli
337 1603 440 1666 libras
470 1605 593 1684 decern,
624 1607 788 1688 scyphum
825 1607 1035 1686 singularem
1061 1623 1104 1669 ex
1136 1606 1271 1669 metallo
1303 1605 1436 1683 corallo,
1478 1608 1652 1667 ornatum
1682 1602 1811 1680 undiquc

234 1702 275 1765 de
301 1703 446 1782 gemmis
471 1704 618 1782 prasinis
643 1709 674 1766 11
701 1705 942 1785 hyacinthinis,
972 1724 1052 1768 auro
1080 1706 1307 1782 interclusum,
1338 1705 1395 1784 qui
1424 1707 1553 1785 pensat
1576 1720 1620 1764 ex
1645 1701 1736 1762 omni
1755 1718 1811 1778 par-

231 1805 265 1864 te
286 1800 391 1864 libras
414 1801 537 1880 viginti
558 1804 591 1866 et
615 1803 732 1866 uncias
753 1807 841 1882 tres;
860 1803 1002 1884 scyphos
1028 1808 1204 1882 argenteos
1224 1801 1361 1880 viginti,
1391 1798 1585 1881 pensantes
1609 1799 1760 1877 singulos
1778 1797 1812 1857 li-

173 1899 213 1961 20
233 1897 311 1961 bras
329 1917 398 1977 xv3
418 1917 511 1962 amas
530 1919 572 1962 ex
592 1918 673 1964 auro
692 1901 870 1981 purissimo
890 1901 984 1980 duas,
1005 1904 1184 1980 pensantes
1208 1901 1296 1978 sing.
1328 1900 1434 1961 libras
1459 1898 1731 1979 quinquaginta
1755 1914 1811 1974 por-

236 1999 347 2060 tantes
370 1998 458 2077 sing.
486 2000 675 2062 medemnos
690 2001 703 2039 1
721 2004 788 2062 1111
809 2022 816 2079 ;
839 2018 934 2063 amas
961 2003 1140 2079 argenteas
1167 1998 1302 2078 viginti,
1332 2015 1407 2078 quae
1434 2001 1590 2076 pensant
1622 1995 1763 2073 singula
1782 1995 1811 2054 li-

236 2093 314 2157 bras
339 2094 462 2176 decem,
487 2101 657 2178 portantes
683 2099 828 2176 singulae
852 2097 1044 2161 medemnos
1066 2097 1246 2176 singulos;
1270 2095 1390 2159 calices
1414 2097 1573 2157 minores
1604 2111 1650 2157 ex
1674 2113 1749 2156 auro
1766 2112 1807 2173 pu·

238 2193 369 2255 rissimo
402 2194 641 2275 quadraginta,
671 2200 850 2274 pensantes
878 2196 1033 2275 singulos
1061 2194 1167 2258 libras
1195 2194 1377 2272 singulas3
1399 2195 1529 2256 calices
1559 2195 1711 2256 minores
1731 2194 1808 2255 mini-

237 2293 388 2356 steriales
420 2292 672 2374 quinquaginta
707 2298 886 2376 pensantes
922 2293 1052 2373 singuli
1083 2293 1186 2355 libras
1216 2293 1326 2355 binas.
1356 2294 1572 2355 Ornamenta
1600 2293 1640 2354 in
1667 2291 1805 2354 basilica:

175 2391 216 2455 25
234 2393 386 2455 Farum⁰
407 2393 607 2457 cantharum
623 2413 665 2456 ex
689 2413 769 2457 auro
790 2394 970 2474 purissimo
996 2397 1074 2457 ante
1100 2394 1205 2456 altare
1230 2393 1265 2454 in
1291 2410 1356 2473 quo
1382 2392 1478 2455 ardet
1506 2394 1627 2455 oleum
1652 2392 1805 2454 nardinum

237 2491 395 2572 pisticum
434 2509 511 2555 oum
546 2493 714 2573 delphinis
750 2494 931 2572 octoginta,
965 2492 1022 2574 qui
1059 2495 1201 2574 pensant
1240 2489 1343 2553 libras
1379 2490 1542 2569 triginta,
1585 2490 1648 2552 ubi
1686 2490 1806 2552 candela

238 2589 357 2651 ardent
382 2605 422 2655 ex
450 2590 521 2653 oleo
550 2590 691 2653 nardino
720 2591 837 2672 pistico
865 2592 900 2653 in
928 2591 1057 2670 gremio
1088 2590 1253 2652 Ecclesia.
1283 2588 1432 2651 Pharum
1465 2588 1681 2652 cantharum
1708 2606 1804 2666 argen-

237 2689 329 2749 teum
364 2705 440 2749 cum
468 2688 639 2768 delphinis
672 2693 806 2751 centum
833 2692 866 2752 et
894 2687 1030 2768 viginti,
1066 2688 1153 2769 quod
1181 2690 1301 2766 pensat
1330 2686 1434 2749 libras
1466 2687 1739 2768 quinquaginta,
1762 2686 1806 2748 ubi

237 2784 348 2846 oleum
381 2784 475 2847 ardet
506 2784 685 2848 nardinum
719 2787 876 2866 pisticum
900 2809 906 2866 ;
928 2786 1036 2867 phara
1062 2787 1225 2850 canthara
1252 2789 1412 2866 argentea
1441 2785 1479 2848 in
1514 2787 1654 2863 gremio
1684 2784 1806 2848 basilica

180 2882 220 2943 30
238 2882 467 2963 quadraginta
497 2902 590 2964 pens.
623 2884 762 2964 singula
790 2884 893 2947 libras
921 2885 1074 2964 triginta,
1106 2884 1163 2946 ubi
1197 2885 1290 2946 ardet
1322 2884 1431 2946 oleum
1461 2885 1556 2964 quod
1587 2902 1703 2966 supra.
1731 2886 1805 2945 Parte

235 2979 353 3044 dextra
379 2980 536 3046 basilicae.
564 2983 674 3045 Phara
699 2986 861 3061 argentea
886 2982 1113 3064 quadraginta
1139 3000 1231 3062 pens.
1260 2983 1400 3061 singula
1423 2981 1532 3044 libras
1556 2984 1699 3062 viginti.
1719 2984 1805 3044 Phara

235 3079 399 3141 canthara
419 3080 454 3142 in
474 3079 559 3142 laeva
578 3078 725 3143 basilicae
748 3085 909 3159 argentea
931 3080 1055 3159 viginti
1075 3080 1225 3160 quinque
1242 3101 1249 3158 ;
1266 3096 1359 3157 pens.
1379 3079 1524 3157 singula
1546 3080 1658 3142 libras
1675 3078 1802 3158 viginti,

234 3177 398 3239 canthara
420 3181 605 3258 cyrostrata
627 3178 663 3239 in
684 3178 814 3256 gremio
840 3176 989 3240 basilica
1010 3181 1172 3254 argentea
1195 3176 1459 3257 quinquaginta,
1489 3192 1590 3257 pens.
1619 3180 1751 3257 singula
1770 3176 1804 3236 li-

234 3271 312 3335 bras
330 3274 482 3353 viginti:
507 3277 721 3355 singularum
746 3275 909 3338 librarum
930 3281 1043 3339 metrae
1062 3288 1071 3326 r
1089 3278 1156 3338 tres
1176 3291 1217 3336 ex
1243 3278 1382 3353 argento
1408 3275 1609 3356 purissimo,
1641 3295 1714 3357 quae
1738 3293 1803 3354 pen-

175 3371 215 3433 35
238 3377 315 3434 sant
343 3373 489 3452 singulae
516 3375 620 3438 libras
649 3393 721 3453 ccc,
751 3378 920 3456 portantes
948 3374 1094 3452 singula
1120 3373 1312 3436 medemnas
1339 3374 1454 3435 decem
1473 3395 1480 3447 ;
1501 3376 1802 3439 candelabraarni-

234 3469 376 3532 chalcha
401 3477 526 3550 septem
552 3473 781 3550 antealtaria,
804 3490 877 3552 quae
897 3474 976 3533 sunt
996 3471 1031 3533 in
1051 3470 1191 3552 pedibus
1216 3488 1252 3547 11,
1273 3488 1349 3532 cum
1375 3475 1499 3533 ornatu
1519 3490 1586 3535 suo
1609 3491 1653 3536 ex
1675 3476 1801 3552 argento.

191 3609 196 3619 ·
234 3567 417 3630 interclusa
449 3569 575 3648 sigillis
602 3571 853 3651 prophetarum,
890 3586 982 3648 pens.
1015 3569 1154 3647 singula
1186 3568 1289 3631 libras
1322 3568 1469 3647 triginta
1489 3591 1513 3631 s.
1544 3574 1628 3647 Ques
1654 3571 1801 3634 constituit

234 3663 270 3726 in
290 3665 426 3727 servitio
453 3666 631 3745 luminum,
657 3668 689 3730 id
711 3672 772 3745 est,
793 3685 942 3729 massam
967 3666 1177 3730 Garilianam
1200 3666 1235 3727 in
1254 3665 1419 3728 territorio
1445 3670 1632 3749 Suessano,
1662 3675 1801 3752 praster-

236 3766 304 3825 tem
337 3763 485 3842 singulis
509 3766 609 3827 annis
645 3765 766 3827 solidos
799 3765 1066 3845 quadringentos
1093 3785 1100 3843 ;
1128 3782 1274 3826 massam
1308 3765 1519 3827 Muronicam
1550 3769 1564 3808 ¹¹
1592 3769 1630 3830 in
1662 3767 1801 3832 territorio

87 3940 95 3947 μ
170 3859 210 3920 40
233 3862 471 3940 suprascripto,
494 3866 709 3943 praestantem
731 3863 854 3926 solidos
877 3879 985 3926 cccxc
1004 3867 1039 3941 ἰ;
1067 3880 1214 3925 massam
1235 3861 1420 3924 Aurianam
1444 3865 1621 3929 territorio
1644 3864 1799 3929 Laurenti-

234 3975 287 4035 no,
317 3962 532 4039 praestantem
566 3960 688 4023 solidos
715 3961 920 4041 quingentos
944 3980 952 4034 ;
976 3979 1125 4022 massam
1154 3959 1319 4022 urbanam
1352 3959 1523 4023 territorio
1555 3965 1708 4026 Antiano
1738 3980 1801 4042 pra

229 4060 375 4118 stantem
405 4058 527 4121 solidos
559 4058 718 4123 ducentos
755 4059 986 4141 quadraginta
1010 4082 1017 4135 ;
1045 4078 1191 4121 massam
1218 4058 1441 4122 sentilianam
1472 4060 1650 4124 territorio
1679 4058 1801 4125 Ardeati-

229 4172 284 4232 no,
315 4158 529 4234 praestantem
565 4157 686 4219 solidos
716 4157 876 4219 ducentos
908 4156 1138 4237 quadraginta
1174 4174 1319 4219 massam
1353 4155 1463 4217 Castis
1490 4158 1670 4222 territorio
1701 4158 1802 4220 Catius

230 4256 445 4330 praestantem
474 4253 596 4315 solidos
621 4254 714 4315 mille
736 4271 743 4328 ;
768 4271 916 4316 massam
946 4255 1108 4333 Trapeam
1133 4254 1298 4317 territorio
1322 4253 1514 4333 casinensi,
1544 4261 1722 4335 praestant.
1746 4254 1801 4316 soli-

168 4350 208 4412 45
228 4350 289 4414 dos
324 4349 417 4413 mille
450 4357 621 4415 sexcentos
652 4356 686 4415 et
718 4352 980 4432 quinquaginta.
1009 4372 1016 4425 ;
1046 4352 1311 4414 thimiamateria
1342 4350 1407 4413 duo
1442 4367 1485 4413 ex
1520 4372 1610 4417 auro
1648 4353 1800 4434 purissimo

229 4467 323 4529 pens.
352 4450 456 4513 libras
483 4450 638 4529 triginta.
667 4454 800 4514 Donum
829 4451 1046 4514 aromaticum
1076 4455 1154 4513 ante
1180 4450 1302 4512 altaria
1330 4449 1431 4511 annis
1457 4449 1618 4530 singulis
1644 4452 1744 4515 libras
1765 4464 1798 4510 11.

229 4550 369 4613 Fontem
394 4548 583 4630 sanctum]
607 4548 664 4613 ubi
698 4548 888 4628 baptizatus
915 4551 965 4612 est
994 4553 1169 4626 Augustus
1200 4548 1443 4610 Constantinus
1469 4547 1517 4610 ab
1552 4550 1674 4615 eodem
1700 4550 1798 4630 episce

228 4665 271 4726 po
295 4648 462 4710 Silvestro.
500 4651 615 4726 Ipsum
651 4651 805 4710 sanctum
834 4647 959 4709 fontem
986 4663 1028 4709 ex
1058 4646 1232 4707 111111101
1257 4644 1489 4725 porphyretico
1525 4665 1572 4710 ex
1600 4650 1697 4712 omni
1733 4650 1800 4730 parte

229 4750 430 4826 coopertum,
470 4746 681 4824 intrinsecus,
712 4750 745 4808 et
773 4747 864 4825 ioris,
897 4748 931 4808 et
957 4744 1111 4823 desuper,
1145 4747 1179 4804 et
1204 4745 1369 4823 quantum
1398 4760 1490 4822 aqna
1521 4748 1798 4811 101111111111-

166 4845 205 4907 50
225 4849 328 4923 gento
351 4844 531 4924 purissimo
563 4842 598 4906 in
622 4844 762 4924 pedibus
788 4863 820 4924 1,
844 4845 903 4924 qui
926 4843 1080 4922 pensavit
1107 4841 1241 4920 argenti
1266 4840 1371 4903 libras
1394 4842 1465 4903 tria
1487 4845 1608 4908 millia
1631 4853 1665 4911 et
1686 4856 1756 4911 octo.
1773 4845 1797 4904 lr

225 4942 334 5005 medio
370 4942 471 5005 fontis
498 4944 671 5005 columnas
706 4943 970 5022 porphyreticas,
1000 4959 1074 5021 quae
1103 4943 1236 5020 portant
1270 4938 1421 5018 phialam
1457 4958 1620 5023 auream,
1656 4946 1713 5008 ubi
1736 4958 1795 5006 can-

227 5041 302 5104 dela
329 5043 390 5120 est,
413 5057 561 5119 pensans
588 5057 629 5104 ex
655 5059 736 5103 auro
760 5039 939 5120 purissimo
961 5038 1066 5101 libras
1090 5057 1145 5118 111,
1175 5037 1232 5100 ubi
1260 5036 1353 5100 ardet
1374 5036 1410 5098 in
1436 5037 1566 5105 diebus
1597 5043 1733 5107 Pascha
1751 5036 1794 5100 111·

689 5346 826 5393 NOTULAE
846 5348 1051 5392 MARGINALES
1074 5347 1245 5392 FABRO'P'I'I.

150 5602 205 5668 ²0,
234 5603 365 5674 pharum.
393 5597 407 5641 b
431 5599 459 5666 d,
492 5597 658 5669 purissimo.
686 5604 698 5634 0
726 5593 753 5661 C,
784 5591 827 5648 16,
853 5597 866 5634 d
892 5594 919 5660 C,
949 5593 1118 5649 1111111111.
1146 5592 1209 5660 ⁰13,
1241 5594 1371 5664 phorum.
1401 5590 1414 5633 f
1436 5593 1465 5661 G,
1500 5601 1646 5657 metreta.
1670 5615 1685 5653 1
1709 5600 1788 5655 laur

117 5693 170 5743 tas.
187 5690 398 5746 hBourouicarn
414 5690 442 5744 G.
462 5688 509 5754 113,
526 5684 589 5758 360,
605 5683 614 5738 1
632 5683 659 5751 C,
678 5686 778 5746 Boron,
794 5684 832 5737 od
848 5699 914 5737 con.
931 5685 1007 5738 Dora.
1024 5678 1086 5751 314,
1110 5695 1172 5754 pag.
1192 5679 1252 5738 181).
1267 5680 1282 5722 k
1297 5682 1327 5751 d,
1347 5680 1454 5752 lapide.
