3892 6136
189 219 255 280 tiit
798 217 979 277 annsrnsu
999 216 1271 277 bluudmtctltii
1835 219 1897 284 itii
1942 286 1944 309 ἰ

184 352 312 410 daorum
335 352 503 407 patriarchis
534 352 562 409 id
589 354 716 411 nominis
745 367 808 412 esse
837 347 1006 422 protectum,
1022 343 1166 407 Acestam
1178 347 1392 416 praedicationis
1406 348 1582 420 Emngelica
1595 347 1733 418 regulam
1745 349 1897 420 depraran

187 421 388 479 multoautem
404 421 738 497 minusahtontaoistis,
773 419 1011 482 uorumPatriar·
1064 418 1235 474 niterentur.
1246 419 1299 475 Sed
1314 420 1787 492 postquam-saccrhpostolorum
1799 420 1897 479 cborcs
1942 456 1944 461 -

183 494 248 551 citas
259 498 396 550 memorat
408 494 596 565 Hieronymus
608 498 729 563 epistola
741 441 786 554 iffi.
799 497 930 551 hamata
942 501 1010 560 quo·
1064 491 1144 546 nario
1168 491 1269 546 mortis
1293 504 1395 560 genere
1420 493 1583 549 exstinctus
1608 499 1667 554 est.
1694 491 1898 564 cdluseratqur
1942 522 1944 535 =

211 578 245 622 ae
257 564 413 635 appellatio
425 565 520 622 serius
536 574 672 637 usurpata
686 575 740 636 est,
755 581 841 640 quam
855 571 924 621 aetas
936 558 1009 616 Sixtl
1062 561 1121 632 lam
1147 566 1215 617 aetas
1242 561 1392 619 hominum
1419 562 1537 620 illorum
1565 563 1617 635 qui
1646 563 1784 620 divinam
1819 564 1895 635 ipsas
1942 586 1944 603 ι

188 581 270 694 ἆται.
284 633 376 703 Quare
390 636 432 692 rel
456 637 562 693 inserta
575 646 618 693 est
639 641 774 709 periocha
792 639 826 695 ad
845 627 1011 714 exponenda
1065 632 1236 702 sapientiam
1247 634 1310 690 suis
1320 634 1442 690 auribus
1453 634 1621 692 auscultare
1634 641 1827 692 meruerant:
1844 643 1897 692 tunc

189 719 222 765 ca
244 708 329 763 verba
350 722 411 761 cam
436 707 544 771 litteris,
567 715 631 778 post
648 717 759 768 aetaam
781 710 883 766 Leonis
904 706 1010 774 hlagnr,
1064 702 1179 761 demum
1195 710 1292 760 exorta
1306 705 1448 775 estimpii
1468 707 1577 763 erroris
1597 706 1793 776 conspiratio
1807 703 1896 765 iraudc

190 778 259 835 dum
272 792 306 835 ex
319 777 457 848 catalogis
469 779 570 835 aliisve
584 781 766 839 documentis
780 786 880 837 auctor
893 777 963 833 Vita
978 784 1011 855 ea
1065 782 1093 832 et
1107 775 1218 831 malitia
1231 774 1370 833 salsorum
1382 777 1544 836 doctorum.
1560 777 1618 848 Qui
1635 784 1744 847 utpote
1758 776 1840 834 nullo
1851 792 1897 835 an·

190 851 303 907 decreta
324 849 571 914 describeretcvel
590 853 617 907 in
641 853 754 925 aliquot
771 851 921 910 codicibus
940 844 1009 902 libri
1068 845 1144 917 plius
1159 860 1193 902 ex
1215 847 1356 916 apostolis
1376 849 1544 919 superstite,
1563 849 1710 918 posthac
1724 849 1820 918 nudo,
1832 851 1894 920 qnod

189 920 366 978 Pontibmlts
382 921 470 977 veluti
484 923 623 994 glossema
636 937 653 979 a
666 924 789 996 posteris
808 928 851 979 est
865 917 1006 990 apposita.
1064 917 1158 986 alunt,
1173 917 1265 988 capite
1276 920 1414 976 adversas
1425 921 1664 990 predicationem
1676 920 1822 978 veritatis
1836 920 1897 977 adul

188 993 291 1049 Verum
307 991 424 1048 excluso
443 994 528 1051 etiam
547 995 695 1066 adjectitia
716 1002 853 1052 commate
873 991 1009 1069 (Patriam
1065 989 1188 1045 terinam
1210 990 1372 1047 doctrinam
1391 989 1546 1049 obtrudere
1560 992 1699 1065 aggressi
1725 996 1809 1049 suut.
1824 1009 1836 1042 ι
1849 992 1895 1049 ilat

184 1064 240 1118 aba
260 1063 434 1118 salutationis
450 1065 532 1134 plebi,
554 1082 615 1136 que
634 1073 673 1122 est
688 1068 818 1136 famata)
836 1065 880 1121 tls
901 1063 1007 1118 decreu
1061 1060 1249 1132 Hegesipplts.

185 1134 292 1190 Sixtini
308 1134 588 1205 percipiturlubere,
611 1143 642 1193 ut
658 1138 770 1195 litteras
790 1131 1010 1208 apostollccse-
1100 1133 1250 1189 Derirerat
1268 1132 1322 1190 sub
1336 1134 1458 1205 trajano
1477 1136 1602 1192 ioannes
1623 1134 1824 1206 evangelista,
1837 1148 1892 1208 apa

187 1208 234 1264 dis
248 1206 398 1277 signaculo
416 1208 540 1264 munitas
554 1206 677 1278 perierat
695 1211 848 1280 episcopus
862 1206 897 1262 ad
911 1206 1010 1259 homa·
1064 1205 1204 1262 stolorum
1225 1211 1371 1275 superstes
1396 1206 1528 1263 ultimus.
1550 1206 1613 1265 Sub
1635 1205 1746 1263 eodem
1772 1206 1893 1278 principe,

186 1291 250 1334 nam
273 1277 368 1332 sedem
390 1287 533 1349 evocatus,
551 1280 666 1351 quando
688 1280 804 1338 hincad
821 1290 901 1335 suam
924 1286 1010 1345 parte·
1064 1283 1212 1333 constante
1235 1277 1469 1347 perseeutionea
1493 1278 1588 1335 Plinio
1611 1277 1785 1347 descripta,
1805 1291 1893 1336 aanor

187 1349 261 1407 ciam
276 1353 320 1405 est
334 1362 513 1406 reversurus.
537 1351 732 1420 luitprandus
753 1353 792 1408 ita
811 1349 929 1418 exponit
946 1358 1010 1401 sen·
1065 1348 1101 1403 ab
1117 1347 1250 1416 Eusebio,
1267 1353 1353 1418 atque
1369 1348 1478 1405 idcirco
1501 1347 1657 1406 reserenda
1678 1350 1718 1405 ad
1739 1349 1894 1407 toenita-

188 1421 308 1479 tentiam
324 1421 409 1489 huius
423 1421 543 1476 decreti.
561 1441 574 1473 c
589 1423 640 1478 ilic
660 1423 824 1487 corastituit,
840 1426 872 1477 ut
887 1419 1012 1489 quisque
1066 1421 1143 1486 cisti,
1158 1425 1185 1475 et
1199 1419 1233 1474 ad
1251 1419 1328 1474 hunc
1345 1422 1439 1489 ipsum
1452 1420 1487 1476 de
1500 1435 1558 1493 quo
1574 1421 1704 1492 agimus
1719 1420 1800 1477 Sixti
1813 1421 1894 1478 Pond-

186 1491 633 1563 episcopusaliquaadversitate
647 1488 1012 1564 pulsatuslieenterappel·
1068 1490 1194 1557 deatum,
1219 1491 1338 1561 Symeon
1362 1491 1442 1547 illius
1464 1491 1611 1561 Cieophae,
1639 1492 1895 1563 hierosolymnmu

189 1567 228 1623 let
242 1565 406 1634 itomanam,
423 1569 452 1619 et
464 1563 651 1633 apostolicam
671 1567 777 1635 sedem
790 1571 818 1621 et
838 1563 909 1619 illuc
924 1575 1012 1616 voca-
1067 1563 1894 1632 secundusepiscopus,Redemptorisnostriconsobrinus

189 1634 348 1694 tuscenire
364 1648 419 1690 non
436 1640 623 1692 renuat2nec
636 1637 702 1693 inde
719 1636 827 1707 absque
841 1631 1011 1705 apostolicis
1069 1633 1207 1703 martyrio
1241 1633 1422 1690 dedicaverat
1453 1642 1565 1690 atatem
1597 1640 1725 1692 centum
1755 1643 1785 1692 et
1810 1636 1895 1705 viginti

187 1707 295 1765 litteris
308 1705 342 1760 ad
359 1707 501 1832 propriam
515 1707 630 1776 redeat3
645 1715 677 1765 ut
691 1708 781 1764 vicini
796 1707 843 1763 sui
857 1720 891 1762 ex
906 1706 958 1760 hoc
971 1704 1013 1758 in·
1031 1709 1055 1770 Β
1068 1718 1220 1762 annorum.
1231 1705 1302 1761 Tum
1313 1719 1379 1761 vero
1392 1706 1594 1762 haereticorum
1607 1707 1739 1763 licentia
1749 1719 1786 1763 ex
1796 1707 1897 1763 occultis

186 1778 327 1848 telligaot,
351 1791 406 1848 qua
421 1777 474 1833 iter
488 1777 528 1833 ibi
547 1791 628 1835 suam
649 1779 832 1850 aliorumque
846 1789 962 1835 causam
984 1774 1014 1829 b·
1070 1776 1188 1832 latebris
1213 1776 1243 1830 in
1268 1783 1397 1844 apertam
1421 1790 1562 1848 proruens
1588 1778 1690 1848 palam
1716 1791 1849 1850 aggressa
1867 1785 1898 1835 st

184 1849 333 1908 aluerit.»
1069 1848 1262 1904 adulterinam
1282 1847 1442 1904 doctrinam
1465 1848 1626 1905 obtrudere
1638 1857 1670 1905 ct
1690 1850 1724 1905 iu
1741 1863 1813 1922 agro
1825 1851 1897 1906 Rau

223 1922 297 1977 Usus
315 1920 453 1986 sarmatae,
473 1919 533 1976 sile
552 1922 792 1979 commendatitiae
814 1919 953 1991 epistolae,
974 1918 1015 1972 in·

187 1995 294 2051 ductus
309 1989 367 2048 luit
380 1992 509 2062 exemplo
524 1993 739 2062 apostolorum:
758 1992 867 2065 quibus
878 1991 908 2047 in
922 1989 1016 2047 conci·

189 2064 229 2122 llo
245 2062 506 2134 hierosolymitano
529 2063 569 2120 ita
585 2063 694 2134 placuit
710 2067 824 2121 munire
844 2062 1014 2142 legationem

191 2135 285 2205 Pauli,
300 2133 444 2201 barnaba,
465 2134 545 2192 Judae
559 2147 591 2191 ac
606 2135 673 2192 Silae
687 2137 722 2192 ad
739 2135 896 2192 Ecclesiam
910 2133 1017 2190 Antro-

189 2208 308 2264 chcnam
330 2204 404 2276 (Act.
428 2205 475 2277 xv)
497 2212 528 2262 ut
548 2207 607 2263 haec
629 2219 776 2265 secernere
798 2212 893 2277 posset
915 2204 1017 2260 missos

190 2276 387 2349 apostolorum
409 2277 445 2334 ab
461 2277 528 2333 aliis
550 2278 659 2350 absque
682 2278 812 2349 legitima
829 2278 962 2347 iussione
981 2275 1015 2330 ad

188 2363 250 2407 eam
275 2346 421 2419 proiectis,
444 2348 552 2419 quibus
574 2350 696 2420 apostoli
724 2364 779 2406 non
805 2349 1016 2405 mandaverant.

190 2418 1018 2490 lnPauliuisquoquelitterisnonsemelincluditurconr·

190 2492 334 2550 mendatio
358 2503 457 2547 eorum
479 2492 530 2562 qui
555 2493 666 2549 easdem
694 2491 860 2563 perterrent.
885 2493 915 2546 ln
940 2489 1018 2545 calce

189 2563 317 2636 epistola
331 2563 366 2618 ad
383 2561 521 2632 Ephesios
536 2563 753 2620 commendatur
766 2563 908 2634 Tychicus
921 2579 927 2616 :
942 2566 970 2617 et
986 2560 1017 2616 in

1070 1918 1162 1992 gelico
1184 1919 1295 1975 zizania
1317 1919 1527 1977 disseminare:
1545 1922 1635 1991 quusi
1651 1919 1896 1977 dormientibusiu

1069 1991 1185 2047 Christo
1201 1991 1249 2057 iis,
1272 1991 1322 2061 qul
1340 1992 1468 2047 eumdem
1492 1992 1523 2048 in
1547 2004 1638 2048 carne
1664 1993 1816 2060 viderant,
1836 2005 1897 2048 neno

1071 2062 1192 2134 vigilum
1210 2063 1395 2132 reperiretur,
1413 2063 1463 2133 qui
1478 2070 1575 2133 posset
1590 2077 1607 2119 a
1626 2063 1739 2120 tritico
1756 2063 1851 2121 lolium
1862 2076 1897 2120 st·

1071 2146 1197 2192 cernere.
1214 2133 1288 2203 Quid
1305 2133 1395 2204 igitur
1417 2134 1535 2190 constiti
1551 2141 1709 2204 caperent,
1723 2143 1777 2192 aut
1792 2148 1897 2205 quantu

1074 2205 1210 2290 prasidia
1229 2215 1405 2274 opponerent
1420 2206 1554 2262 custodes
1568 2208 1635 2277 agri
1655 2207 1822 2271 Dominici,
1837 2206 1898 2276 isqa

1073 2277 1212 2348 inprimis
1231 2276 1341 2344 sixtus,
1363 2276 1412 2347 qui
1433 2277 1515 2333 Petro
1536 2283 1732 2335 successerat
1746 2279 1778 2334 in
1792 2278 1898 2350 magale

1073 2349 1117 2405 rio
1133 2347 1276 2404 cathedrae
1291 2353 1457 2404 caeterarum
1483 2348 1578 2417 princi
1604 2349 1630 2405 is
1647 2351 1688 2406 ad
1704 2348 1898 2406 continuandos

1072 2419 1176 2476 iratres
1192 2419 1284 2476 suos?
1299 2419 1376 2475 ldem
1397 2418 1480 2489 plane
1497 2364 1664 2478 remedium
1690 2423 1833 2492 opposuit
1844 2419 1898 2476 sub-

1072 2491 1179 2550 orienti
1202 2490 1310 2557 morbo,
1334 2491 1408 2561 quod
1433 2489 1571 2547 hetorum
1596 2505 1634 2547 xv
1658 2493 1803 2562 apostoli,
1827 2498 1853 2548 et
1869 2505 1898 2547 se·

1072 2564 1170 2620 niores
1181 2562 1374 2619 adhibuerant
1384 2566 1482 2618 contra
1495 2562 1714 2620 descendentes
1727 2578 1763 2620 ex
1775 2561 1897 2620 induri

187 2649 231 2700 ea,
251 2647 314 2703 quae
333 2633 401 2689 data
419 2640 462 2688 est
481 2634 515 2690 ad
537 2634 718 2691 colossenses
738 2635 881 2705 tychicus
900 2638 928 2689 et
948 2631 1017 2688 One·
1071 2635 1294 2702 seditionem‚et
1306 2632 1417 2702 turbas,
1430 2640 1458 2690 et
1469 2630 1540 2690 laisa
1550 2633 1694 2706 dogmata
1708 2633 1897 2691 inrmduauds

190 2706 294 2763 simus.
316 2703 369 2759 Sed
394 2704 479 2758 etiam
494 2705 571 2776 sigor
587 2705 729 2775 appositio
750 2706 837 2788 (unde
853 2706 1017 2772 formatasa
1073 2707 1103 2762 in
1116 2703 1270 2761 Ecclesiam
1286 2704 1504 2760 Antiochenam.
1518 2703 1733 2775 opposuerant
1749 2706 1796 2762 illi
1806 2704 1897 2775 iudicia

190 2781 291 2845 torma.
308 2787 358 2829 seu
374 2779 440 2843 typo
455 2776 505 2845 qui
522 2777 718 2845 apponebatur
732 2777 827 2832 dictas
842 2775 935 2831 voluit
949 2781 1018 2830 atas
1072 2776 1191 2833 concilii
1207 2789 1241 2832 ac
1257 2775 1438 2846 presbyterii,
1463 2774 1579 2832 decreta
1604 2777 1733 2849 collegii
1753 2775 1897 2849 apostolici,

192 2845 335 2921 posterior
357 2850 479 2900 testante
499 2847 575 2916 apud
593 2847 732 2918 cangium
749 2848 779 2902 in
800 2847 902 2903 terico
918 2845 1018 2901 mediae
1074 2848 1191 2921 legatos,
1214 2853 1242 2903 et
1266 2846 1387 2912 litteras,
1412 2846 1520 2917 quibus
1543 2853 1685 2904 testatam
1710 2847 1840 2906 iacerent
1857 2861 1897 2903 au·

191 2916 356 2977 latinitatis
370 2916 531 2985 Sirmondo,
548 2917 675 2988 aliisque
687 2917 882 2988 scriptoribus
894 2916 1019 2974 eruditis
1074 2919 1237 2977 ctoritatem
1262 2916 1471 2989 ablegatorum,
1493 2925 1521 2973 et
1544 2921 1795 2977 commendarent
1819 2919 1897 2977 verita

193 2987 431 3060 suffragantibus)
453 2988 543 3045 videri
570 2988 653 3045 debet
680 2987 806 3059 prolecta
830 2989 866 3045 ab
889 2988 1019 3058 exemplo
1075 2997 1131 3049 tem
1141 2990 1289 3053 doctrina,
1301 2989 1337 3045 ab
1348 2989 1607 3059 apostoliseisdem
1619 2992 1702 3047 uiris
1714 2990 1898 3057 traditam

194 3059 294 3118 Pauli:
310 3058 360 3130 qui
377 3071 475 3115 omnes
490 3060 627 3130 epistolas
650 3075 718 3118 suas
732 3066 810 3118 certo
833 3060 1021 3117 salutationis
1037 3065 1063 3129 c
1077 3061 1307 3123 remittebantur.
1324 3062 1382 3117 iloc
1398 3061 1493 3130 ipsum
1510 3062 1702 3131 praesidium,
1717 3070 1748 3120 et
1763 3062 1899 3120 armana

195 3134 280 3216 signo
292 3129 328 3187 ab
341 3142 420 3200 seap
442 3132 516 3187 osito
533 3132 641 3188 muniri
656 3133 841 3189 consuevisse
855 3137 977 3188 testatur
991 3131 1020 3186 in
1077 3140 1150 3200 tum,
1172 3146 1206 3189 ac
1227 3138 1362 3188 tesseram
1387 3132 1527 3187 doctrina
1551 3139 1645 3204 utque
1669 3134 1802 3191 uniatis
1822 3132 1898 3190 adn

193 3201 317 3275 epistola
346 3201 381 3256 ad
436 3201 680 3260 tessalonicenses
705 3204 857 3261 secunda:
885 3202 1023 3258 salutatio
1078 3206 1142 3262 licre
1161 3204 1261 3260 Sirius
1284 3203 1393 3273 parauit
1413 3210 1513 3258 contra
1539 3204 1689 3262 haeresum
1712 3206 1864 3263 violentias
1878 3215 1900 3258 a

192 3291 253 3332 mco
271 3287 356 3328 muna
376 3272 457 3327 l'aali
471 3274 564 3345 :qaod
583 3280 622 3329 est
640 3278 750 3343 siccam
763 3276 794 3329 in
807 3276 880 3329 omni
898 3274 1022 3344 epistola.
1080 3276 1204 3334 insidias
1217 3289 1250 3331 ex
1265 3288 1348 3359 aequo
1368 3273 1577 3331 adhibendum.
1594 3275 1768 3334 Constituit
1787 3277 1869 3345 enim,
1881 3280 1900 3329 ul

196 3349 239 3403 lta
264 3345 362 3401 scribo.
389 3343 487 3399 Gratia
514 3347 623 3401 Domini
645 3348 733 3401 nostri
752 3348 816 3402 lesa
839 3347 940 3401 christi
964 3359 1023 3398 cum
1078 3347 1206 3418 episcopi
1221 3347 1307 3402 acciti
1322 3346 1357 3401 ad
1373 3347 1526 3401 Romanam
1540 3346 1654 3416 sedem,
1674 3345 1900 3425 utpoleinlicclt

196 3417 322 3473 omnibus
350 3414 436 3471 cobis.
465 3418 563 3472 Amen.
594 3418 713 3473 Romani
746 3416 895 3488 pontillces
918 3428 1024 3473 morem
1080 3420 1124 3476 sia
1140 3420 1274 3474 universa
1289 3416 1466 3473 obtinentem
1481 3416 1647 3475 Christiani
1665 3421 1803 3492 synedrii
1818 3418 1900 3491 prina-

95 3492 96 3496 ’
199 3489 277 3545 hunc
295 3485 484 3555 apostolicum
508 3488 613 3544 imitati
635 3489 659 3544 si
684 3501 751 3544 nare
765 3494 976 3544 consueverunt
990 3488 1027 3542 si·
1082 3497 1179 3562 patum
1192 3489 1315 3558 perjura
1328 3489 1408 3545 Petro
1423 3502 1456 3544 ac
1469 3491 1819 3549 successoribustradite
1839 3490 1901 3546 itan

201 3559 269 3616 mile
282 3558 431 3629 quippiam
449 3558 478 3613 in
492 3559 555 3615 suis
568 3505 711 3686 epistofis,
726 3560 851 3630 graviori
869 3559 1026 3641 prasertim
1081 3563 1227 3623 sisterent,
1246 3563 1275 3642 ut
1296 3573 1383 3615 causa
1401 3562 1517 3630 cognita
1540 3561 1719 3620 remittendi
1737 3577 1805 3620 curn
1819 3534 1899 3641 iurent

200 3632 235 3689 de
250 3642 336 3686 causa
351 3629 481 3698 scriptis,
503 3645 576 3702 quas
611 3631 685 3687 ullas
699 3631 827 3687 dicimus
844 3630 1027 3687 consistoria·
1086 3633 1175 3702 recipi
1192 3632 1310 3687 minume
1334 3639 1450 3700 possent
1471 3630 1581 3702 absque
1597 3631 1716 3690 litteris
1730 3632 1899 3705 apostolica:

202 3702 254 3759 les.
271 3702 341 3756 Nam
356 3701 453 3757 crucis
474 3701 625 3771 signaculo
645 3702 730 3773 (quod
751 3702 868 3769 salutis,
883 3709 912 3758 et
929 3702 1029 3774 gratia
1087 3718 1136 3775 por
1148 3717 1221 3774 quas
1233 3702 1262 3758 in
1275 3701 1433 3772 majoribus
1448 3701 1526 3758 hisce
1537 3704 1642 3760 causis
1655 3713 1825 3775 opportune
1833 3701 1900 3761 decla

202 3772 348 3829 achristo
365 3770 501 3827 ildelibus
518 3772 704 3842 adprecanrlae
725 3773 867 3829 indicium
880 3779 924 3828 est
936 3770 1030 3844 quoti·
1086 3781 1208 3838 caretur,
1226 3787 1292 3830 nurn
1310 3779 1385 3828 recta
1402 3777 1430 3830 et
1444 3780 1639 3831 consentanea
1666 3776 1738 3834 lidei
1756 3776 1859 3850 regulis
1874 3785 1899 3828 re

202 3840 331 3910 dianuro)
355 3841 412 3896 late
431 3854 555 3911 expanso
577 3843 731 3899 includunt
751 3857 962 3915 monogramma
981 3842 1028 3898 sui
1088 3855 1167 3919 perta
1178 3851 1254 3901 esset
1267 3845 1396 3915 ipsorum
1413 3845 1556 3901 doctrina.
1574 3847 1703 3904 Litteris
1738 3861 1834 3920 uoque
1843 3858 1901 3914 enq-

203 3911 341 3976 nomlnis,
356 3910 417 3966 sive
439 3925 540 3968 nomen
559 3920 717 3975 extensum.
732 3919 760 3970 et
776 3920 910 3985 practerea
929 3914 1030 3970 inscri·
1085 3919 1169 3975 clicis
1185 3930 1268 3973 usum
1290 3915 1378 3972 luisse
1392 3915 1575 3985 Clementem,
1593 3918 1677 3974 Petri
1700 3918 1902 3990 discipulante

201 3980 512 4048 bunteirculo,eidem
526 3985 1029 4057 monogrammati,eterucisligurae
1085 4001 1287 4048 successorem.
1309 3995 1407 4043 contra
1430 3987 1559 4043 haeresim
1582 3987 1721 4055 ttbionis,
1747 3997 1864 4047 testatus
1873 3991 1902 4043 est

202 4053 411 4120 circumducto,
430 4054 556 4123 aliquem
582 4056 756 4113 versiculum
775 4070 790 4112 e
809 4058 901 4113 sacris
922 4056 1029 4112 litteris
1083 4060 1264 4131 Epiphanius
1276 4058 1315 4113 iis
1327 4057 1431 4114 verbis.
1447 4073 1510 4129 quaa
1525 4059 1635 4114 acard.
1655 4060 1789 4120 Baroaio
1801 4060 1902 4117 reierur

204 4125 408 4192 desumptum:
426 4123 494 4178 olim
513 4132 574 4194 post
596 4127 621 4182 si
643 4126 709 4194 lam,
730 4141 794 4198 qua
814 4127 946 4183 redditur
959 4128 1029 4181 Bene
1083 4138 1133 4189 tur
1153 4131 1187 4187 ad
1202 4142 1309 4186 annum
1330 4125 1376 4192 tl.
1394 4143 1472 4184 num.
1490 4127 1540 4184 lli:
1560 4150 1574 4182 c
1592 4129 1675 4188 idem
1696 4132 1830 4190 Clemens
1844 4132 1902 4202 ipsa

203 4197 312 4252 valete:
330 4205 406 4247 nunc
431 4200 504 4276 post¹
519 4143 680 4252 clunsufam
702 4210 864 4266 supremam
888 4197 1027 4268 epistola,
1084 4202 1229 4276 (libionem
1241 4201 1360 4270 ejusque
1377 4200 1525 4271 sectarios)
1540 4214 1589 4270 per
1604 4204 1713 4261 omnia
1729 4201 1903 4277 redarguitis

205 4264 420 4335 respondentem
444 4265 577 4322 iudicata
601 4267 782 4324 salutationi.
805 4270 908 4325 hornam
928 4281 1029 4325 enem-
1084 4273 1216 4344 epistolis
1238 4284 1310 4340 quas
1335 4271 1454 4341 scripsit
1475 4272 1647 4342 encyclicis,
1671 4290 1739 4344 quae
1764 4279 1795 4331 in
1818 4271 1903 4330 morit

205 4337 251 4409 pla
264 4335 343 4391 rides
353 4332 514 4418 frequentia
528 4338 603 4406 apud
617 4336 762 4394 bullarum
773 4339 948 4402 collectores,
966 4344 1026 4396 tum
1086 4343 1224 4402 Ecclesiis
1239 4346 1384 4414 leguntur,
1399 4343 1475 4413 quod
1490 4342 1581 4399 alium
1601 4344 1711 4401 habeat
1727 4349 1902 4403 characteres

205 4409 281 4492 apud
295 4405 459 4479 Ughellrum
476 4421 505 4462 tn
522 4409 605 4464 ltalia
617 4422 708 4479 sacra,
725 4416 785 4466 turn
801 4411 877 4481 apud
891 4410 1027 4467 iiabillo-
1087 4417 1159 4473 tides
1169 4415 1232 4484 ejus
1243 4422 1271 4469 et
1283 4427 1377 4469 sermo
1388 4415 1424 4468 ab
1440 4413 1486 4469 his
1499 4428 1562 4485 quae
1574 4414 1630 4471 sub
1649 4418 1776 4475 nomine
1788 4413 1902 4489 ipsiusir

206 4492 286 4538 nrum
301 4479 336 4535 de
350 4491 379 4534 re
391 4477 592 4549 Dlplomatica,
610 4479 685 4536 libro
700 4482 820 4552 quinto:
836 4482 943 4553 quibus
957 4482 1025 4538 addi
1045 4467 1070 4527 D
1086 4484 1312 4546 circuitionibus
1326 4490 1461 4555 corrupta
1477 4492 1556 4542 sunt.
1571 4505 1585 4536 s
1600 4487 1669 4543 llaec
1687 4489 1832 4546 nimirum
1842 4484 1904 4544 rand·

115 4574 119 4599 ·
208 4554 329 4624 possunt
340 4548 475 4606 adnotata
488 4563 504 4607 a
516 4551 658 4608 Cotelerio
672 4552 702 4607 in
715 4565 777 4608 can.
795 4550 1028 4623 laupostoltcum

201 4632 281 4751 {omo
293 4621 328 4690 11,
342 4634 406 4693 pag.
427 4618 490 4688 tta,
506 4623 540 4679 ad
556 4622 648 4694 Opera
659 4623 705 4680 SS.
721 4625 771 4679 PP.
792 4625 891 4682 saeculi
910 4632 1030 4695 aposto·

215 4709 264 4751 rcr.

240 4766 342 4822 Verum
378 4762 424 4820 hls
450 4765 651 4835 opportuniori
685 4765 748 4823 ioco
777 4768 908 4833 servatis,
941 4781 1031 4839 pauca

208 4835 406 4892 tantummodo
429 4836 477 4892 hic
498 4837 617 4893 subdam
633 4838 668 4894 de
689 4852 775 4895 causa
797 4839 904 4895 decreti
919 4853 936 4895 a
951 4840 1030 4895 sixto

208 4907 329 4980 vulgati,
352 4922 386 4961 ne
407 4907 480 4962 allas
495 4910 635 4978 episcopas
649 4926 667 4963 a
682 4911 804 4965 Romana
824 4910 886 4965 sede
907 4915 1031 4966 euocatus

207 4980 373 5048 reciperetur
385 4981 523 5048 aproprio
536 4983 664 5050 paracio,
675 4980 1031 5051 sircdirelobsqncltaerls
1087 4986 1206 5051 dicrum,
1227 4984 1276 5038 sed
1295 4999 1350 5037 aon
1368 4988 1446 5037 aaut
1464 5000 1498 5038 cc
1516 4985 1605 5040 nobis.
1620 4987 1696 5043 Nam
1711 4990 1741 5042 si
1755 4989 1905 5054 spissata

209 5051 371 5121 apostolicis.
383 5051 423 5104 lta
435 5051 643 5107 consulendum
656 5055 769 5121 putavit
780 5054 884 5108 unitati
898 5053 1032 5109 Ecclesia
1085 5055 1173 5124 nohis,
1187 5056 1399 5125 pcancnsisscnt
1417 5057 1512 5124 atique
1528 5057 1682 5111 nobiscum.
1699 5059 1738 5114 Bt
1755 5060 1785 5116 in
1803 5061 1833 5128 ll,
1847 5069 1903 5113 rers

209 5123 355 5178 servandae
371 5119 424 5176 sub
446 5134 503 5177 uno
525 5123 629 5194 capite,
647 5136 760 5194 unaque
775 5123 906 5179 doctrina
928 5126 1031 5181 catho-
1084 5125 1153 5184 7-ll
1171 5146 1177 5181 :
1195 5127 1275 5180 liciti
1289 5126 1441 5180 seductores
1456 5131 1581 5182 catenant
1595 5129 1625 5181 in
1641 5130 1793 5198 manda-m,
1811 5131 1905 5199 qaam

208 5192 275 5257 lica,
290 5198 419 5247 avertens
434 5193 594 5261 periculum
609 5193 685 5263 quod
700 5194 868 5250 imminebat
881 5201 943 5265 post
957 5210 1030 5252 mor·
1085 5201 1245 5268 confitentur
1262 5198 1354 5251 lesum
1373 5197 1509 5252 Christum
1529 5200 1636 5253 venisse
1654 5201 1687 5254 in
1701 5217 1790 5256 came
1801 5222 1810 5256 :
1823 5203 1862 5257 lic
1876 5201 1906 5252 at

209 5264 476 5333 temapostolorum
495 5264 660 5321 etaliorum
680 5265 864 5334 cpraecipuis
883 5267 966 5325 viris.
1000 5268 1030 5324 ui
1086 5271 1211 5327 seductor
1225 5275 1251 5323 et
1263 5268 1449 5322 antichristus.
1470 5269 1564 5324 Videte
1578 5271 1713 5339 toiturne
1723 5274 1905 5343 perditasque

206 5335 354 5392 christum
373 5335 526 5391 Dominum
547 5337 679 5392 incarne
702 5337 841 5393 viderant.
865 5283 1033 5396 imminebat
1151 5341 1193 5395 att
1218 5341 1293 5405 estis,
1322 5339 1370 5394 scd
1397 5343 1428 5393 ut
1451 5340 1599 5396 mercedem
1625 5343 1744 5411 plenam
1768 5344 1906 5415 accipistis.

206 5413 301 5462 autern
317 5405 356 5468 id,
372 5406 446 5476 quod
462 5407 603 5464 Eusebius
614 5407 714 5464 retulit
725 5422 759 5465 ex
772 5407 858 5464 libris
868 5410 1030 5481 hegesippi,
1111 5413 1180 5467 mnis
1193 5413 1241 5482 qut
1250 5410 1350 5466 recudit
1365 5415 1390 5466 et
1400 5426 1453 5465 aon
1465 5414 1650 5481 permanetis
1660 5413 1794 5471 daciano
1808 5414 1905 5472 casti

207 5476 329 5533 celebris
342 5477 571 5535 Christianorum
585 5479 728 5548 historici,
742 5481 788 5536 his
811 5481 1032 5552 uetemporlbus
1086 5489 1172 5540 Deum
1189 5498 1245 5538 aon
1268 5482 1367 5538 babet:
1383 5485 1432 5552 qai
1447 5488 1591 5552 pcrmomt
1614 5485 1647 5539 in
1670 5485 1813 5556 doctrina,
1835 5487 1873 5540 hic
1888 5493 1907 5537 et

208 5494 852 5621 aqualis,ejusdemverblstraconceptumllb.
863 5552 1028 5623 campas:
1086 5557 1194 5610 Patrem
1208 5560 1234 5609 et
1248 5555 1348 5608 idi-iam
1362 5553 1451 5608 hahet.
1467 5556 1496 5610 si
1510 5557 1573 5625 qais
1587 5557 1666 5611 cenit
1679 5557 1720 5612 od
1734 5574 1794 5626 nos,
1810 5563 1835 5615 et
1848 5557 1908 5611 hunc

209 5617 391 5700 chicelesiam
404 5621 438 5677 ad
457 5620 515 5677 hac
529 5633 620 5692 usque
629 5627 760 5691 tempora
775 5624 1030 5694 tostarccjusdam
1086 5627 1239 5682 doctrinam
1261 5641 1315 5679 non
1330 5624 1420 5693 altat,
1437 5627 1521 5681 colite
1534 5627 1656 5696 recipere
1670 5643 1735 5684 eum
1755 5632 1787 5685 e'a
1800 5630 1906 5690 donnana

207 5700 329 5758 rrrgrms
343 5690 492 5761 integram,
506 5698 593 5762 atque
607 5692 802 5762 incorruptam
820 5696 1028 5762 permansisse:
1085 5712 1133 5752 nec
1143 5697 1203 5751 Ace
1217 5698 1242 5750 ei
1253 5696 1389 5750 diceritis.
1403 5695 1457 5762 Qui
1475 5699 1547 5752 enim
1566 5697 1635 5752 dicit
1648 5700 1677 5754 ei
1690 5702 1762 5765 sae,
1776 5699 1909 5756 mamari-

206 5757 301 5817 adbuc
313 5757 477 5844 inobscuro
492 5776 602 5820 recessu
616 5762 851 5821 delitescentibus
863 5767 1030 5840 quicunque
1083 5772 1128 5822 cot
1149 5767 1274 5837 operibat
1297 5765 1356 5835 ejas
1381 5769 1524 5839 mcliqnis.
1550 5767 1622 5827 Cum
1644 5768 1743 5844 igitur
1760 5771 1908 5842 disciplina

1087 4559 1134 4631 gia
1144 4555 1276 4628 signabat
1288 4555 1332 4611 illi
1348 4569 1396 4625 per
1408 4556 1533 4612 eamdem
1545 4562 1661 4614 aetstem
1675 4561 1833 4631 apostolus
1843 4561 1904 4614 tuu-

1086 4643 1136 4687 nes
1152 4629 1216 4684 suis
1233 4627 1264 4684 in
1280 4627 1411 4696 epistolis
1425 4635 1525 4683 contra
1545 4630 1755 4690 Menandrum.
1778 4631 1902 4695 libionm

1085 4701 1216 4770 aliosque
1230 4697 1266 4754 ab
1278 4699 1374 4754 eodem
1388 4697 1485 4754 schola
1498 4698 1644 4782 proiectos
1657 4704 1816 4761 hereticos
1826 4708 1852 4758 et
1860 4711 1904 4770 pru

1086 4770 1222 4838 lecturos,
1238 4770 1278 4825 ita
1291 4768 1485 4839 conscribens,
1499 4783 1529 4826 rn
1541 4771 1553 4826 1
1567 4772 1690 4843 quidem
1705 4775 1846 4845 Epistola,
1856 4785 1903 4839 etp

1087 4858 1119 4912 11,
1134 4856 1206 4898 vers.
1225 4838 1266 4896 ts.
1284 4837 1334 4895 la:
1349 4841 1384 4895 Et
1394 4855 1469 4895 acac
1480 4843 1641 4898 calabristi
1654 4846 1743 4900 multi
1755 4847 1903 4912 facessat:

1087 4914 1159 4969 unde
1178 4914 1277 4968 salmas
1292 4914 1357 4982 quia
1375 4914 1523 4968 aauasima
1546 4914 1614 4969 hora
1626 4922 1680 4970 cst.
1697 4918 1746 4972 Ec
1761 4918 1838 4972 nobis
1852 4928 1904 4985 pro-
