3892 6136
107 264 155 338 eal
505 281 552 336 nu
565 279 783 337 nunsrmruu
802 275 1061 334 rnonnoonnnn
1086 278 1174 336 nou.
1200 278 1414 338 non-vane.
1758 275 1812 340 aaa

104 401 233 474 Tacitus,
256 400 423 466 Suetonius,
445 401 499 457 Dio
520 400 683 473 murique)
703 401 813 458 distare
833 397 927 468 spatio
941 389 970 450 A
986 393 1114 456 indicato
1142 399 1284 459 Orcadum
1313 403 1474 459 insularum
1509 399 1632 472 spectari
1662 399 1809 459 debuisse.

105 503 246 547 auuorum
268 490 433 561 quindecim
455 504 472 546 a
494 491 600 545 dnobus
619 491 740 547 Geminis
759 487 926 548 consulibus,
1019 486 1091 556 Quis
1107 490 1204 562 itaque
1219 505 1321 564 negare
1337 492 1428 561 possit
1448 491 1640 547 characterem
1656 491 1734 546 bune
1749 504 1810 548 cac-

104 578 184 636 runo
199 577 319 635 Gemino
333 584 362 634 ct
377 579 509 636 Rubellio
523 579 653 635 Gemino.
669 578 762 633 Series
778 577 854 634 enim
871 586 927 629 non
985 576 1101 635 lestium
1118 585 1260 651 motuum,
1276 581 1379 637 Diouis
1390 581 1420 636 in
1436 580 1563 636 Historia
1577 580 1685 636 diserte
1700 592 1811 636 memo·

105 667 267 739 interrupta
291 668 414 723 istorum
431 667 596 739 quindecim
612 678 753 722 annorum
776 665 882 737 legitur
898 663 927 718 in
984 672 1078 724 ratum
1112 668 1241 726 indicare
1268 670 1416 726 evidenter
1441 669 1624 726 consulatum
1654 669 1810 740 utriusque

104 759 254 815 Fastorum
269 757 505 827 collectionibus,
522 771 586 828 quar
601 757 722 813 resultat
736 756 822 811 etiam
837 768 872 811 ex
888 753 929 808 hi·
983 754 1060 811 Sexti
1076 770 1138 813 esse
1153 757 1325 829 pariendum
1338 772 1402 814 cum
1418 771 1493 815 anno
1508 757 1637 830 uulgaris
1651 771 1715 813 aerae
1730 759 1809 813 tertio

105 847 224 903 storicis
234 847 328 903 atatis
338 845 472 918 Augusti.
485 848 555 902 Nam
567 845 703 916 Velleius,
719 845 769 915 qui
780 844 873 900 Marco
883 843 929 899 vi·
984 845 1110 900 decimo?
1133 846 1254 917 duosque
1278 847 1403 903 Geminos
1424 861 1486 904 esse
1507 846 1718 917 componendos
1742 860 1809 904 oum

103 935 183 992 nicio
196 935 321 1007 eonsuli,
339 941 403 1005 post
413 936 488 992 duos
501 935 630 1006 geminos
645 948 752 990 annum
765 932 926 1004 proximum
983 945 1059 990 auno
1073 934 1219 991 bissextili
1234 936 1364 1006 ejusdem
1378 949 1441 991 aerae
1453 933 1499 1004 98,
1516 935 1560 992 uti
1574 935 1724 993 Victorius
1735 948 1809 992 cou-

102 1024 255 1095 aperienti,
271 1038 357 1081 suum
376 1038 449 1095 opus
466 1030 623 1095 nuncupat,
639 1037 704 1079 cum
727 1022 795 1078 libr.
815 1034 847 1090 u,
864 1034 926 1089 cap.
982 1021 1105 1101 stituit‘l

104 1109 165 1184 ⁴93,
180 1113 305 1183 Pompeio
315 1113 486 1182 Apuleioque
499 1112 655 1167 consulibus
667 1110 791 1182 Augusti
808 1111 927 1164 mortem
1018 1110 1134 1180 Quaeres
1149 1126 1216 1169 num
1231 1113 1346 1170 duobus
1360 1113 1490 1170 Geminis
1503 1113 1674 1170 consulibus
1689 1126 1741 1184 per
1752 1126 1809 1170 an-

103 1201 259 1272 retulisset,
272 1205 301 1257 ιι
311 1200 431 1257 initium
446 1200 561 1271 imperii
572 1199 692 1268 Tiberii,
704 1211 766 1268 cap.
782 1194 842 1268 luo,
854 1196 928 1265 eius·
983 1211 1052 1254 num
1068 1202 1210 1273 retractis,
1232 1202 1323 1259 series
1339 1216 1455 1274 qnoque
1470 1202 1624 1259 consulum
1640 1201 1809 1273 praecoden-

101 1289 165 1346 dcm
180 1290 250 1347 libri
276 1290 391 1345 sedeam
406 1305 492 1344 annos
510 1289 618 1345 diserte
642 1288 710 1343 iude
734 1290 869 1343 numerat
891 1285 927 1341 ad
982 1286 1056 1343 tium
1072 1303 1165 1361 usque
1175 1289 1210 1346 ad
1220 1290 1382 1346 Caesariana
1394 1294 1522 1361 tempora
1530 1291 1555 1346 si
1565 1290 1744 1346 tantumdem
1758 1290 1808 1346 iu-

101 1379 248 1436 eonsulem
263 1378 421 1435 vinicium.
438 1377 608 1446 Quindecim
625 1380 773 1446 propterea
792 1374 927 1431 statuite
982 1374 1070 1432 simul
1093 1378 1286 1436 retrahenda?
1302 1379 1332 1434 ld
1349 1393 1415 1435 vero
1431 1383 1525 1449 ipsum
1541 1378 1709 1436 asserimus.
1729 1375 1807 1448 Quin

101 1467 216 1525 duobus
226 1468 321 1524 Sextis
331 1467 365 1523 ad
382 1468 455 1524 duos
469 1466 616 1535 Geminos,
627 1479 700 1535 quos
711 1464 928 1521 Viniciuscon·
982 1464 1068 1519 etiam
1084 1479 1187 1523 norum
1203 1473 1403 1539 argumentum
1418 1481 1452 1524 ac
1466 1469 1722 1523 demonstrationem
1738 1479 1808 1537 pro-

101 1557 229 1612 tinenter
249 1556 447 1627 consequitur.
470 1555 563 1624 Quare
584 1554 610 1609 si
633 1554 687 1607 dno
707 1553 785 1607 Senti
804 1553 926 1607 consules
980 1552 1808 1624 ducimusejusmodiretrocessionlsnecessarioadbibeu-

101 1644 248 1716 pertinent
261 1644 295 1700 ad
316 1658 423 1702 annum
443 1656 507 1699 (ιιι
525 1642 634 1700 Christi
650 1642 779 1713 vulgaris
794 1642 928 1696 decimum
979 1642 1023 1698 dae
1045 1643 1075 1698 in
1097 1644 1289 1714 disponendis
1303 1645 1506 1701 consulatibus
1528 1646 1558 1701 C.
1578 1644 1651 1701 tulii
1665 1643 1804 1702 Caemris:

100 1742 240 1804 quartum,
265 1734 319 1789 duo
342 1734 449 1790 demini
469 1738 538 1788 sunt
558 1730 720 1788 necessario
738 1729 927 1800 componendi
980 1733 1065 1801 cujus
1080 1747 1173 1790 comes
1189 1734 1359 1791 individuus
1369 1735 1566 1805 expeditionis
1576 1734 1742 1805 llispauicee
1751 1733 1807 1792 Au·

100 1836 165 1880 cum
180 1836 256 1881 anno
271 1823 398 1894 ejusdem
414 1835 477 1879 aerae
491 1819 537 1889 ιθ,
556 1821 599 1878 ιιι
616 1834 714 1877 omnes
735 1819 793 1876 lere
807 1820 928 1875 chrono-
982 1822 1028 1878 lus
1040 1823 1162 1894 llirtius,
1174 1824 1476 1894 idemquehlstoricus
1484 1822 1744 1895 diligentissimus,
1756 1836 1806 1894 per

99 1913 158 1985 logi
168 1914 292 1985 pariant.
304 1913 435 1971 Siueduo
447 1912 750 1968 seatisinteuidenter
761 1906 924 1965 retrahendi
980 1911 1043 1968 dies
1057 1912 1189 1984 singulos
1208 1924 1381 1969 enumerans
1399 1911 1566 1968 obsidioues
1588 1912 1763 1983 oppidorum
1777 1917 1806 1969 ιι

99 2016 165 2059 cum
180 2006 271 2059 morte
284 2003 407 2075 Augusti
423 2002 458 2057 ad
475 2015 581 2057 anuum
593 2014 656 2056 acra
665 1997 839 2068 eommunis,
850 1996 925 2051 ctri-
980 1999 1121 2056 militaria
1136 2005 1214 2072 gesta
1228 2000 1274 2056 sui
1289 2001 1481 2071 imperatoris,
1497 2001 1645 2056 ministrat
1656 2000 1804 2057 incastris

99 2092 137 2146 sti
149 2092 222 2154 XllI,
243 2091 432 2161 consequitur
445 2094 473 2145 et
487 2090 555 2145 duos
578 2088 702 2144 Geminos
725 2086 867 2157 pertinere
888 2085 922 2140 ad
979 2090 1054 2159 apud
1068 2088 1209 2159 llispalim
1223 2089 1309 2144 motis
1325 2089 1372 2144 die
1384 2102 1417 2144 ιιι
1428 2091 1521 2147 Nonas
1532 2091 1639 2156 Martii,
1655 2089 1726 2146 bora
1741 2089 1805 2146 clr-

99 2195 204 2235 annum
219 2179 383 2234 ausentium
396 2175 441 2249 ΞΒ,
457 2178 499 2234 uti
513 2176 660 2235 Victorius
674 2175 840 2235 coustituit.
855 2175 925 2229 Esse
979 2176 1051 2232 citer
1062 2182 1283 2232 seutanoeturno
1296 2176 1411 2246 quando
1423 2176 1492 2233 luna
1507 2183 1658 2247 conspecta
1668 2174 1738 2249 luit,
1753 2176 1805 2233 iu-

17 2335 20 2339 ,
99 2274 194 2325 auum
210 2268 252 2323 ita
267 2266 540 2323 retrahendosduos
555 2272 650 2322 sextos
665 2265 800 2323 consules
818 2270 847 2320 ιι
861 2263 924 2318 Au·
978 2263 1090 2320 dicium
1102 2262 1802 2337 manifestumanni,quemvocantcouiusionis,

100 2357 178 2430 gusti
201 2361 319 2413 mortem
341 2356 376 2411 ad
398 2367 505 2410 annum
537 2352 571 2410 l3
592 2368 656 2411 (ιιι
685 2353 867 2422 Christianae,
889 2365 924 2406 en
979 2353 1112 2423 pariaudi
1127 2367 1192 2410 cum
1208 2352 1260 2408 bac
1275 2352 1671 2423 expeditionellispauiensi:
1689 2358 1718 2410 et
1732 2352 1804 2409 alli-

99 2445 263 2502 cbaractere
278 2443 416 2515 temporis
432 2439 848 2499 inDionisllistoriarelatolit
860 2439 925 2495 evi·
978 2442 1311 2514 gaudianuumcaesaris
1330 2441 1518 2498 emortualem
1529 2455 1595 2498 eum
1607 2441 1732 2500 iuliane
1743 2455 1803 2499 cor·

98 2535 179 2591 deus.
979 2530 1115 2587 rectionis
1129 2531 1222 2600 primo
1237 2535 1303 2586 aute
1317 2544 1402 2587 acram
1416 2531 1525 2587 Christi
1542 2528 1595 2602 to;
1608 2531 1684 2588 unde
1698 2544 1804 2588 couse-

133 2625 187 2681 Dio
209 2624 284 2680 libro
298 2637 342 2680 ιιι
360 2622 436 2678 inter
454 2620 588 2693 prodigia
610 2634 672 2691 qua
686 2625 714 2675 ιι
736 2618 922 2690 praejudicata
977 2619 1079 2689 quitur
1096 2626 1124 2675 et
1135 2619 1209 2677 duos
1227 2620 1326 2676 sextos
1343 2619 1472 2676 obtinere
1485 2622 1597 2675 tertium
1613 2619 1760 2683 dammum,
1774 2622 1803 2675 et

97 2712 177 2784 vulgi
190 2713 327 2784 opinione
337 2707 849 2781 aesuperstitionemortemAugusti
860 2720 923 2776 por·
975 2708 1466 2765 duosGeminosduodetrioesimum
1477 2707 1802 2781 oeraevulgaris.Fusius

98 2802 214 2858 tendere
228 2799 427 2871 credebantur,
443 2799 527 2855 Sexto
542 2797 663 2868 Apuleio
678 2803 707 2853 et
727 2797 812 2853 Sexto
834 2796 922 2852 Pom·
977 2797 1035 2852 haec
1050 2797 1197 2868 disputata
1211 2804 1239 2854 et
1254 2798 1290 2854 ab
1304 2799 1382 2854 omui
1395 2797 1564 2854 difficultate
1576 2798 1712 2868 expedita
1723 2797 1800 2871 leges

98 2892 163 2966 peio
181 2889 362 2959 consulibus,
379 2894 527 2945 enumerat
546 2887 661 2944 totalem
675 2885 807 2956 eclipsim
828 2885 917 2941 solis:
976 2884 1500 2957 indissertatiouenostramemorata‚
1513 2888 1543 2942 iu
1555 2902 1613 2957 qua
1624 2887 1729 2943 borum
1740 2899 1801 2943 ιιι-

97 2981 179 3037 Anno
193 2980 357 3049 insequenti,
378 2978 429 3047 ait,
449 2979 530 3033 Sento
549 2978 677 3047 Apuleio,
699 2976 780 3031 secto
794 2976 920 3043 Pompeio
976 2974 1092 3031 lestium
1105 2980 1235 3032 motuum
1248 2982 1333 3046 atque
1345 2975 1498 3046 eclipslum
1511 2975 1641 3032 calculos
1654 2980 1799 3047 accurate,

97 3068 264 3132 consulibus,
275 3069 305 3120 in
315 3066 494 3135 Campaniam
501 3068 641 3135 profectus
651 3065 804 3132 Augustus,
818 3063 920 3117 caltidi
976 3070 1008 3119 ut
1026 3078 1120 3136 spero,
1136 3064 1294 3122 subductos
1307 3064 1464 3121 ostendam.

96 3162 123 3213 to
136 3158 251 3227 Neapoli
271 3156 434 3226 spectaculo,
449 3155 526 3213 nom
538 3156 621 3209 morti
635 3156 773 3209 concessit.
790 3154 920 3220 Prodigia
1009 3153 1148 3209 Constant
1160 3153 1250 3227 igitur
1262 3154 1292 3209 iu
1303 3153 1490 3225 chronologia
1504 3153 1626 3210 Victorii
1640 3167 1674 3210 ac
1688 3158 1799 3227 nostra,

96 3262 157 3317 qua
174 3246 206 3301 tel
225 3247 250 3300 ei
267 3245 448 3316 predicarent
461 3259 548 3313 neque
561 3245 685 3306 minima,
704 3258 789 3312 neque
806 3242 920 3296 obscuro
974 3243 1162 3313 consignante
1173 3242 1245 3299 leria
1259 3256 1286 3312 v,
1300 3243 1349 3298 die
1360 3241 1396 3298 ti>
1410 3242 1638 3315 blartiitnlianl,
1651 3256 1800 3301 aunoaerae

95 3340 248 3391 munerant.
273 3348 321 3391 sol
336 3346 421 3390 sorus
442 3345 605 3389 bursonam.
629 3331 693 3387 ”Ore
715 3329 763 3402 γὰρ
784 3332 853 3398 ἥλιος
872 3331 920 3390 πᾶς
975 3329 1245 3403 vulgarisnaeoque
1256 3331 1536 3401 bissextili,duobus
1546 3331 1677 3388 Geminis
1688 3346 1801 3390 cousu-

96 3423 199 3496 ἐξέλιπε,
211 3430 265 3480 ιιι.
280 3424 405 3494 Torquet
424 3422 540 3495 ingenia
554 3420 794 3493 chronologorum
811 3419 920 3490 pariter
975 3420 1170 3478 libuscoenam
1179 3422 1358 3478 Dominicam
1368 3426 1396 3477 et
1407 3422 1551 3492 passionis
1561 3423 1801 3494 exordiumdic-

94 3518 123 3571 et
136 3519 368 3571 astronomorum
383 3511 524 3581 eclipseos
537 3511 626 3566 istius
638 3509 786 3582 indagatio
800 3522 849 3579 per
863 3521 920 3564 an·
974 3525 1031 3582 que
1051 3512 1181 3582 proximo
1198 3508 1233 3567 ib
1252 3511 1361 3582 llartii,
1381 3509 1453 3567 teria
1468 3525 1507 3581 ιι,
1533 3511 1750 3570 crucifixionem
1765 3526 1799 3570 ac

55 3628 58 3633 ¹
94 3616 164 3660 uum
186 3607 316 3672 quartum
337 3603 471 3655 decimum
490 3614 554 3654 nrm
573 3598 747 3655 abristinae:
764 3612 821 3669 quo
843 3599 919 3653 nerle
976 3601 1800 3672 mortembomini,quatuorillicharacteresamicecom-

95 3692 177 3748 nulla
195 3691 338 3760 ejusmodi
360 3687 479 3759 eclipsis
496 3689 579 3756 juxta
599 3702 786 3759 quascunque
804 3688 918 3745 tabulas
974 3691 1060 3762 positi
1073 3710 1079 3746 z
1091 3707 1164 3762 quos
1176 3691 1307 3748 indilato
1315 3693 1501 3748 Geminorum
1512 3692 1676 3765 collegioad
1687 3706 1796 3749 anuum

93 3779 253 3836 caelestium
277 3782 406 3834 motuum
421 3776 545 3844 spectari
567 3776 671 3845 potuit.
688 3777 724 3831 At
737 3778 763 3831 si
781 3777 854 3832 banc
877 3779 918 3832 ln·
972 3779 1009 3838 29
1023 3780 1131 3837 trustra
1147 3781 1333 3853 requirebant
1353 3780 1532 3852 chronologi,
1548 3782 1622 3837 duos
1636 3782 1753 3839 scilicet
1766 3783 1796 3839 in

94 3869 213 3940 quiraut
231 3867 315 3937 iuxta
336 3864 448 3920 easdem
471 3863 585 3918 tabulas
607 3877 681 3919 anno
703 3863 833 3935 vulgaris
855 3879 918 3920 arae
972 3871 1081 3926 sanctis
1096 3869 1259 3941 Evangeliis
1273 3870 1373 3926 diviua
1389 3870 1444 3925 lide
1458 3870 1586 3926 llrmatos
1602 3870 1751 3927 Pascbatis
1765 3884 1798 3926 ac

94 3958 172 4012 tertio
187 3956 299 4023 Ammo,
317 3952 448 4008 collectis
468 3951 598 4007 numeris
611 3957 783 4022 cognoscent
798 3952 918 4008 eriden-
972 3959 1129 4030 Passionis,
1143 3972 1229 4014 coerrae
1242 3965 1270 4014 et
1283 3957 1422 4016 feriarum
1438 3975 1454 4014 ι
1466 3964 1494 4014 ιι
1508 3973 1536 4014 ιι
1553 3973 1619 4016 cum
1633 3960 1696 4030 ejus
1710 3959 1799 4016 initio

93 4049 146 4114 ter,
161 4043 209 4099 die
223 4040 530 4112 iilhprilisdelectum
547 4041 619 4096 solis
631 4041 660 4094 in
676 4039 810 4109 pluribus
821 4041 918 4099 Euro-
972 4060 1005 4102 ac
1019 4048 1142 4102 termino
1158 4048 1436 4117 componendarum
1457 4047 1530 4104 duos
1547 4062 1611 4104 vero
1627 4063 1644 4104 a
1664 4048 1798 4104 Patribus

95 4147 136 4204 pae
152 4131 310 4204 provinciis
324 4130 507 4201 spectabilem
523 4129 689 4201 contigisse,
704 4129 772 4185 dum
789 4136 956 4228 vergeretD
971 4135 1048 4192 atati
1063 4136 1228 4206 spostolicae
1240 4135 1388 4206 proximis,
1403 4142 1431 4191 ct
1445 4150 1462 4192 a
1474 4136 1659 4208 chronologis
1673 4137 1798 4207 peritio-

94 4223 129 4281 ad
145 4236 287 4279 occasum.
303 4220 428 4277 Totalem
443 4219 519 4275 disci
535 4218 766 4277 obscurationem
788 4220 848 4277 sole
864 4235 916 4276 oc·
971 4224 1053 4281 ribus
1064 4238 1127 4281 cum
1142 4224 1270 4281 victorio
1281 4231 1460 4294 memoratos,
1473 4225 1532 4281 diei
1547 4223 1706 4282 scilicetili
1717 4228 1798 4283 Mar-

93 4311 307 4368 cidenterisam
323 4309 417 4379 parvis
429 4308 536 4364 insulis
551 4308 587 4364 ab
599 4322 703 4364 occasu
715 4307 915 4379 adjacentibus
970 4313 1005 4368 tii
1019 4327 1084 4368 cum
1095 4312 1346 4383 coenallominica,
1361 4317 1389 4368 ct
1399 4313 1518 4369 exordio
1530 4313 1686 4384 passionis,
1696 4318 1725 4369 et
1736 4313 1796 4370 diei

93 4400 250 4457 Britanniae
271 4399 348 4456 circa
363 4398 504 4455 borealem
526 4399 676 4456 Scotorum
700 4403 832 4469 tractum,
849 4400 915 4455 dis-
968 4398 1142 4470 aoejnsnem
1155 4402 1263 4457 mensis
1273 4416 1338 4458 cum
1351 4401 1485 4456 allisione
1495 4401 1693 4470 Redemptoris
1703 4401 1796 4459 nostri

92 4495 158 4546 cent
171 4502 206 4546 ex
227 4487 433 4559 supputatione
447 4502 480 4542 ac
498 4487 703 4558 diagrammate
719 4486 748 4541 in
771 4487 912 4543 disserta·
970 4492 1000 4546 in
1010 4505 1104 4560 cruce,
1118 4495 1147 4546 et
1156 4496 1352 4548 consummata
1363 4491 1497 4561 passione
1509 4491 1721 4561 componenda.

91 4579 171 4635 tione
181 4584 277 4634 nostra
287 4578 376 4634 relato
389 4595 395 4630 :
409 4575 628 4632 similcrualteri
638 4575 741 4645 eclipsi
752 4577 913 4645 spectandas
1005 4579 1053 4634 llis
1068 4593 1133 4635 vero
1147 4577 1448 4636 animadversionibus
1459 4579 1586 4650 catalogi
1604 4579 1697 4636 nostri
1713 4581 1797 4636 chro-

91 4669 140 4726 (ιιι
152 4666 189 4727 22
200 4669 279 4740 blaii,
293 4681 369 4723 anno
385 4664 464 4737 lint,
480 4668 539 4723 solc
554 4666 662 4737 pariter
673 4666 828 4736 occidente,
846 4681 914 4737 spc-
969 4669 1112 4740 nologiarn
1127 4668 1163 4724 ab
1183 4669 1289 4739 epocha
1307 4667 1451 4736 passionis·
1471 4668 1609 4724 similiter·
1624 4668 1794 4742 consignata

91 4759 251 4815 ctatoribus
260 4757 365 4828 positis
380 4757 408 4812 in
421 4756 518 4814 littore
547 4755 669 4812 occiduo
687 4756 821 4826 Etruria,
836 4756 913 4812 eirca
970 4758 1113 4815 illustrari
1126 4763 1153 4813 et
1168 4757 1347 4828 comprobari
1360 4758 1546 4813 confidimus.

91 4848 261 4905 liburnum.
273 4849 313 4904 En
327 4847 428 4903 iisdem
439 4844 558 4901 Tabulis
568 4845 757 4917 cassinianis,
772 4844 913 4915 ilirianis,
1004 4846 1106 4902 Essent
1119 4859 1233 4917 quoque
1245 4849 1318 4900 uotae
1329 4844 1500 4902 adhibendae
1515 4846 1550 4901 ad
1565 4847 1679 4917 aliquot
1693 4847 1793 4917 ponti-

91 4937 322 4994 Bononiensibus
330 4942 358 4992 ιι
366 4935 542 4992 Britannicis
553 4940 675 5007 utraque
685 4936 804 5005 eclipsis
814 4935 913 4991 totalis
968 4936 1053 4991 licum
1070 4935 1111 4991 ibi
1128 4934 1344 5004 recensitorum,
1355 4940 1383 4990 et
1396 4935 1429 4990 ad
1445 4935 1619 4991 omissorum
1630 4948 1716 4991 reram
1729 4942 1793 4994 sta·-

93 5025 369 5095 perindeeolligitur
381 5046 387 5083 :
400 5041 463 5097 quae
475 5026 617 5096 partialis,
628 5032 913 5081 utnecesseestere-
967 5023 1136 5080 blliendam.
1160 5026 1263 5079 l’erum
1284 5025 1347 5080 suis
1363 5024 1435 5080 locis
1452 5025 1549 5095 aptius
1571 5024 1794 5081 collocabuntur

92 5114 165 5182 nire,
177 5112 911 5183 tueritterrarunrtractibusinrieiniaposltisBri-
967 5113 1009 5168 rel
1024 5114 1215 5185 disponentur
1236 5114 1265 5169 in
1281 5114 1484 5171 dissertatione
1504 5115 1537 5169 rte
1554 5114 1692 5183 Getuloqis
1713 5117 1793 5169 ‹enti-

90 5204 207 5273 tanniae,
224 5201 373 5258 interioris
388 5206 557 5273 Germania,
572 5201 675 5257 Galliae
689 5215 722 5257 aa
734 5202 907 5273 Lusitaniae3
965 5205 1026 5272 quis
1036 5206 1196 5273 pontificum
1211 5205 1401 5266 Rornanorum,
1419 5218 1504 5274 quam
1520 5204 1607 5274 paulo
1622 5202 1699 5260 inira
1714 5208 1792 5260 atte-

90 5293 138 5347 sed
155 5293 256 5362 pheses
271 5289 404 5363 partialis
417 5291 571 5348 obseruata
587 5291 634 5346 his
657 5291 686 5344 in
707 5291 843 5362 regionis,
860 5296 908 5347 to-
962 5307 1037 5361 xam,
1055 5292 1211 5362 postillam
1227 5307 1317 5363 quana
1330 5293 1452 5363 praesule
1466 5292 1671 5350 schelestratio
1687 5299 1790 5363 peten-

89 5379 173 5435 talem
188 5382 386 5437 demonstrant
399 5378 429 5433 in
442 5380 572 5448 proximo
590 5378 706 5433 climate
723 5391 755 5432 ac
768 5378 906 5435 merliuno
961 5383 998 5438 da
1011 5389 1064 5437 est.

733 5589 1134 5636 ἥκῃ»...-
