3892 6136
120 232 164 299 445
605 251 775 312 CHRONOL'.
804 255 945 348 consui.
975 260 1018 318 ET
1037 263 1117 325 CAES.
1143 266 1227 325 bon.
1255 271 1329 329 bie.
1762 296 1821 361 m

141 380 221 438 Antei
252 384 433 456 Imperatores
481 391 620 462 Consules,
664 396 800 451 44444444·
832 397 911 454 Anni
952 380 981 441 Α
1018 384 1098 442 ‘vim'
1129 389 1357 463 06443640044440
1385 402 1543 463 ledaco-am
1562 414 1588 464 44
1605 416 1675 481 4444-
1707 377 1788 478 Anni
1825 396 1828 401 ’

146 454 209 510 Per.
290 473 363 529 rum,
378 475 421 514 444
438 467 531 529 oenc,
546 468 573 520 et
592 464 761 522 documento.
826 469 857 524 U.
874 469 904 524 6.
1013 455 1119 530 04444044·
1175 466 1303 523 limium
1327 475 1498 541 populorum,
1527 479 1678 552 Pontifices,
1714 492 1786 549 AErae

148 526 206 581 M
812 546 877 597 ame
890 546 917 597 ey
1170 551 1255 605 repes,
1271 555 1314 596 res
1327 550 1409 611 peste
1422 551 1448 602 et
1462 547 1630 610 documenta.
1704 560 1814 623 Christi

120 596 238 666 tlllyeli.
782 613 937 683 postPolil.

110 661 187 743 m
289 759 404 820 Gruter.
425 761 488 836 349,
504 763 523 822 9
537 784 545 837 ;
559 767 677 828 liciand.
692 784 728 828 ex
743 771 762 828 i.
779 769 797 829 3

256 852 286 909 6.
304 852 407 911 arbitr.
425 855 519 927 44444,
535 861 590 914 etc.

284 942 452 1001 Antoninus
475 946 630 1005 Antiochia
649 949 795 1020 proiectus

247 1030 452 1090 Alexandriam
465 1037 543 1092 venit
555 1055 562 1092 ·.
574 1037 624 1093 ubi
639 1037 795 1097 bonorihce

248 1127 412 1194 susceptos,
440 1123 581 1181 immissis
610 1127 704 1197 copiis
730 1129 793 1186 4444

248 1210 443 1280 promiscuam
471 1213 688 1273 multitudinem
710 1218 792 1274 occl-

246 1298 302 1370 dit,
320 1302 396 1371 quod
414 1302 443 1357 iu
460 1301 555 1373 ipsum
569 1304 726 1376 aliquando
740 1305 792 1362 di-

246 1392 293 1443 cta
308 1387 457 1458 iecissent.

280 1476 348 1533 Post
359 1478 541 1537 Antiochiam
558 1481 643 1539 redit.
656 1482 789 1541 Petavius

245 1575 280 1620 ex
293 1564 387 1635 Spart.
403 1574 431 1625 44
445 1569 616 1627 Herodiano.

146 1663 208 1727 4999
280 1674 351 1744 lmp.
365 1674 541 1747 Antoninus,
563 1683 617 1735 etc.
638 1684 675 1735 tr.
691 1694 718 1751 p.
741 1677 786 1751 48,
831 1678 885 1737 966

143 1751 213 1823 4449
246 1759 290 1832 49,
306 1776 366 1820 444.
379 1762 406 1832 4,
421 1766 490 1836 inp.
505 1765 533 1824 3.
830 1767 884 1826 969

144 1847 207 1907 BA.
353 1855 419 1911 'C.
443 1860 453 1881 ·
476 1858 561 1914 Atius
591 1859 718 1918 84444444
740 1860 784 1918 444

242 1923 321 1982 Coss.
385 1927 485 1985 644444
498 1930 633 1988 Sabinus.

347 1998 410 2056 Sex.
427 2003 438 2022 '
453 2000 605 2059 Cornelius
625 2001 782 2060 Anulinus.

275 2104 363 2162 Neris
384 2107 469 2178 epist.
491 2109 574 2166 cons.
593 2113 621 2165 et
643 2108 782 2166 Frubrett.

169 2221 184 2237 ·-
239 2194 329 2250 lusor.
350 2209 378 2266 p.
399 2195 449 2253 68l
471 2200 650 2271 corrigentes
666 2199 781 2256 Gruter.

242 2279 304 2350 483,
331 2280 400 2341 444
421 2287 539 2344 Panrin.
566 2287 691 2361 legentes
715 2285 783 2345 449

239 2372 357 2430 consule
366 2374 438 2431 Aer.
450 2390 502 2447 pro
515 2379 594 2434 cern.
605 2383 633 2434 et
645 2378 674 2433 in
688 2377 782 2448 primo

238 2459 268 2516 6.
283 2462 393 2519 Atium.
406 2465 459 2521 Sed
477 2464 630 2537 inscriptio
644 2480 660 2523 a
673 2466 780 2537 Sponlo

240 2549 330 2608 relata
352 2549 402 2610 bit
435 2555 519 2611 babet
544 2558 621 2613 Catio
638 2555 740 2613 Sabino
759 2568 781 2612 ιι

237 2641 412 2699 etAnrelino.

277 2730 395 2788 liciand.
419 2747 455 2790 ex
474 2733 495 2790 i.
520 2732 532 2790 4
563 2735 593 2791 6.
617 2735 653 2792 64
673 2736 781 2793 Postu-

237 2817 403 2891 lando‚etc.

273 2908 382 2967 Bellum
401 2911 566 2970 Parthicum
588 2912 708 2971 insidiis
726 2928 778 2971 ac·

237 2998 299 3053 tum
320 3004 421 3056 contra
448 3000 637 3058 Artabanum.
658 3003 775 3060 Barbari

237 3084 336 3155 plures
354 3087 432 3143 caesi.
447 3087 614 3146 Antoninus
637 3090 667 3146 in
682 3092 778 3148 bleso-

237 3174 391 3245 potamiam
407 3177 571 3234 revertitur.

98 3268 198 3337 4930
268 3282 329 3352 lmp
344 3282 511 3340 Antoninus
528 3290 572 3341 etc
586 3292 623 3341 tr.
641 3300 669 3357 p.
686 3300 713 3356 p.
730 3283 775 3358 49,

106 3360 194 3440 2,9
232 3366 277 3440 90,
300 3385 350 3428 eos
371 3368 398 3444 4,
421 3373 482 3443 inp
502 3372 529 3437 3,
554 3374 589 3430 ad
613 3374 643 3430 d.
669 3388 709 3440 vr,
730 3375 772 3432 id.

147 3459 174 3512 Ε
233 3460 345 3531 Aprilis
369 3461 515 3519 occiditur
538 3464 613 3534 apud
639 3464 774 3521 Edessam

235 3547 774 3626 insidiissuorum.Successoroilgitur

234 3649 266 3692 ιι.
280 3637 400 3696 0444444
411 3640 538 3698 selenus
549 3641 703 3712 4444444444,
722 3643 772 3715 qui

234 3724 328 3783 lilium
345 3741 428 3786 suum
449 3729 606 3788 Antonium
623 3731 774 3789 Diadume

234 3827 314 3885 44444,
340 3818 400 3879 slve
426 3820 683 3878 Diadumeniarum
709 3820 773 3877 644-

233 3917 326 3963 sarem
341 3912 420 3966 creat
432 3913 461 3967 et
473 3909 537 3982 Aug
550 3923 584 3966 ex
599 3909 726 3967 uummls
744 3917 773 3967 et

237 3993 306 4053 bist.

319 4103 352 4231 i:
366 4105 676 4239 nisibenae...

267 4281 384 4340 Gruter.
397 4281 459 4358 300,
472 4283 498 4350 4,
513 4287 561 4343 ubi
579 4287 609 4343 bi
622 4300 686 4344 coss
698 4289 772 4358 jun-

233 4377 342 4442 guntur
350 4385 426 4431 anno
436 4388 521 4432 444.
536 4388 649 4447 444444,
662 4376 769 4433 4444446

232 4471 267 4514 ex
280 4459 300 4516 l.
319 4459 347 4530 9,
364 4461 395 4518 6.
411 4464 447 4520 64
461 4478 515 4537 neg
529 4469 590 4538 gest
604 4471 658 4521 etc.
678 4466 773 4521 Num-

233 4548 272 4604 mi
282 4548 429 4621 AEgiorum
441 4551 470 4609 in
480 4552 583 4609 6444444
593 4551 773 4624 signatiliia·

820 3282 874 3342 969

819 3371 873 3431 940

231 4635 406 4697 dumeniano
433 4642 508 4712 apud
538 4641 675 4698 Vaiilaut.
705 4640 772 4697 AEra

230 4721 295 4796 964,
311 4741 375 4797 qua
388 4729 477 4800 coeplt
490 4731 523 4785 V.
535 4730 565 4787 6.
582 4727 647 4797 406,
659 4728 696 4786 ab
709 4727 773 4787 Au·-

232 4819 332 4874 tumuo
348 4818 480 4875 iudicant
495 4819 572 4878 bunc
586 4834 705 4879 anuum.

127 4912 191 4977 4934
268 4923 328 4994 inp
341 4923 401 4983 6444
415 4929 451 4982 bi.
474 4924 543 4998 Opel
558 4929 610 4986 Sey
626 4928 771 4986 Macrinus
816 4922 869 4984 940

126 5002 188 5078 3,40
228 5010 292 5087 Aug
312 5020 347 5071 tr.
365 5030 394 5087 p.
411 5013 437 5088 4,
455 5022 484 5074 44
497 5014 525 5074 9.
541 5019 593 5090 qui
611 5019 772 5076 Diadume-
816 5013 865 5076 944

146 5100 171 5154 ll
232 5101 353 5161 uiauum
368 5104 461 5163 hlium
474 5105 612 5164 6444444444
623 5108 698 5165 64444
709 5106 773 5165 Au-

133 5193 137 5199 '
231 5197 358 5263 gustum.

339 5303 400 5375 Imp
412 5305 472 5362 Cas
492 5308 528 5362 ii.
548 5303 618 5378 0pel
640 5306 693 5363 Sey
708 5307 773 5363 444-

230 5369 299 5429 6644
371 5377 433 5432 4444
452 5377 525 5450 Aug.

338 5447 376 5503 bi.
390 5448 557 5507 Conlatinus
570 5447 726 5506 Adventus.

266 5549 774 5627 Prioremeiiastiserasitiliagaba-

943 1720 970 1782 Β
1037 1695 1068 1738 ιιι
1089 1711 1091 1715 ν
1159 1687 1311 1759 zephyrini
1328 1689 1361 1748 49
1375 1697 1403 1749 44
1416 1692 1461 1751 90.

934 3044 959 3108 G

927 4309 956 4371 D

1036 1783 1064 1827 44
1158 1774 1303 1835 Caracalla
1323 1779 1468 1852 Abgarum
1496 1783 1662 1846 Osrhoeno-
1697 1702 1769 1851 92442

1123 1876 1187 1918 4444
1208 1864 1310 1937 Regem
1335 1874 1434 1926 contra
1455 1872 1551 1930 datam
1578 1876 1662 1934 iidem

1121 1951 1155 2007 ad
1174 1965 1206 2008 44
1220 1960 1349 2013 vocaturn
1374 1957 1459 2016 babet
1474 1961 1504 2017 lu
1521 1963 1660 2023 vinculis.

1122 2039 1264 2099 Adversus
1286 2044 1405 2104 Parthos
1425 2054 1527 2123 movet,
1551 2052 1662 2111 4444444

1120 2128 1155 2184 ad
1169 2144 1199 2187 se
1209 2133 1348 2192 accersito
1360 2135 1562 2196 Armeniorum
1576 2142 1661 2215 liege.

1120 2218 1290 2278 Parthorum
1326 2238 1414 2297 regno
1446 2226 1551 2299 inhiat,
1579 2234 1661 2286 etin

1118 2306 1232 2366 Arbelis
1264 2314 1374 2384 campis
1406 2318 1571 2375 eorumdem
1604 2319 1663 2375 lie-

1119 2412 1184 2468 gnm
1216 2401 1348 2470 sepulcra
1375 2405 1487 2462 4444444.
1516 2407 1556 2463 lix
1586 2409 1661 2465 lilo-

1120 2498 1155 2542 nc
1168 2487 1282 2559 lebil.

989 3284 1084 3357 olymp
1142 3284 1293 3356 zephyrini
1317 3284 1351 3343 49
1371 3292 1400 3343 44
1419 3286 1465 3345 90.
1486 3290 1611 3347 64444444
1632 3307 1652 3349 4.
1697 3291 1752 3350 944

1013 3369 1068 3430 948
1144 3371 1324 3443 zephyrinus
1360 3375 1491 3446 martyrii
1530 3376 1653 3446 palmam

1007 3474 1034 3517 n
1048 3468 1076 3518 et
1109 3463 1299 3533 consequitur
1309 3462 1357 3519 die
1369 3460 1406 3520 96
1416 3463 1498 3533 44444,
1512 3471 1593 3520 vacat
1605 3479 1655 3522 44-

988 3548 1095 3621 olymp.
1115 3550 1236 3607 desdies
1248 3563 1288 3620 44,
1299 3550 1577 3624 64444444444444444
1587 3551 1654 3609 Sub

1012 3634 1067 3694 949
1111 3637 1178 3694 bato
1198 3635 1279 3694 6449
1296 3638 1369 3711 Aug.
1385 3644 1413 3695 et
1428 3638 1476 3695 die
1491 3640 1622 3711 proxima
1635 3639 1654 3699 3

1110 3727 1183 3800 bug.
1200 3742 1264 3799 quas
1278 3733 1306 3784 et
1320 3729 1480 3800 Dominica,
1500 3728 1654 3787 ordinatus

1110 3817 1189 3874 sedet
1197 3818 1309 3874 annisv
1324 3830 1412 3873 mens.
1425 3831 1446 3874 ιι
1455 3817 1588 3875 diebusx
1600 3833 1654 3875 us-

1113 3921 1169 3979 que
1182 3907 1217 3964 ad
1235 3906 1268 3964 43
1285 3905 1400 3964 Octobr.
1422 3919 1479 3978 qua
1494 3914 1601 3979 martyr
1614 3908 1653 3965 el·

1110 3990 1650 4068 iectusdeponiturdieliquacoiitur‚

1111 4087 1141 4141 in
1160 4085 1322 4142 coemetcrio
1337 4082 1493 4154 calepodii.
1512 4083 1583 4140 Vide
1595 4097 1651 4140 uo-

1110 4179 1155 4232 tas
1173 4187 1237 4247 pag.
1259 4169 1321 4230 445.
1340 4171 1495 4244 zephyrini
1515 4171 1597 4228 sedes
1617 4185 1653 4229 ex

1108 4264 1157 4320 dic
1187 4260 1382 4321 ordinationis
1406 4263 1488 4319 bom.
1512 4257 1550 4318 95
1573 4261 1650 4332 Sept.

1111 4349 1162 4408 494
1176 4352 1211 4408 46
1231 4352 1308 4408 diem
1328 4350 1460 4421 martyrii
1474 4348 1510 4408 96
1522 4349 1593 4407 lulli
1610 4354 1654 4408 est

1109 4454 1249 4499 annorum
1273 4454 1323 4497 4444
1349 4447 1378 4496 44
1409 4452 1498 4497 meus.
1528 4454 1557 4496 x.
1581 4438 1653 4496 Vide

1108 4530 1266 4602 Proiegom.
1291 4536 1321 4585 et
1343 4533 1426 4587 uotas
1448 4528 1482 4585 ad
1511 4528 1651 4600 zephyri-

1110 4632 1188 4676 num.

1032 4917 1041 4958 4
1113 4859 1372 4959 6444444444.

1025 5004 1047 5048 ιι
1139 4989 1274 5046 Nummis
1286 4993 1315 5044 44
1328 4986 1443 5045 artibus
1460 4985 1545 5042 iulia
1558 4986 1649 5042 biaesae

1110 5078 1212 5136 matris
1229 5075 1388 5150 Elagabaii,
1409 5089 1473 5148 qua
1491 5087 1575 5133 soror
1588 5081 1651 5132 crat

1108 5169 1192 5227 luliae
1207 5167 1264 5225 Pia
1282 5167 1385 5226 uxoris
1399 5165 1534 5239 Septimii
1553 5164 1649 5224 seren

1108 5259 1232 5334 Augusti
1254 5258 1400 5317 exercitus
1417 5257 1562 5331 Syriacus,
1584 5268 1650 5313 mox

1108 5351 1194 5408 etiam
1207 5350 1345 5424 Legiones
1355 5349 1486 5422 reliquiae
1495 5361 1512 5405 a
1521 5344 1649 5405 ilacrlno

1108 5438 1248 5498 deliciunt
1261 5439 1296 5497 ad
1311 5438 1506 5514 Elagabalum.

1633 5676 1778 5728 Α
1838 5664 1842 5671 .
