3892 6136
626 320 807 383 ιιιιιοιιιιιι
826 325 872 383 ιι
890 327 927 382 ιιι
945 325 1061 384 orusc.
1081 328 1154 398 seo.
1175 330 1316 387 oussnv.

1767 336 1822 396 322

118 458 217 530 priora
245 456 388 528 opuscula
403 457 606 531 chronologica
622 472 684 529 qua
698 457 789 513 eidem
805 454 942 510 chronico
954 451 985 511 Α
1001 454 1160 514 obsedisset
1173 465 1201 513 et
1215 459 1378 530 recepisset,
1392 460 1420 516 in
1432 461 1553 518 hasiiica
1566 462 1703 518 Vaticana
1717 478 1821 522 conse-

118 548 321 620 praiiguntur,
334 547 406 602 milri
416 560 473 602 non
483 546 584 618 liquet,
594 545 717 617 nequeid
729 545 835 601 rescire
846 550 942 600 nostra

120 636 244 693 muitum
262 636 402 692 interesse
414 641 495 704 prato.

150 724 268 798 Regesti
279 729 444 794 auctorem,
459 730 487 779 et
497 723 615 779 secundi
626 722 762 779 chronici
776 723 850 793 quod
861 723 945 793 liege-

119 819 160 870 ιιι
173 812 367 882 praemittitur
380 812 409 867 in
424 810 560 880 ampliori
571 810 678 871 codice,
694 823 757 865 esse
770 809 941 882 Gregorium

117 901 299 959 catinensem
308 903 422 957 constat
434 914 469 955 er
484 898 599 968 pranso
610 898 674 968 ejus
689 900 814 966 nomine,
831 903 892 953 tum
909 897 940 952 in

116 989 215 1058 titulo,
233 995 296 1046 tum
320 989 350 1044 in
374 989 501 1044 carmine
523 986 697 1059 acrosticho,
713 1000 746 1043 ac
775 986 942 1043 testimonio

116 1077 236 1135 ioannis
249 1076 448 1133 Grammatici.
458 1074 575 1132 ilnohus
586 1081 682 1131 autem
698 1075 863 1130 memoratis
876 1088 944 1143 opu·

117 1165 209 1224 oculis
221 1165 448 1237 chronologicis,
463 1164 580 1228 minori,
589 1171 618 1220 et
625 1164 788 1229 vetustiori,
800 1162 941 1218 Chronico

118 1254 288 1324 praemissis,
313 1266 413 1322 nempe
433 1253 567 1325 catalogo
592 1253 807 1323 imperatorum,
833 1258 899 1315 etc..
915 1257 944 1307 et

116 1342 253 1415 catalogo
285 1343 479 1399 Romanorum
514 1340 693 1412 pontificum,
723 1354 787 1397 cum
810 1338 942 1409 Gregorii

118 1431 261 1489 indicatio
282 1429 362 1487 nulla
389 1436 559 1500 apponatur,
586 1436 672 1500 prout
687 1428 767 1485 nulia
787 1428 943 1498 apponitur

120 1520 174 1591 ipsi
184 1519 333 1577 chronico
343 1519 450 1575 minori
465 1527 493 1574 et
504 1518 666 1587 vetustiori,
680 1517 729 1573 iila
742 1517 891 1574 iuhentius
901 1530 942 1572 re·

119 1607 223 1665 lerrem
244 1608 280 1665 ad
297 1607 467 1676 scriptorem
481 1607 675 1678 antiquiorem
698 1605 836 1678 Gregorio
859 1606 941 1661 Gati-

119 1696 212 1759 nemi,
224 1696 586 1766 prasertiucumduorum
598 1695 802 1765 opusculorum
815 1695 940 1764 primum

998 545 1073 598 crari
1085 559 1133 613 per
1142 546 1343 604 schismaticos
1351 563 1384 604 ιο
1394 549 1541 619 depositos
1551 550 1701 620 episcopos
1710 552 1821 609 curavit

999 638 1027 687 et
1041 646 1115 689 anno
1130 637 1260 704 proximo
1274 633 1343 692 i08t
1361 640 1515 707 imperator
1538 638 1573 693 ah
1588 652 1622 695 eo
1645 641 1778 696 coronari
1790 641 1820 697 in

999 721 1182 778 lateranensi
1202 725 1305 780 voluit.
1337 727 1362 782 is
1390 741 1456 784 vero
1471 733 1625 785 contumax
1651 735 1680 784 et
1704 729 1821 787 reheliis

1000 811 1118 878 perinde
1132 811 1337 882 inGregorium
1351 815 1396 869 Vll
1407 828 1440 871 ac
1454 815 1483 870 in
1502 817 1642 873 Victorem
1660 820 1695 874 ili
1711 825 1740 874 et
1749 821 1821 874 Pas·

999 898 1108 954 chalem
1125 899 1158 968 ιι,
1172 902 1302 971 Gregorii
1317 916 1507 965 successores,
1519 918 1535 960 a
1548 906 1657 976 quihus
1668 908 1822 963 damnatus

1000 986 1104 1043 iterum
1124 1001 1157 1044 ac
1180 991 1266 1046 tertio
1293 1006 1359 1047 cum
1381 992 1483 1049 haeresi
1515 1007 1566 1049 sua
1589 993 1655 1065 luit,
1677 994 1819 1066 Parlensc,

1000 1074 1162 1133 coenohium
1175 1091 1208 1132 ac
1222 1078 1406 1136 Sahineusem
1420 1087 1542 1138 tractum
1553 1085 1704 1152 tyrannide
1716 1097 1769 1139 sua
1781 1083 1821 1139 lta
1860 1094 1862 1099 ’

1000 1169 1169 1234 occupatum
1182 1165 1319 1236 detinuit,
1334 1174 1365 1224 ut
1378 1167 1573 1240 legitimorum
1591 1171 1758 1240 pontiacum
1772 1184 1821 1227 no·

999 1251 1518 1322 minaineiustabulasrelerrenemo
1531 1260 1689 1330 sitausus3
1709 1259 1757 1316 sed
1777 1260 1820 1316 hae

1000 1339 1064 1397 loco
1079 1340 1205 1399 Victoris
1217 1345 1254 1399 lli
1268 1359 1301 1400 ac
1312 1344 1459 1402 Paschalis
1475 1346 1509 1417 ii,
1523 1348 1573 1418 qui
1585 1350 1818 1422 supprimuntur,

999 1430 1272 1500 pseudopontificem
1286 1433 1469 1501 Clementem,
1490 1436 1568 1492 tertii
1588 1438 1702 1493 nomine
1724 1452 1754 1494 se
1770 1439 1821 1508 ia-

997 1523 1129 1589 ctantem,
1144 1526 1326 1577 exatteutata
1345 1524 1460 1580 hienrici
1484 1527 1670 1581 coronatione
1683 1527 1717 1583 ad
1735 1526 1817 1585 dcem

998 1607 1096 1661 saeculi
1121 1607 1282 1678 praeierant.
1308 1612 1365 1666 Nos
1390 1612 1529 1669 asterisco
1551 1615 1684 1684 apposito
1708 1615 1819 1673 hrevem

1001 1700 1094 1749 uotam
1106 1697 1139 1751 ad
1158 1697 1234 1752 hunc
1249 1711 1355 1754 annum
1370 1699 1527 1768 adjecimus
1548 1701 1576 1756 in
1589 1702 1717 1758 editione
1726 1704 1820 1760 Chro-

116 1784 252 1842 rideatur
266 1783 404 1855 compleri
424 1784 501 1840 circa
515 1797 623 1840 annum
639 1781 708 1840 t056
726 1783 807 1855 (totis
817 1786 942 1854 quatuor
957 1773 982 1834 B
998 1781 1069 1848 nici,
1084 1790 1116 1838 ut
1131 1798 1268 1841 memores
1283 1787 1343 1841 sint
1359 1787 1477 1843 lectores
1488 1789 1620 1858 quisnam
1637 1791 1691 1846 iste
1703 1792 1742 1847 sit
1753 1792 1819 1848 Gle-

117 1878 145 1930 et
162 1872 360 1945 quadraginta
385 1878 536 1942 antequam
557 1872 708 1942 herardus,
728 1871 790 1940 ejus
813 1869 941 1926 nominis

116 1960 206 2019 abbas
220 1961 376 2031 moundus,
401 1961 566 2031 preciperet
580 1960 719 2031 Gregorio
743 1959 938 2016 collectionem

116 2049 244 2122 Itegesti,
259 2055 337 2107 uter
353 2048 470 2121 prologo
481 2048 601 2105 loannis
615 2048 800 2103 Grammatici
814 2060 942 2115 compro-

116 2137 212 2211 batur)
229 2157 237 2202 t
252 2139 364 2209 adlecta
390 2143 501 2194 mutum
517 2139 547 2193 in
572 2141 715 2206 postremo
739 2150 823 2193 versu
839 2143 939 2204 morte,

998 1883 1086 1926 mens.
1104 1873 1154 1927 Est
1167 1888 1232 1929 vero
1247 1875 1406 1932 Guihertus
1422 1876 1472 1931 ille
1484 1876 1655 1948 Parmensis,
1672 1879 1819 1936 cancella-

997 1959 1060 2014 rius
1084 1961 1199 2017 Henrici
1221 1964 1380 2019 Germaniae
1415 1965 1500 2036 regis,
1523 1966 1677 2023 cadaloum
1701 1968 1818 2040 antipa-

997 2061 1060 2116 pam
1087 2053 1307 2119 promovendum
1339 2053 1453 2109 curavit
1473 2067 1549 2110 anno
1575 2052 1653 2124 4064,
1673 2057 1730 2125 iam
1755 2065 1815 2113 tum

998 2137 1159 2206 proludens
1170 2139 1290 2196 nefariis
1302 2141 1503 2198 molitionibus
1513 2156 1583 2212 quas
1595 2144 1700 2213 ipsoex
1714 2145 1816 2200 iiaven·

115 2228 235 2284 hienrici
251 2229 298 2299 iii,
313 2227 480 2299 consignata
490 2239 565 2282 anno
575 2222 654 2296 4084,
667 2238 758 2296 neque
768 2224 828 2281 uilo
838 2224 941 2280 comite

117 2323 278 2372 memorato
290 2322 470 2386 postannum
487 2313 566 2371 iillil.

998 2228 1058 2283 uati
1083 2229 1149 2285 sede
1179 2230 1263 2285 maiis
1289 2231 1402 2286 artihus
1426 2231 1577 2301 impetrata
1603 2232 1637 2287 ad
1662 2233 1818 2290 Romanam

997 2315 1125 2379 inhians.
1150 2316 1316 2373 mahinatus
1332 2327 1375 2374 est
1388 2319 1493 2374 deinde
1507 2324 1607 2375 contra
1621 2320 1792 2393 Gregorium
1808 2340 1817 2393 ς

148 2403 285 2461 Alterum
310 2418 345 2460 ex
368 2403 483 2461 duobus
502 2403 652 2474 opusculis
675 2406 853 2473 compactum
875 2415 940 2458 cum
995 2404 1086 2460 donec
1118 2406 1175 2461 voti
1203 2419 1317 2475 compos
1345 2405 1448 2476 iaetus,
1473 2420 1506 2463 ιο
1531 2407 1607 2464 veris
1632 2409 1818 2478 pontiflcihus
1906 2443 1912 2452 ι

115 2492 262 2550 chronico
272 2491 401 2549 Fariensi
414 2493 518 2548 minori
530 2492 730 2556 etvetustiori,
741 2489 943 2560 complectitur
996 2506 1107 2562 semper
1132 2493 1273 2564 intensus,
1300 2508 1360 2551 suae
1385 2495 1543 2566 impietatis
1571 2511 1668 2566 poenas
1691 2499 1814 2570 dederit,

115 2581 335 2654 chronologiam
364 2580 530 2648 pontificum
558 2581 781 2641 homanoruma
803 2579 831 2635 S.
860 2579 942 2634 Petro
997 2582 1154 2638 tumvivus
1177 2595 1193 2637 a
1220 2582 1355 2640 fidelihus
1376 2584 1505 2656 undique
1524 2586 1672 2657 expulsus,
1696 2592 1756 2644 tum
1781 2587 1816 2644 ad

116 2670 150 2727 ad
176 2670 365 2727 Benedictum
390 2672 446 2741 Vll,
472 2683 571 2740 nempe
595 2669 630 2725 ad
646 2682 753 2725 anuum
769 2665 831 2723 984.
848 2667 942 2736 Quare
996 2684 1102 2727 annum
1124 2669 1193 2727 4099
1213 2673 1255 2728 vel
1277 2669 1424 2729 liddeum
1450 2673 1507 2729 vita
1534 2676 1667 2746 excessit,
1697 2681 1724 2732 et
1754 2683 1817 2746 post

120 2757 276 2830 plusquam
287 2758 393 2815 saccio
405 2758 516 2830 integro
525 2758 822 2828 praeeedithegestum
837 2756 940 2826 Grego
996 2766 1113 2815 mortem
1129 2761 1301 2817 exhumatus
1315 2769 1401 2832 atque
1418 2762 1447 2817 in
1468 2763 1653 2833 profluentem
1668 2765 1817 2836 dispersus

118 2846 155 2902 rii
171 2847 350 2916 catinensis,
374 2861 466 2918 usque
479 2847 641 2904 Chronioon
656 2842 834 2917 (secuudum)
849 2844 941 2915 liege-
994 2860 1069 2903 anno
1083 2845 1161 2904 4405.

117 2940 162 2992 oto
177 2934 370 3006 praedamnet
387 2934 463 2991 inira
478 2933 663 3004 afferendum,
679 2934 753 3005 quod
771 2933 942 3003 perducitur
1030 2937 1136 2992 ilornm
1154 2938 1306 3008 tyrannide
1320 2952 1455 3008 oppressa
1475 2941 1563 2997 homa
1578 2942 1640 3011 ipsa
1654 2957 1719 2998 cum
1733 2943 1818 3015 inge-

117 3023 272 3080 adannum
288 3020 367 3079 4099.
997 3023 1139 3093 misceret,
1151 3032 1179 3080 et
1193 3033 1342 3098 cogeretur
1360 3027 1519 3099 legitimum
1542 3029 1700 3099 principem
1720 3045 1753 3087 ac
1772 3046 1817 3101 pa·

149 3112 272 3168 ditatem
285 3112 427 3169 diversam
438 3114 561 3170 duorum
575 3109 795 3181 precedentium
811 3122 942 3180 opuseu-
956 3091 980 3154 C
996 3116 1100 3168 storem
1123 3127 1208 3170 suum
1226 3115 1255 3170 in
1270 3127 1334 3170 arce
1354 3115 1381 3170 S.
1405 3115 1505 3187 angeli
1522 3116 1665 3173 scelerata
1679 3119 1817 3176 custodiae

119 3200 211 3260 iorum
237 3201 362 3258 minoris
375 3202 486 3258 codicis
500 3215 516 3257 a
531 3201 617 3257 tertio
637 3198 822 3269 opusculo-in
841 3200 941 3255 codice
997 3202 1815 3279 mancipatumasservare,schismatisveroantesignanos,

118 3291 219 3362 maiori
235 3297 360 3362 reperto,
373 3290 579 3349 observandam
594 3303 656 3346 esse
671 3288 753 3358 duxi,
771 3291 803 3344 ut
824 3287 940 3359 indaga·
993 3286 1164 3344 Guihertum
1184 3296 1212 3343 et
1233 3291 1396 3360 henricum,
1413 3297 1564 3347 coronatos
1587 3293 1615 3346 in
1634 3295 1815 3349 lateranensi

119 3392 174 3437 rem
190 3392 245 3437 cur
260 3380 290 3436 in
311 3381 454 3438 Chronico
466 3380 579 3451 Regesti
594 3378 679 3449 (quod
704 3376 862 3434 secundum
880 3377 938 3446 jam
995 3378 1171 3447 patriarchio
1190 3384 1217 3433 et
1242 3378 1272 3433 in
1297 3379 1443 3450 Vaticano,
1460 3393 1540 3434 sacra
1561 3385 1590 3434 et
1614 3381 1731 3449 prolana
1749 3381 1816 3449 iura

119 3469 276 3541 appellabo)
287 3470 383 3541 piures
392 3469 534 3538 antipapa
543 3468 619 3523 circa
630 3466 713 3522 inem
726 3471 936 3530 recenseantur,

118 3565 143 3616 et
158 3559 258 3630 plures
272 3573 307 3615 ex
322 3557 463 3626 legitimis
477 3556 613 3612 itomanis
624 3553 811 3624 pontificibus
821 3567 940 3610 eorum-

118 3647 177 3706 dem
191 3654 353 3718 temporum
369 3647 555 3703 reticeantur.

148 3737 179 3794 ld
190 3751 260 3794 vero
278 3736 426 3794 ohservare
438 3743 465 3793 et
478 3735 684 3792 observandum
705 3732 817 3789 caeteris
832 3745 939 3802 propo·

118 3838 180 3882 uere
207 3825 402 3882 necessarium
430 3825 514 3881 duco.
541 3822 677 3879 Ostendet
700 3821 776 3877 enim
803 3821 937 3875 vitiosam

118 3915 259 3986 originem
273 3917 409 3971 Actorum
422 3912 701 3983 compluriumque
714 3908 828 3966 factiosi
840 3909 937 3966 homi-

119 4015 164 4059 nes
176 4009 280 4060 contra
292 4003 458 4072 apostolica
473 4002 549 4057 sedis
560 4002 627 4070 jura
640 4001 668 4055 in
685 3999 746 4055 loro
761 4012 793 4054 ιο
809 3997 937 4055 tribuna·

116 4089 190 4149 libus
200 4092 290 4148 etiam
303 4092 425 4147 minoris
435 4089 568 4147 suhsellii
582 4087 690 4144 nelarie
700 4101 775 4143 ausu
793 4092 861 4143 tuuc
876 4100 935 4156 per·

117 4179 247 4251 leieuda,
264 4181 421 4250 scriptores
432 4192 499 4234 vero
520 4177 614 4233 atatis
630 4183 734 4233 nostrae
759 4173 943 4245 imprudenti

115 4269 238 4326 consilio
251 4267 394 4341 vulganda
404 4272 544 4324 curarunt
555 4266 650 4322 hocen
660 4266 787 4330 archivo,
799 4269 935 4334 tanquam

116 4357 223 4416 indicia
236 4358 375 4414 suhversa
390 4371 424 4413 er
441 4364 511 4413 tunc
527 4355 677 4426 potestatis
688 4367 829 4424 suprema
853 4367 937 4409 sum-

993 3471 1152 3522 evertentes
1164 3467 1283 3536 intueri,
1299 3467 1389 3522 donee
1405 3467 1604 3522 invenirentur
1623 3468 1745 3535 puhlicae
1761 3481 1819 3524 ma·

991 3553 1106 3622 J'estatis
1131 3555 1259 3610 vindices
1282 3555 1378 3610 ildeies
1405 3554 1434 3609 B.
1449 3554 1531 3610 Petro
1543 3555 1631 3625 cives,
1647 3568 1680 3611 ac
1695 3555 1814 3612 Romani

994 3641 1121 3696 nominis
1140 3648 1168 3696 et
1183 3643 1301 3698 virtutis
1324 3655 1471 3711 memores,
1496 3643 1547 3712 oui
1571 3644 1629 3699 hac
1649 3650 1775 3698 monstra
1798 3656 1815 3698 a

992 3729 1154 3785 cervicibus
1165 3730 1365 3799 propulsarent
1376 3748 1383 3801 3
1394 3730 1460 3801 quis
1471 3731 1571 3786 mirari
1583 3735 1677 3801 potuit
1691 3732 1719 3786 in
1730 3730 1816 3787 Chre·

992 3817 1058 3873 nico
1084 3818 1210 3875 secundo
1245 3820 1358 3891 Regesti
1391 3817 1519 3875 Pariensi
1555 3820 1732 3890 monasterii,
1764 3819 1814 3876 uhi

992 3913 1086 3962 castra
1098 3920 1130 3962 ac
1140 3908 1320 3978 tyrannidem
1329 3908 1430 3963 linerat
1440 3907 1591 3974 ilenricus,
1604 3921 1757 3979 suppressa
1768 3921 1817 3965 no·

991 3996 1069 4051 mina
1085 3996 1252 4067 pontificum
1267 3997 1472 4068 legitimorum,
1485 3996 1637 4070 solumque
1654 3998 1815 4054 invasorem

990 4085 1159 4140 Guihertum
1174 4085 1329 4141 Clementis
1341 4087 1377 4140 iii
1389 4086 1504 4141 nomine
1523 4099 1587 4142 cum
1602 4091 1736 4143 consorte
1748 4099 1814 4142 sce-

991 4172 1082 4229 lerum
1098 4173 1219 4230 ilenrico
1239 4181 1408 4244 postremam
1430 4174 1560 4244 paginam
1583 4174 1721 4244 implerei
1738 4174 1815 4244 Quin

991 4264 1078 4318 etiam
1093 4263 1243 4319 ohservare
1255 4264 1337 4332 juvat
1361 4263 1496 4319 Chronici
1522 4263 1640 4320 secundi
1658 4264 1814 4320 terminum

990 4350 1119 4406 eumdem
1135 4365 1197 4407 esse
1219 4365 1252 4406 ac
1268 4351 1365 4407 saeculi
1386 4351 1542 4420 undecimi,
1570 4352 1637 4408 iicet
1663 4352 1816 4424 Regestum
1866 4350 1869 4355 '

116 4462 223 4506 norum
241 4446 411 4517 pontiilcum
425 4447 455 4500 in
469 4459 550 4502 suam
562 4444 713 4500 ditionem.
731 4444 822 4499 Pende
836 4435 977 4511 impe-D
994 4445 1056 4494 aeta
1072 4441 1230 4508 posteriora
1245 4440 1391 4496 contineat
1402 4453 1551 4509 perannos
1568 4434 1760 4512 quadraginta
1767 4454 1816 4496 sae·

114 4538 169 4594 etio
180 4537 336 4606 erepocha
347 4535 514 4606 consignata
528 4535 557 4588 in
572 4532 713 4589 Chronico
734 4532 869 4599 secundo,
884 4543 935 4586 seu

115 4625 567 4700 Gregoriicatiuensisadannum
577 4619 656 4677 ⁴532.
666 4621 715 4676 uhi
728 4621 847 4692 iegitur:
856 4622 936 4674 lien-

114 4718 183 4770 rr'eus
193 4715 253 4771 lili
270 4713 367 4768 rcccd
377 4714 425 4767 hoc
435 4711 768 4779 monostericmperocnit.
781 4710 846 4764 Post
857 4707 936 4764 bien·

115 4799 698 4872 uiumstatimconsequituraeradeterior
717 4799 757 4853 ita
777 4802 931 4868 concepta:

115 4890 230 4948 cientem
241 4891 293 4962 Pp.
307 4892 357 4946 iil.
369 4891 504 4944 ilenricus
518 4891 677 4958 imperator.
689 4884 826 4953 Quisnam
845 4885 934 4942 tuerit

115 4979 159 5039 iile
170 4981 312 5051 clemens,
325 4979 458 5050 quisnam
469 4977 676 5041 illeilenricus,
686 4973 934 5031 Baroniihnnales

114 5069 221 5127 dorent.
248 5069 401 5138 hienricus,
418 5071 451 5126 ut
472 5066 507 5122 ah
534 5066 587 5122 hoc
604 5065 752 5134 incipiam,
769 5069 797 5118 et
823 5062 936 5118 acerri-

115 5171 173 5219 mus
185 5159 239 5216 ilie
254 5157 347 5215 hostis
363 5156 528 5227 apostolica
544 5155 632 5223 sedis,
650 5153 735 5210 toties
754 5151 935 5209 anathemate

115 5248 270 5316 perculsus,
286 5252 315 5303 et
329 5246 532 5303 communione
547 5258 580 5298 ac
595 5256 683 5313 regno
698 5242 829 5311 privatus
844 5240 934 5294 itera-

115 5336 149 5392 tis
159 5335 500 5394 sententiissummorum
512 5330 678 5402 pontificum
692 5337 720 5387 et
728 5329 931 5398 conciliorum,

116 5427 163 5495 oui
177 5439 269 5483 ausus
283 5426 420 5482 contraS.
429 5421 652 5494 Gregoriumvii
659 5420 768 5488 judicia
779 5419 930 5486 intentare,

117 5527 160 5582 per
172 5528 317 5572 summum
334 5513 438 5570 scelus.
452 5512 624 5569 Guihertum
635 5511 798 5578 antipapam
808 5508 932 5563 Clemen-

116 5602 150 5660 tis
161 5605 198 5662 iii
212 5604 330 5662 nomine
345 5603 473 5674 obtrudi,
498 5607 526 5658 et
538 5614 613 5657 auno
636 5597 714 5667 i083,
730 5613 794 5655 cum
815 5599 932 5653 Romam

993 4527 1052 4582 culi
1068 4527 1281 4598 subsequentis.
1300 4528 1376 4582 llnde
1389 4527 1525 4599 colligere
1541 4529 1814 4598 possumusGrego-

990 4614 1066 4669 rium
1080 4615 1261 4671 catinensem
1275 4621 1416 4685 postrema
1430 4615 1623 4683 haectempora
1639 4628 1694 4670 non
1706 4615 1815 4686 signas-
1888 4610 1894 4627 '

989 4716 1029 4770 se,
1045 4701 1094 4758 sed
1108 4701 1260 4758 laetiosum
1275 4702 1401 4774 aliquem
1417 4715 1619 4758 amanuensem
1631 4703 1706 4758 Petri
1720 4702 1813 4758 ahba-

988 4791 1038 4862 tis,
1056 4790 1200 4848 Foriensis
1217 4792 1275 4847 :de
1299 4804 1356 4861 quo
1370 4789 1472 4846 ahhate
1499 4790 1650 4846 consulere
1675 4790 1748 4844 satis
1770 4796 1814 4845 est

987 4881 1132 4950 Spondani
1151 4881 1300 4947 Epitomen
1323 4879 1511 4935 Baronianam
1529 4892 1563 4933 ex
1588 4864 1812 4933 Bihi'iothreario

989 4970 1044 5025 ista
1059 4966 1239 5037 colligentem
1254 4967 1289 5022 ad
1313 4980 1419 5023 annum
1436 4963 1506 5021 4408
1523 4983 1529 5019 r
1555 4966 1675 5036 chono,
1704 4965 1811 5038 inquit,

987 5055 1096 5114 Christi
1109 5054 1263 5110 millesimo
1272 5053 1699 5110 centesimooctavoindictione
1709 5054 1810 5125 prima,

989 5144 1136 5203 Paschalis
1145 5157 1217 5214 papa
1229 5145 1272 5216 (ut
1284 5148 1385 5199 auctor
1394 5148 1438 5198 est
1451 5142 1702 5217 Bibliothecarius)
1711 5159 1813 5201 rursus

990 5235 1202 5293 tumultuantes
1217 5233 1355 5304 quosdam
1370 5232 1564 5290 Romanorum
1580 5234 1713 5305 (quorum
1726 5233 1813 5303 prin-

988 5327 1068 5395 cipes
1082 5329 1164 5378 erant
1175 5323 1337 5378 Ptolomeus
1352 5335 1447 5377 comes
1461 5321 1653 5388 Tusculanus,
1667 5328 1695 5376 et
1711 5322 1812 5379 Petrus

988 5416 1023 5471 de
1043 5415 1182 5470 Columna
1208 5412 1296 5468 abhas
1321 5410 1476 5483 Pariensis)
1506 5416 1689 5480 usurpatores
1717 5427 1811 5471 rerum

987 5503 1133 5581 Ecclesia,
1149 5501 1280 5573 aliosque
1291 5503 1324 5557 ad
1341 5498 1528 5556 deiectionem
1548 5498 1683 5567 populum
1697 5515 1813 5570 permo-

988 5598 1085 5649 ventes
1093 5591 1279 5661 compescuit,
1291 5602 1376 5660 opera
1389 5589 1512 5644 maxime
1524 5587 1600 5643 Petri
1613 5589 1717 5646 Leonis
1726 5598 1813 5666 atque
