3892 6136
195 270 249 330 ιιι
597 272 1259 336 nnnnnsrnsxunrnotuoohxnnnon.
1281 276 1495 336 nom-vene.
1861 264 1906 324 9⁴8

200 396 244 449 rio
254 394 439 461 Imperatoris
452 394 547 450 Romae
562 401 720 465 paruerunt
733 395 778 520 w
790 396 933 450 Nicaenam
953 400 1025 448 hanc
1040 393 1066 449 A
1080 388 1145 472 fidei
1159 390 1364 461 professionem
1375 392 1691 463 tabulisconsignatam
1702 384 1907 471 luliopraeben‘

201 465 340 534 synodum
355 480 371 521 a
387 468 418 524 h,
433 466 571 522 silvestro
594 481 656 521 esse
672 467 731 521 cele
752 473 854 534 ratam,
871 465 920 536 qui
936 463 1026 520 multa
1083 460 1162 518 ithus
1173 461 1220 532 (n),
1237 470 1265 518 et
1277 464 1419 535 quidquid
1434 465 1464 520 ln
1485 461 1720 519 antispastum
1734 472 1803 516 aust
1824 464 1905 519 eraut,

198 536 285 591 etiam
304 549 354 606 pro
377 537 508 592 interiori
524 544 552 592 et
564 538 700 593 exteriori
716 536 848 594 hrclesiae
871 536 1028 607 disciplina
1083 534 1334 606 revocantibuslo).
1349 539 1572 591 sanctusautem
1583 533 1747 589 hicdoctor
1759 535 1904 599 autequam

199 607 363 671 constituit,
379 610 576 665 vetustissima
592 614 772 664 monumenta
789 607 959 663 confirmant
981 606 1027 678 (l).
1082 618 1163 661 suam
1185 608 1220 661 ad
1248 605 1401 662 Ecclesiam
1422 607 1584 674 revertitur,
1598 618 1656 674 quo
1675 602 1715 657 ah
1744 602 1907 672 imperatore

237 679 366 734 Pontifex
382 680 494 735 hiarcus
509 679 640 735 instituit
662 685 693 735 ut
712 678 855 735 Ostiensis
877 681 1030 749 episcopus
1082 676 1249 732 Constantio
1264 677 1449 744 invitabatur,
1465 677 1573 733 lulium
1596 673 1766 745 pontificem
1786 671 1850 729 adit
1867 670 1905 740 lp),

219 749 290 805 allio
318 756 454 816 uteretur,
480 751 679 806 auctoritatem
695 751 737 805 sic
761 750 843 806 illius
858 749 1030 806 confirmans
1083 748 1206 804 consilia
1229 749 1356 817 ejusdem
1377 749 1532 805 auditurus
1552 760 1585 802 ac
1608 745 1725 801 litteras
1745 749 1907 813 accepturus

201 765 360 877 Romanum
388 822 550 890 pontificem
578 822 765 877 consecrandi
792 820 833 892 (c).
859 821 939 891 Quod
962 833 1032 877 sane
1084 816 1675 888 commendatitiasadclerumetpopulum
1685 814 1879 897 Alexandriae.

201 899 399 948 ornamentum
412 893 660 963 metropolitarum
671 892 1031 964 sediumquesuperiorum
1121 889 1263 961 Liberius,
1275 890 1346 947 iulii
1361 904 1519 958 successor,
1530 889 1628 944 statim
1637 886 1906 958 atqueasceudnad

200 963 356 1034 praesulum
381 966 529 1033 proprium
551 971 604 1020 est.
1086 962 1161 1017 Petri
1178 958 1786 1028 cathedrarn,communiouislitterasdivo
1798 957 1909 1014 htbam·

236 1035 313 1091 lullo
328 1036 340 1089 l
356 1034 490 1102 pomihce
504 1036 633 1092 homines
649 1036 717 1091 dlvo
740 1036 898 1093 Athanasio
912 1033 1030 1104 infensi,
1086 1032 1362 1104 sioperscripsitfq),
1373 1032 1566 1103 nequidquam
1573 1037 1676 1086 contra
1686 1027 1910 1112 sollicitantibus

203 1113 266 1174 post
280 1106 307 1161 S.
324 1107 490 1176 episcopum
506 1107 543 1162 ah
559 1107 627 1162 sele
647 1106 840 1164 Alexandrina
866 1109 986 1178 ejectum
1002 1107 1032 1162 in
1086 1104 1413 1174 Orientalibusejusdem
1425 1100 1658 1160 insectatoribus.
1667 1100 1910 1171 Praevidttquahta

202 1176 397 1233 conciliabulo
418 1179 485 1248 Pyrl
505 1177 604 1233 habito
621 1177 670 1249 (d),
685 1179 720 1234 ad
744 1180 772 1234 8.
798 1180 892 1235 sedem
909 1182 964 1235 iter
983 1179 1033 1233 in-
1086 1175 1221 1232 Ecclesiae
1232 1176 1382 1232 calamitas
1397 1174 1567 1232 futuraerat
1578 1186 1645 1229 cum
1659 1171 1744 1229 solus
1757 1183 1910 1241 rerumpu-

202 1250 341 1312 stituunt,
359 1250 487 1317 ejusdem
501 1250 674 1305 auctoritate
694 1250 901 1306 affirmaretur
923 1249 1034 1306 mmla-
1086 1248 1193 1302 tiretur
1205 1247 1400 1315 Constantius,
1417 1260 1501 1318 quam
1519 1244 1620 1315 preire
1630 1243 1782 1300 meditans
1793 1255 1911 1326 ιεειιιιε-

203 1327 264 1375 tum
277 1333 325 1387 per
339 1333 389 1375 eos
398 1321 544 1389 judicium
555 1334 640 1390 quam
655 1321 762 1377 intrusi
778 1321 890 1390 electio,
903 1335 986 1391 quem
1002 1322 1033 1376 ln
1087 1319 1151 1374 nica
1166 1318 1394 1389 synodus,enixe
1409 1319 1610 1387 imperatorem
1622 1321 1762 1384 precatus
1776 1312 1910 1385 perlibe-

204 1392 295 1446 sancti
313 1393 447 1460 praesulis
471 1394 567 1447 locum
592 1390 773 1447 suffecerant.
802 1392 978 1448 Athanasius
1001 1390 1033 1462 (e)
1087 1403 1143 1457 ras,
1160 1391 1272 1446 mndem
1289 1390 1385 1455 evicit,
1411 1388 1529 1445 multam
1539 1387 1574 1443 ab
1593 1399 1626 1443 eo
1639 1385 1704 1443 fore
1716 1383 1909 1442 difficultatem

204 1462 313 1532 pariter
327 1476 396 1517 suos
410 1463 518 1532 legatos
532 1463 648 1517 Romam
664 1463 762 1530 misit3
779 1464 915 1534 aquibus
927 1466 1033 1520 adver·
1086 1461 1157 1532 quin
1173 1461 1298 1532 synodus
1316 1466 1474 1532 cogeretur.
1489 1461 1520 1514 ln
1541 1458 1666 1525 quadam
1678 1471 1715 1513 ex
1731 1455 1912 1527 hisepistolls

204 1533 405 1589 sariiconvicti
421 1540 451 1591 et
461 1534 593 1602 elingues
604 1532 682 1603 facti,
697 1536 841 1604 petierunt
851 1549 908 1592 rem
924 1533 1030 1601 differi,
1086 1533 1121 1588 ad
1132 1532 1330 1603 imperatorem
1343 1532 1471 1588 ostendit
1486 1530 1556 1657 guid
1570 1528 1673 1585 saeculi
1688 1534 1845 1612 potestates
1855 1541 1912 1610 pra·

205 1611 238 1660 ut
258 1618 327 1661 suas
351 1613 465 1674 possent
492 1605 619 1662 rationes
644 1619 794 1675 exponere,
811 1621 882 1678 quas
907 1606 1031 1663 nondum
1087 1604 1484 1660 staredeheantadconvocan
1506 1600 1664 1684 aconcilia.
1679 1599 1911 1684 Publtcaemnqmt

205 1683 308 1745 praesto
332 1676 590 1733 essedictitahant.
610 1677 740 1735 Pontifex
755 1678 849 1734 Romae
874 1677 1031 1735 concilium
1089 1675 1276 1745 traquillitatl
1301 1675 1451 1730 consulere
1476 1678 1587 1742 oportet
1614 1683 1779 1741 prrtncrpes,
1800 1670 1911 1726 utcele·

204 1748 310 1804 indicit
332 1746 366 1831 (s)
385 1762 442 1818 quo
467 1753 549 1804 vocat
575 1752 670 1818 parles
684 1762 793 1818 omues,
804 1749 830 1806 S.
856 1749 1034 1806 athanasius
1050 1747 1167 1825 Bhrari
1183 1746 1307 1803 concilia
1330 1750 1444 1816 queant.
1463 1749 1552 1814 utque
1566 1741 1709 1814 suffragia
1735 1742 1800 1798 sint
1812 1740 1911 1805 libera3

202 1818 248 1947 (og,
271 1819 381 1889 judicis
401 1822 448 1876 sui
477 1820 618 1875 mandatis
640 1821 838 1888 obtemperans
861 1821 1035 1893 quantocius
1088 1818 1193 1875 deinde
1206 1831 1287 1874 suam
1304 1817 1486 1883 interponere
1499 1814 1717 1883 auctoritatem,
1734 1811 1910 1884 utquaefue·

204 1892 330 1964 evenit,
355 1905 388 1947 ac
422 1892 539 1962 perinde
574 1891 710 1963 praesules
735 1891 1032 1963 constantinopoleos,
1089 1892 1150 1946 rint
1161 1889 1280 1946 delinita
1295 1888 1486 1958 accipiantur,
1497 1894 1525 1942 et
1537 1899 1601 1970 quae
1621 1885 1742 1941 sancita
1765 1890 1908 1968 sericatus

204 1961 440 2033 adrianopoleos,
452 1963 580 2034 Ancyrae,
596 1964 677 2019 Gazae
691 1963 803 2033 aliique
819 1970 950 2031 praterea
966 1963 1035 2031 plu·
1090 1962 1279 2018 caenstautius
1295 1972 1407 2015 omnem
1432 1957 1567 2015 adhibuit
1594 1967 1697 2012 curam
1721 1962 1758 2013 ut
1770 1955 1907 2013 Mediolani

205 2046 250 2089 res
266 2040 323 2089 ιιιιι
345 2033 473 2090 Orientis
493 2048 578 2104 quam
593 2034 716 2117 AEgppti,
737 2047 846 2091 necnon
873 2035 1035 2091 sacerdotes
1089 2035 1187 2090 Patres
1209 2038 1476 2104 congregarentur:
1500 2029 1561 2109 ipse
1576 2032 1676 2085 aulem
1703 2027 1811 2087 adesse
1834 2026 1908 2083 soluit

205 2105 350 2162 innumeri
363 2105 400 2160 ah
416 2106 554 2162 Ecclesiis
577 2106 664 2174 pulex.
686 2106 761 2175 quod
775 2107 882 2161 Ariana
895 2106 957 2162 fahe
968 2118 1034 2161 cre-
1091 2104 1261 2175 prnsidendi
1278 2118 1310 2160 ao
1332 2101 1488 2159 dehniendi
1501 2114 1599 2157 animo
1614 2097 1659 2181 (r).
1675 2097 1787 2182 Omnia
1810 2097 1907 2157 luemn

203 2177 342 2232 derentur
355 2176 465 2247 infecti,
485 2178 602 2234 Romam
617 2177 748 2233 ueniunt.
769 2177 870 2232 hriani
884 2192 960 2243 vero,
975 2191 1034 2234 suae
1088 2176 1206 2232 Arianis
1222 2176 1368 2246 gratiosa3
1393 2173 1477 2246 legati
1510 2170 1668 2242 pontificis,
1685 2184 1802 2243 qunque
1825 2171 1904 2226 homa

205 2248 278 2318 ipsis
290 2249 628 2316 inlustiriaeconscientia
642 2254 721 2317 teste,
737 2248 898 2313 latitarunt,
911 2247 1034 2305 fraudis·
1090 2253 1184 2318 partes
1192 2247 1346 2303 tuebantur
1356 2244 1485 2316 episcopi
1493 2242 1659 2299 exsulatum
1672 2242 1718 2300 ire
1722 2242 1814 2314 jussi.
1823 2241 1905 2298 Eadem

205 2332 261 2388 que
277 2318 364 2388 hujus
392 2318 556 2374 levissimas
576 2334 679 2376 causas
703 2320 867 2388 commenti,
882 2320 1034 2390 epistolam
1089 2317 1382 2388 saneprocellaetiam
1395 2312 1906 2395 liberiosubeundafuitmuiaiups

204 2390 377 2446 temeritatis
391 2389 558 2446 etaudaciae
581 2390 690 2461 plenam
717 2392 752 2446 ad
774 2391 882 2447 lullum
904 2391 1035 2447 tradide-
1090 2391 1179 2446 ratori
1193 2389 1389 2458 obstitit,qui,
1409 2386 1586 2443 utethnicus
1600 2383 1694 2442 tradit
1709 2382 1903 2447 historicush

205 2469 273 2517 runt
286 2459 331 2533 (h).
356 2459 487 2516 Pontifex
509 2468 616 2529 autem,
637 2475 722 2517 causa
736 2468 795 2518 tota
810 2463 1036 2533 diligentissime
1090 2475 1157 2519 suas
1176 2467 1270 2531 partes
1281 2459 1445 2530 pertrahere
1458 2459 1581 2513 maxime
1594 2453 1701 2513 avebat
1714 2451 1904 2528 pontihcemob

204 2533 331 2602 cognita,
349 2532 379 2587 in
396 2532 547 2600 pristinam
563 2533 690 2588 asseruit
709 2532 879 2603 dignitatem
895 2535 927 2588 h.
943 2533 1037 2588 htha-
1091 2545 1320 2602 supremamsuac
1328 2531 1405 2587 sedis
1416 2527 1606 2654 probantibus
1616 2524 1669 2597 (s)3
1680 2525 1904 2611 nrrllusduhium

205 2604 319 2658 nasium
337 2616 370 2658 ac
384 2602 513 2673 reliquos
526 2603 679 2671 episcopus
695 2604 744 2671 qui
761 2602 796 2657 ah
811 2603 1037 2659 insectatoribus
1091 2603 1217 2675 (Arianis
1239 2602 1268 2660 id
1284 2601 1416 2672 probanti
1440 2600 1483 2672 us)
1505 2600 1576 2671 quin
1596 2598 1753 2670 pontificis
1766 2596 1903 2666 exemplum

206 2675 285 2743 pulsi
301 2673 417 2728 fuerant
431 2691 439 2738 3
455 2672 630 2727 aduersariis
644 2672 797 2728 interdixit
811 2673 963 2731 restitutos
979 2674 1038 2731 lm·
1092 2681 1152 2733 tota
1163 2681 1331 2744 sequeretur
1345 2671 1471 2729 Ecclesia
1486 2670 1524 2743 (t).
1537 2672 1638 2741 ltaque
1649 2669 1811 2740 imperatos
1821 2666 1904 2738 largiri

206 2750 350 2814 posterum
369 2742 536 2812 perturbare
551 2749 629 2812 3acta
645 2756 744 2798 eorum
757 2748 785 2798 et
798 2745 1039 2813 scriptadamna-
1096 2748 1222 2817 primum
1237 2751 1279 2801 est
1290 2759 1385 2813 orsus,
1398 2742 1503 2799 deiude
1515 2742 1634 2810 minari,
1644 2749 1805 2814 postremo,
1816 2749 1904 2797 cumea

204 2815 402 2885 vit3denique
414 2813 504 2869 latum
519 2814 554 2870 ad
575 2813 759 2882 scindicium
774 2813 876 2870 iisdem
897 2829 945 2886 per
957 2817 1039 2872 litte-
1095 2819 1240 2874 incassum
1257 2817 1357 2872 cedere
1371 2812 1513 2870 intellexit
1525 2814 1559 2869 ad
1576 2813 1634 2869 vim
1660 2826 1692 2870 se
1708 2811 1854 2878 convenit,
1864 2809 1903 2878 lu-

89 2937 92 2943 .
206 2885 431 2955 rasdeclaravit,
463 2884 587 2954 ineptias
600 2882 733 2940 refellens
758 2886 886 2954 epistolae
909 2887 944 2941 ah
967 2888 1040 2957 ipsis
1094 2889 1198 2958 helque
1223 2893 1255 2944 ut
1282 2885 1410 2957 pontifex
1438 2897 1520 2940 suam
1550 2885 1704 2942 adaulam
1732 2880 1902 2954 pertrahatur.

203 2958 316 3013 traditae
341 2956 378 3028 (l).
1093 2960 1180 3030 Quem
1196 2965 1227 3013 ιιι
1242 2959 1320 3014 videt
1344 2959 1508 3026 imperator,
1527 2958 1687 3028 interrogat
1703 2968 1774 3012 uum
1794 2969 1827 3011 su
1846 2961 1903 3007 rema

243 3028 324 3098 Quod
339 3035 371 3084 ut
387 3026 517 3097 pontifex
539 3033 685 3095 prestaret
698 3033 785 3099 atque
796 3028 925 3086 Orientis
936 3030 1037 3086 Eccle-
1091 3030 1229 3101 dignitas,
1248 3042 1304 3098 qua
1320 3037 1364 3085 est
1379 3025 1639 3098 pannusculos
1653 3027 1682 3083 el
1703 3026 1817 3082 animos
1825 2967 1902 3105 goisl

206 3100 261 3155 siis
269 3098 510 3172 tranquillitatem
522 3100 696 3163 restitueret,
708 3100 922 3168 imperatoriam
933 3100 1017 3170 appel
1030 3132 1033 3136 ⁴
1048 3129 1070 3183 (ι
1092 3111 1124 3157 ιι
1134 3102 1214 3156 solus
1224 3100 1422 3170 praeomnihus
1430 3104 1506 3154 stare
1522 3098 1612 3168 possit
1623 3097 1639 3152 ‘l
1652 3099 1694 3154 nd
1703 3111 1769 3168 quac
1778 3095 1902 3153 hibertus:

208 3170 279 3227 lavit
303 3171 489 3240 majestatem.
522 3172 620 3241 ltaque
646 3170 728 3225 ciuili
756 3184 820 3226 cum
840 3172 1035 3228 ecclesiastica
1064 3166 1071 3184 ¹
1089 3175 1156 3229 Esto
1173 3189 1181 3239 3
1196 3172 1251 3226 sim
1266 3175 1347 3227 solus
1363 3184 1413 3240 pro
1427 3169 1483 3224 ilde
1498 3186 1505 3223 :
1522 3169 1617 3239 ipsius
1640 3181 1733 3225 causa
1748 3180 1803 3225 uon
1815 3163 1904 3246 modico

209 3248 349 3312 potestate
368 3242 531 3310 conjuncta,
554 3248 684 3297 coactum
707 3241 895 3314 hahitumque
911 3250 954 3299 est
966 3244 1036 3298 Sar·
1089 3258 1119 3300 se
1128 3240 1426 3313 tueturpraesidiom).
1435 3239 1624 3311 Quamobrem
1635 3239 1743 3311 pulsus
1755 3236 1903 3295 inexsihuu

208 3314 324 3369 dicense
349 3311 506 3368 concilium
522 3313 649 3369 omnium
666 3313 866 3382 episcoporum
883 3315 1036 3384 utriusque
1090 3323 1133 3372 est
1151 3311 1288 3383 pontifex.
1889 3374 1902 3388 υ

209 3384 325 3454 imperii
337 3384 377 3455 fl).
394 3382 572 3439 lluiclulius
584 3397 633 3453 per
648 3383 754 3453 legatos
768 3384 898 3453 presedit
914 3398 967 3453 3ac
981 3397 1038 3455 prae
1127 3385 1322 3453 delegationis
1334 3383 1514 3440 incommoda
1529 3387 1558 3439 et
1570 3382 1718 3440 intentata
1732 3396 1810 3439 mors
1817 3378 1903 3459 libert!

209 3455 320 3510 caeteris
330 3462 389 3511 tres
402 3455 431 3508 in
446 3467 480 3509 eo
492 3455 675 3523 cunonesjus
685 3455 933 3522 apostolicaesedis
945 3457 1038 3512 decer·
1092 3456 1283 3513 constantiam
1309 3455 1379 3510 adeo
1401 3454 1623 3518 labefactarunt,
1653 3462 1687 3510 ιιι
1724 3454 1753 3512 S.
1775 3452 1903 3510 Athanasii

212 3530 284 3582 nunt
299 3525 343 3597 (ι),
357 3524 594 3594 deappellatione
607 3525 720 3582 scilicet
733 3526 762 3581 in
776 3526 873 3582 causis
885 3528 1038 3596 episcopo-
1092 3527 1273 3584 damnationi
1283 3525 1489 3582 subscriberet.
1503 3525 1596 3581 Unum
1610 3526 1664 3583 hoc
1674 3520 1903 3601 biberiosertflsl

213 3611 277 3653 rum
290 3598 325 3654 ad
341 3597 466 3652 eamdem
483 3597 671 3666 eprovinclis
683 3595 835 3653 deferenda
846 3597 884 3669 (l).
901 3599 1040 3654 Decerni-
1094 3601 1177 3666 vitio,
1194 3612 1245 3654 nec
1260 3598 1318 3654 nisi
1343 3596 1452 3666 iniuria
1467 3596 1621 3663 asseritur,
1646 3596 1782 3653 eumdem
1796 3592 1903 3653 subsell-

211 3674 260 3725 tur
273 3667 437 3739 pontificem
452 3669 612 3724 Romanum
637 3681 719 3737 posse
729 3669 858 3738 accipere
872 3669 1040 3738 hujusmodi
1097 3671 1188 3741 psisse
1208 3668 1302 3726 codici
1328 3665 1517 3725 formularum
1531 3674 1633 3724 contra
1648 3666 1750 3724 iidem.
1764 3666 1903 3723 Enimvero

212 3739 438 3810 appellationum
453 3751 576 3798 causas:
594 3753 657 3808 quae
672 3746 734 3794 acta
746 3745 832 3794 erunt
846 3740 974 3810 probare,
991 3753 1041 3796 seu
1098 3741 1263 3810 hujusmodi
1288 3740 1378 3796 codex
1398 3752 1578 3811 nequaquam
1592 3751 1657 3795 esse
1686 3734 1829 3810 potuisis)
1840 3745 1902 3811 ιιιι,

212 3823 306 3865 causae
321 3815 428 3878 partem
448 3809 575 3879 aliquam
597 3810 679 3864 novis
701 3810 1042 3879 committerejudicihus
1098 3814 1222 3883 primum
1247 3811 1394 3868 berrhoeae
1408 3812 1545 3882 signavit,
1566 3822 1661 3881 neque
1677 3823 1782 3867 eorum
1793 3808 1903 3875 alterqu

212 3879 437 3950 cognoscendam
453 3896 460 3948 3
477 3879 607 3933 eumdem
621 3893 673 3935 sua
687 3893 721 3935 ex
736 3881 802 3936 aula
828 3895 909 3950 posse
928 3883 1043 3951 judices
1095 3885 1233 3940 Sirmium
1249 3881 1367 3938 fuerunt
1393 3883 1487 3945 missi,
1508 3894 1571 3938 cum
1586 3882 1744 3938 sententiae
1762 3880 1904 3938 admissu

213 3951 375 4032 designare,
393 3949 443 4073 qui
461 3961 595 4004 unacum
612 3951 825 4019 provinciarum
843 3952 1043 4020 cognitoribus
1097 3956 1297 4025 episcoporum
1314 3953 1364 4025 qui
1387 3953 1533 4010 Liberium
1554 3953 1590 4008 ad
1613 3951 1854 4009 subscribendum
1869 3947 1904 4001 ll·

214 4026 387 4078 sententiam
412 4025 503 4090 crant,
517 4033 533 4075 a
549 4034 672 4091 quorum
689 4025 830 4078 sententia
845 4037 926 4092 posse
938 4025 1042 4081 iterum
1097 4029 1243 4084 duxerunt
1259 4043 1266 4096 3
1281 4025 1373 4081 multo
1385 4032 1480 4081 autern
1493 4024 1590 4079 minus
1600 4025 1723 4089 tertius,
1739 4020 1903 4095 quinarem

214 4095 331 4148 Romam
354 4091 515 4159 provocari,
531 4090 655 4147 concilii
669 4093 766 4149 Patres
779 4107 831 4149 sua
855 4095 901 4149 ins
922 4097 1043 4166 ynodica
1100 4099 1245 4168 prodierat
1261 4097 1290 4152 in
1307 4097 1409 4163 lucem,
1422 4096 1609 4168 cumllomam
1622 4094 1755 4164 pontifex
1767 4088 1904 4151 estdfmis·

214 4164 247 4218 ad
264 4159 425 4242 pontificem
439 4161 542 4232 legatis
554 4162 637 4217 aiunt
651 4176 680 4242 se
694 4164 880 4221 demandasse
894 4174 924 4222 ut
939 4168 1042 4239 singli·
1099 4185 1159 4226 sus.
1184 4170 1302 4224 Necesse
1323 4173 1367 4223 est
1391 4168 1482 4240 igitur
1495 4175 1528 4223 ut
1555 4168 1579 4222 is
1597 4165 1691 4223 fuerit
1702 4168 1815 4235 primus
1826 4164 1904 4218 coum

216 4235 296 4290 latim
312 4239 438 4287 rationes
452 4231 575 4287 referant
593 4233 628 4288 de
642 4234 680 4288 its
694 4235 828 4290 omnihus
848 4251 911 4307 quat
925 4246 987 4294 acia
1011 4252 1043 4296 ac
1099 4241 1252 4296 Photinnm
1261 4245 1405 4305 exaratus,
1422 4236 1805 4308 maximequeorthodoxus,
1817 4231 1905 4308 llilarft

183 4343 196 4356 .
215 4303 334 4361 delinita
348 4303 378 4356 in
392 4302 517 4357 concilio
531 4301 650 4371 fuerint,
673 4304 729 4373 ipsi
743 4310 877 4375 tanquam
891 4309 952 4365 divi
967 4312 1042 4367 Petri
1098 4310 1228 4381 testeis).
1254 4310 1372 4378 Quodsi
1396 4310 1528 4366 Liberius
1556 4308 1610 4365 alii
1631 4307 1839 4379 subscripserit
1856 4301 1905 4383 fdtl

215 4373 358 4432 sucessori
371 4383 399 4429 ει
425 4373 558 4429 Ecclesia
577 4375 677 4443 capiti,
698 4376 782 4444 cujus
794 4384 837 4433 est
852 4393 936 4437 nosse
952 4383 1041 4453 quid·
1098 4381 1271 4453 professioni
1285 4382 1396 4443 Sirmii,
1414 4380 1462 4438 uhi
1474 4394 1527 4437 uox
1542 4392 1575 4436 ea
1587 4379 1833 4435 consubtantialis
1843 4375 1906 4432 dat-

215 4448 284 4519 quld
299 4447 333 4502 ad
344 4445 470 4500 eamdem
490 4444 644 4500 Ecclesiam
659 4449 792 4516 pertinet.
1096 4456 1255 4523 deraretur,
1267 4467 1323 4509 non
1344 4459 1437 4508 ιιιιειι
1452 4452 1561 4508 idcirco
1575 4464 1637 4506 ειιιι
1648 4464 1747 4508 vocem
1755 4450 1904 4506 arianam!

250 4517 386 4574 Ursacius
405 4522 433 4572 et
442 4515 545 4573 Valens
557 4518 695 4587 episcopi,
721 4517 848 4576 fautores
860 4523 942 4580 amho
954 4524 1042 4581 hria—
1056 4530 1083 4591 D
1098 4527 1190 4580 instar
1202 4525 1349 4580 damnavit
1361 4523 1398 4595 (p)
1411 4542 1418 4592 3
1434 4525 1526 4580 vetuit
1536 4528 1632 4579 autem
1646 4525 1681 4578 ut
1695 4519 1872 4592 quisbusdam
1883 4513 1903 4568 lu

215 4603 315 4648 norum
332 4587 521 4668 celeberrimi,
540 4597 688 4659 postquam
702 4604 825 4647 errorem
841 4608 925 4650 suum
940 4595 969 4650 in
982 4597 1042 4653 lle-
1096 4596 1213 4653 casibus
1240 4595 1435 4658 adhiberetur,
1463 4594 1571 4665 quibus
1598 4592 1709 4650 Paulus
1727 4593 1903 4649 samosateno

214 4658 573 4730 dionalensiconciholm),
585 4659 632 4716 cui
642 4668 781 4729 praeerant
791 4662 874 4735 legati
884 4666 1039 4734 pontificis.
1095 4675 1180 4738 atque
1192 4668 1243 4724 alii
1261 4665 1393 4722 nonnulli
1409 4665 1578 4722 haeretlciad
1592 4676 1663 4721 suos
1683 4662 1834 4721 firmandos
1845 4667 1902 4714 erro

214 4734 396 4803 adJurarunl,
412 4732 528 4786 Romam
543 4745 573 4785 se
591 4730 744 4788 conferunt
766 4732 874 4802 plenam
891 4737 948 4792 ι8.
974 4738 1041 4795 sede
1095 4754 1140 4795 res
1161 4738 1246 4795 abusi
1260 4736 1384 4794 fuerant.
1408 4738 1546 4794 Caeterum
1568 4734 1604 4791 ab
1617 4737 1698 4791 omui
1716 4734 1845 4790 abhorret
1861 4724 1900 4782 ide

215 4803 425 4876 indulgentiam
440 4802 633 4859 consecuturi.
650 4804 680 4859 ld
689 4804 796 4861 accidit
809 4806 912 4862 iisdem
926 4821 961 4864 ει
976 4814 1040 4867 roto
1096 4810 1171 4882 quod
1188 4810 1238 4867 illa
1264 4810 1294 4865 in
1315 4809 1462 4865 Liberium
1485 4806 1671 4864 anathemata
1684 4807 1719 4862 D.
1732 4802 1832 4862 llilarii
1852 4799 1898 4855 ln·

257 4929 275 4965 a
299 4910 504 4990 Pallanteo.
530 4905 557 4963 l.
1137 4916 1172 4989 m)
1185 4918 1276 4988 Epist.
1296 4929 1376 4971 conc.
1403 4915 1528 4971 Arimin.

258 4985 273 5038 h
307 4978 487 5036 hihPoutxf.
1137 5005 1155 5043 n
1185 4988 1322 5045 §.Hilam
1343 4988 1373 5043 iu
1393 4985 1484 5057 fragm

257 5053 378 5120 elidem.
1137 5076 1151 5112 o
1182 5060 1261 5116 Socr.
1276 5058 1294 5114 l.
1316 5073 1348 5128 11,
1364 5073 1390 5113 c.
1415 5056 1457 5113 l8.

257 5125 285 5196 d)
299 5126 362 5179 Sos.
380 5122 451 5179 llist.
466 5121 517 5177 lih.
533 5136 576 5192 ιιι,
592 5137 617 5178 c.
634 5119 662 5178 7.
1136 5147 1164 5200 p,
1179 5132 1239 5187 8οι.
1255 5130 1275 5186 l.
1293 5144 1335 5199 111,
1352 5145 1376 5185 c.
1394 5128 1439 5185 lo.

257 5197 280 5265 e)
293 5195 321 5251 8.
336 5193 470 5250 Athenas.
486 5193 561 5263 apol.
578 5210 609 5247 ιι.
1137 5203 1163 5270 ql
1176 5203 1268 5272 Epist.
1285 5201 1335 5256 llh.
1355 5203 1403 5256 PP.
1427 5201 1461 5257 ad
1487 5200 1584 5258 const.
1601 5198 1675 5272 hug.

287 5265 455 5321 Theodoret.
469 5266 490 5320 l.
503 5279 533 5333 ιι,
547 5278 571 5320 c.
584 5262 611 5320 l.
1137 5291 1152 5327 r
1186 5273 1214 5327 s.
1242 5272 1344 5328 Athan.
1366 5273 1462 5341 ep.ad
1484 5271 1564 5331 solit.

256 5339 284 5407 pl
297 5338 326 5394 8.
342 5335 480 5393 Athenas.
496 5336 570 5406 apol.
588 5350 609 5393 ιι
626 5355 634 5408 3
654 5338 721 5394 ilem
738 5340 772 5395 ad
787 5339 876 5411 solit3
893 5340 961 5398 ilem
975 5342 1036 5400 Soz.
1138 5362 1150 5400 s
1171 5343 1313 5400 Ammian.
1336 5343 1448 5408 blarcel.
1463 5341 1514 5403 llh.
1538 5356 1587 5416 ιι,
1603 5349 1669 5416 post
1685 5341 1760 5403 mad·

1139 5487 1346 5557 ulfheodoret.
1365 5484 1384 5540 l.
1412 5499 1431 5541 n
1447 5486 1519 5543 illst.
1546 5501 1571 5545 c.
1592 5483 1645 5543 lo.

1138 5555 1402 5628 palmaceis,
1425 5555 1648 5634 hist-unstred
1689 5560 1728 5623 ui.

1135 5647 1155 5685 a
1173 5630 1198 5684 S.
1212 5624 1301 5684 llllar.
1319 5628 1347 5681 in
1364 5626 1407 5684 fra
1461 5628 1660 5700 dessmadr.
1712 5627 1775 5695 ιιιι.

1133 5702 1160 5773 p)
1171 5701 1232 5756 8οι.
1245 5698 1296 5754 lih.
1312 5711 1351 5769 ιι,
1364 5713 1389 5754 c.
1404 5641 1455 5754 ff]

246 5482 284 5622 ξι)
295 5480 322 5535 8.
336 5479 439 5533 hthan.
461 5477 537 5547 apol.
553 5482 661 5537 netad
677 5481 787 5540 solitar.

106 5604 116 5612 ,
257 5556 269 5632 ι
300 5549 381 5619 hpud
401 5550 497 5631 eumd.
514 5550 589 5619 apol.
612 5565 642 5605 ιι.

244 5624 282 5836 {hl
297 5619 621 5761 Βεθοιιιιιιιῗιιιῖιιίιῖριιῗα

255 5762 274 5834 ι)
288 5761 355 5817 can.
373 5758 401 5829 3,
420 5758 514 5816 leti.

207 5414 229 5467 1.
244 5424 288 5474 nr,
311 5423 335 5464 c.
353 5403 381 5463 7.
1124 5423 1150 5771 ἔι
1173 5417 1199 5471 8.
1215 5414 1317 5470 Athen.
1333 5427 1377 5486 ep.
1390 5414 1425 5477 ad
1450 5413 1530 5475 solil.
1607 5418 1610 5426 '
