3892 6136
193 271 262 330 i035

804 254 982 311 anastasii
1002 247 1273 307 Bibliorilpchiiri

1834 246 1889 306 itit

194 393 307 450 tutione
319 404 353 447 ae
371 389 528 445 traditione
544 383 701 456 apostolica
717 387 774 436 tres
787 379 887 435 saltem
901 376 1016 448 episco·
1029 376 1058 434 A
1075 385 1149 427 anna
1163 368 1207 426 iit.
1224 373 1288 426 hius
1299 368 1389 439 'Lydae
1411 374 1493 424 sanat
1503 368 1633 435 AEneam,
1654 373 1686 422 et
1702 366 1733 421 in
1747 368 1891 436 lopcha-

193 479 245 536 pos
262 463 398 533 requirit.
413 461 479 516 Sive
503 459 528 513 is
548 470 686 513 numeras
709 467 723 507 a
749 458 828 506 Petro
850 447 1017 517 duplicatus

191 536 296 592 deinde
309 535 359 602 sit,
377 533 437 588 sive
461 525 708 586 asuecessoribus
726 523 787 594 (qui
802 521 1018 586 explicaverunt

194 608 303 677 pariter
315 617 464 661 numerum
481 599 709 671 presbiterorum
722 603 751 650 et
760 595 947 649 diaconorum
958 603 1018 643 ear·

193 677 338 735 diualium
362 676 493 731 Romanae
513 670 655 734 Ecclesiae,
671 664 858 722 extendentes
875 673 1016 717 summam

193 747 230 806 nt
245 748 472 818 presbyterorum
484 743 518 798 ad
537 739 582 807 50,
600 733 811 796 etdiacoaosi
832 735 866 790 ad
884 730 936 800 rip,
956 744 1017 785 ccr-

196 828 256 876 tum
270 827 313 875 est
331 823 412 873 aetate
433 813 552 870 concilii
568 812 675 866 Nieaeni
689 822 738 865 sex
753 809 903 876 episcenos
919 815 1019 858 recen-

197 892 253 947 seri
264 905 297 946 ex
308 891 394 945 veteri
408 884 617 942 consuetudine
633 884 757 937 Romano
768 878 897 947 pontiflci
916 878 1019 944 praesto

197 963 300 1019 luisse.

195 1073 351 1132 Anninus
358 1065 585 1147 pontificatus
599 1063 639 1122 B.
651 1059 752 1121 Petri
765 1055 804 1119 ab
819 1052 1020 1119 Ascensum

235 1148 374 1212 Domini
384 1135 1020 1227 adtuendatianeattriiamsediantprm-

235 1230 268 1293 ci
294 1228 604 1304 lacrimationum,
616 1217 856 1282 Ateraadriaa
866 1215 1021 1276 etAntaa·

238 1326 356 1386 cmnae,
369 1308 476 1386 juata
492 1319 592 1365 arana
604 1298 737 1363 Christi
753 1310 966 1360 unanimitatem.

197 1428 281 1482 Anno
294 1424 340 1494 98,
354 1421 512 1478 bissextili.
525 1450 560 1458 —
572 1416 691 1473 Duobus
700 1413 831 1471 Geminis
840 1408 1019 1467 consulibus.

234 1515 367 1571 Christus
381 1510 521 1568 Dominus
533 1521 583 1563 ιιιι
600 1507 664 1562 Kal.
684 1502 776 1574 April.
791 1501 862 1557 lcria
878 1515 904 1564 v,
917 1498 1024 1554 Pascha

200 1601 266 1643 cum
284 1583 440 1654 discipulis
454 1580 588 1644 celebrat,
607 1586 635 1634 et
654 1577 816 1631 Passionem
834 1574 862 1627 in
877 1572 959 1627 horto
973 1571 1023 1624 in-

201 1659 301 1715 choat:
320 1657 368 1712 dic
391 1667 459 1709 vero
475 1666 513 1706 ιιι
537 1651 596 1704 lial.
626 1647 730 1718 April,
756 1645 827 1700 leria
840 1658 878 1702 ιι,
894 1645 922 1698 in
939 1653 1023 1722 cruce

238 1731 328 1784 ndens
338 1727 469 1784 moritur.
480 1720 672 1791 Resurpitdie
680 1716 829 1774 [lominica
842 1731 857 1768 ι
869 1714 929 1769 Kal.
943 1717 1023 1781 Apri·

216 1803 241 1857 is
252 1800 409 1869 (Victorius
422 1796 520 1866 liquit.
532 1797 562 1847 in
572 1798 638 1848 i'an.
655 1791 752 1845 Prisci.
766 1796 794 1843 et
805 1788 832 1843 S.
853 1785 1024 1856 llippolptus

202 1877 232 1928 in
253 1872 318 1927 Tub.
345 1866 489 1941 paschati).
507 1866 601 1921 Mense
622 1863 714 1932 Aprili
728 1861 763 1916 ad
788 1860 869 1914 linem
894 1862 1025 1928 vergente

202 1958 300 2001 curam
331 1940 458 1997 universi
483 1938 578 2009 gregis
605 1934 734 1989 ildelium
758 1935 838 1986 Petro
862 1927 1024 1993 demandat,

203 2016 391 2083 eumdemque
406 2022 551 2066 summum
567 2004 729 2076 pontificem
742 2009 829 2058 creat.

205 2122 272 2170 ilinc
287 2120 378 2181 incipit
393 2117 493 2179 epoche
506 2113 668 2177 poniitlentus
687 2111 754 2159 beati
766 2108 836 2158 Petri
852 2108 878 2155 in
896 2103 1023 2156 Ecclesia.

239 2219 374 2275 Christus
393 2215 534 2272 Dominus
556 2213 585 2268 in
607 2209 710 2266 coelum
730 2207 860 2264 ascendit
874 2204 924 2261 ier.
940 2221 965 2276 v,
980 2205 1028 2260 die

205 2291 223 2348 6
237 2291 317 2348 blaii.
330 2289 489 2344 Ordinatur
499 2285 525 2340 S.
539 2283 685 2338 llatthias.

240 2355 651 2434 Eliganturseptcmdiaconi.

206 2469 291 2522 Antio
310 2462 356 2520 29.
369 2493 405 2503 -
431 2463 539 2516 Vinicio
560 2464 585 2513 et
599 2460 721 2524 Lonpino
736 2473 826 2522 coss.;
852 2456 955 2521 Pontis.
981 2454 1027 2506 Pe·

544 2533 600 2585 trit
617 2537 641 2583 at
656 2543 686 2584 ιι.

241 2628 338 2682 Prinne
350 2622 534 2693 pontillcatns
545 2633 620 2674 anno
634 2618 758 2673 nondum
771 2616 912 2685 campreto
922 2615 1029 2670 Pascha

206 2713 271 2755 eum
285 2696 408 2753 celebret
418 2695 447 2748 Β.
463 2695 562 2747 Petrus
573 2709 580 2753 ;
593 2690 621 2744 hi
635 2688 768 2743 consules
783 2690 874 2757 primo
886 2687 1031 2756 poniiiica·

207 2778 290 2826 eatus
304 2769 399 2837 ipsius
413 2779 488 2820 anna
503 2763 675 2818 tribuuntur
688 2761 715 2814 in
729 2759 878 2827 catalonis,
894 2759 1032 2813 orienta-

208 2841 280 2897 lium
294 2851 372 2895 more
386 2851 435 2906 per
447 2848 538 2889 annos
552 2847 660 2895 sacros,
679 2845 730 2887 seu
748 2830 895 2899 paschales
912 2835 1032 2884 contex-

207 2913 256 2968 tis.
277 2911 371 2966 Prima
385 2907 518 2963 Ecclesiae
541 2903 712 2973 persecutio,
738 2903 766 2957 in
792 2917 846 2971 apua
870 2900 1032 2968 Stephanus

206 2988 370 3039 coronatur.
387 2983 519 3034 actorum
536 2989 597 3029 ιιιι.
620 2975 773 3043 Philippus
789 2973 964 3044 evangeliun
978 2973 1032 3025 Sa-

208 3054 315 3109 mariae.
328 3052 397 3109 ibid.
412 3048 678 3105 Petrusetloannes
692 3044 899 3114 Hierosolymis
914 3043 1033 3098 mittun·

207 3124 432 3182 turSamarinm.

207 3235 289 3289 Anno
299 3230 344 3288 30.
359 3260 395 3270 —
409 3228 516 3282 Tiberio
529 3227 655 3293 depasto
670 3229 695 3278 et
712 3223 812 3292 Sejuno
826 3238 893 3277 coss.
906 3240 914 3287 ;
928 3223 1029 3292 pontif.

516 3301 588 3353 Petri
603 3311 622 3351 ιι
634 3303 658 3350 et
675 3310 718 3350 ιιι.

241 3392 396 3450 Conversio
417 3388 499 3444 Pauli
521 3387 593 3471 (Act.
620 3384 738 3508 Qu}
761 3384 891 3459 Damasci
907 3383 935 3438 in
959 3396 1031 3466 sya-

206 3467 306 3549 agagis
320 3453 1029 3594 praedicatChristumblgigdqcaueffiswidgdniaghsssitn

205 3533 718 3675 naamanlpfcnrigurceigtfrerssalillsPetrum
731 3599 903 3654 etlacobum
920 3566 1032 3667 aposto1

209 3680 253 3737 los
267 3676 472 3746 Hierosolymis
482 3679 608 3744 agentes.
621 3670 695 3726 lolia
705 3671 739 3725 ad
753 3669 816 3724 Gal.
832 3683 850 3724 ι.

207 3789 290 3842 Anno
301 3781 344 3841 3t.
358 3813 394 3823 -
407 3782 455 3836 Cn.
472 3780 589 3834 Darnitio
603 3782 629 3831 et
641 3779 677 3830 ιι.
701 3778 782 3832 Faria
804 3776 917 3830 Camillo
941 3791 1009 3831 coss.
1024 3794 1031 3841 ;

512 3851 586 3903 Petri
602 3862 631 3902 ιιι
648 3854 673 3901 et
692 3862 727 3902 ιι.

245 3948 347 4001 Petrus
364 3949 393 3998 ct
405 3943 528 3995 loannes
544 3938 693 3992 redeuutes
707 3936 932 4008 hierosolymam
946 3950 1035 3991 evan-

212 4018 336 4091 gelizant
369 4011 470 4068 multis
496 4008 664 4080 regionibus
688 4008 936 4064 Samaritanorum
961 4008 1033 4077 (Act.

212 4103 273 4157 viii,
287 4085 344 4155 (ιδ).

210 4196 291 4251 Anna
303 4191 350 4249 32.
372 4192 436 4244 biis.
448 4220 486 4229 —
505 4189 594 4244 dealba
606 4192 631 4241 et
653 4186 731 4240 Soita
745 4202 811 4240 coss.
825 4188 899 4240 Petri
912 4201 938 4241 ιι
955 4192 980 4240 et
995 4200 1036 4240 ιι.

248 4299 303 4370 Qui
323 4296 447 4367 dispersi
470 4294 584 4350 inerant
609 4307 625 4347 a
654 4291 852 4357 tribulatione,
876 4309 938 4364 qum
965 4294 1038 4350 iacta

215 4369 372 4430 iueratsub
389 4366 542 4437 Stephano,
558 4363 827 4443 perambulaverunt
843 4380 933 4435 usque
954 4367 1039 4422 th-

214 4446 318 4512 nicem,
330 4447 358 4497 et
370 4442 504 4511 Cyprum,
519 4444 546 4492 ει
557 4435 749 4503 autiochiam,
766 4437 874 4491 nemini
892 4437 1039 4507 loquentes

215 4515 344 4582 verbum,
359 4513 416 4568 nisi
435 4512 507 4567 solis
519 4508 626 4565 lndaeis
644 4508 717 4577 (Act.
733 4521 772 4572 xi,
789 4504 839 4578 te).
857 4511 966 4564 interca
984 4512 1037 4564 Ec-

214 4588 305 4644 clesia
318 4599 368 4654 per
389 4590 476 4640 totam
499 4581 635 4644 Juuaeam,
663 4587 690 4633 et
710 4578 869 4650 Galilaeam,
892 4587 921 4635 et
939 4582 1040 4636 Sama-

215 4659 300 4727 riam,
313 4655 434 4712 habebat
449 4666 542 4723 pacem
554 4653 626 4722 (Act.
638 4664 678 4719 ιιι,
690 4648 745 4720 3i).

215 4765 298 4820 Anno
322 4760 367 4818 33.
392 4790 429 4800 —
445 4761 548 4814 Persico
561 4762 587 4811 et
607 4757 717 4813 Vitellio
738 4772 805 4811 coss.
819 4776 827 4821 ς
840 4760 916 4814 Petri
935 4765 989 4813 ret
1002 4771 1038 4812 ιι.

474 4836 499 4885 ει
511 4828 687 4883 Aratioalienae
698 4829 780 4883 sedis.

252 4925 358 4982 Paulus
368 4936 402 4978 ex
413 4918 699 4977 insidiistudaeorum
710 4918 839 4973 Damasci
850 4924 965 4988 ereptus
979 4919 1042 4976 iiie-

218 4998 390 5067 rosolymam
407 4993 484 5047 venit
501 5009 507 5044 ε
522 4989 570 5044 ubi
586 4990 657 5058 (Act.
681 5003 718 5054 rx,
737 4987 810 5058 Pha
832 4990 957 5045 barnaba
974 5005 1041 5061 per-

219 5071 338 5127 ducitur
354 5067 388 5120 ad
402 5064 547 5133 apostolos
573 5061 695 5128 (Petrum
711 5068 738 5115 et
756 5061 917 5132 Jacobuml:
935 5069 1039 5118 etcum

217 5143 301 5197 Petro
318 5142 411 5192 manet
431 5134 535 5190 diebus
549 5130 582 5186 lb
595 5134 662 5201 idai.
679 5145 698 5197 l,
719 5130 769 5201 te).
791 5134 825 5185 Et
845 5139 904 5186 out
918 5149 978 5186 caim
1001 5135 1041 5187 il-

220 5214 256 5267 lis
267 5215 377 5265 intrans
401 5214 427 5260 et
442 5208 544 5265 eniens,
566 5210 591 5256 et
602 5204 769 5271 paternaliter
783 5219 865 5270 opens
891 5208 921 5257 tn
934 5207 1041 5259 nomine

219 5282 338 5339 Domini.
368 5277 540 5347 loquebatur
563 5290 671 5401 &aequm
684 5275 819 5341 peirtidus,
836 5281 861 5328 et
882 5275 1042 5344 disputabat

219 5371 281 5408 cnm
304 5352 404 5407 Grecis
430 5348 492 5417 (Act
513 5361 551 5416 rx,
587 5347 620 5415 ιι.
648 5347 747 5400 Petrus
763 5347 870 5414 puriter
896 5347 1041 5403 modoin-

220 5431 300 5479 trans
313 5420 547 5489 iherosolymam,
565 5418 646 5472 modo
668 5419 778 5482 exiens,
795 5424 822 5473 et
833 5417 955 5472 visitans
969 5417 1042 5473 ilde-

220 5494 272 5562 les,
289 5491 481 5562 pertransibat
497 5489 645 5543 universus
663 5489 756 5559 (ibid,
774 5505 844 5542 cers.
867 5486 921 5555 32).
938 5490 1041 5544 Eodem

221 5578 296 5619 anno
310 5565 408 5619 Petrus
419 5559 559 5617 dicendus
573 5566 615 5613 est
631 5560 812 5615 Antiochiam
832 5561 952 5628 venisse,
968 5568 996 5616 et
1011 5561 1041 5615 iu

220 5634 348 5689 Ecclesia
365 5633 469 5687 ibidem
483 5630 603 5686 collecta
617 5643 650 5684 ex
662 5630 768 5685 iudaeis
783 5632 918 5698 (nondum
930 5633 1043 5688 admis-

223 5707 266 5760 sis
287 5704 430 5774 gentibus)
453 5704 547 5758 sedem
574 5700 728 5770 laudasse,
753 5716 817 5756 cuia
835 5711 966 5758 narretur
980 5717 1040 5758 eam

219 5774 371 5848 septennio
384 5776 511 5829 tenuisse
521 5780 673 5844 antequam
688 5772 843 5829 Romanam
855 5775 1042 5831 constitueret

1074 444 1214 499 bithama
1236 440 1357 497 mortuis
1373 441 1498 506 cxcitat3
1514 439 1616 509 ibique
1641 445 1777 495 moratus
1802 438 1891 494 diebus

1074 514 1173 570 multis
1184 513 1259 582 apud
1275 513 1417 568 Simonem
1430 511 1596 568 coriarium
1611 510 1687 581 (Act.
1706 523 1746 565 ιιι.
1764 507 1892 579 Adpetis

1072 585 1360 641 vocationeGeniium
1374 582 1550 648 admonitus,
1559 583 1726 637 accersitur
1738 581 1892 648 Caesarem,

1074 657 1122 713 ubi
1138 654 1433 726 baptizatcornelinm
1441 654 1640 709 centurionem
1652 653 1791 708 cohortis
1804 652 1893 709 italice

1074 730 1146 812 ilict.
1176 730 1211 793 xi.
1238 728 1345 782 Paulus
1366 726 1522 796 disputans
1542 736 1608 781 cum
1623 725 1742 780 Graecis
1769 725 1893 781 invidiae

1075 800 1210 864 incurrit,
1225 798 1298 853 etad
1315 801 1432 852 mortem
1449 797 1607 867 appetitur.
1623 796 1757 863 Fratres,
1774 803 1808 852 ut
1826 795 1893 851 illue

1075 871 1237 927 subducant
1252 870 1381 936 insidiis,
1394 867 1542 925 deducunt
1555 881 1621 923 euni
1634 866 1812 932 Caesarcanr,
1827 868 1895 923 etdi·

1077 939 1413 1010 mittuntTarsum(Act.
1431 954 1470 1010 ix,
1485 937 1541 1010 30).

1075 1051 1157 1104 Anna
1171 1047 1215 1105 ai.
1228 1080 1265 1089 —
1277 1048 1355 1103 Gallo
1372 1053 1398 1102 ει
1417 1049 1544 1104 Noniano
1569 1064 1640 1102 coss.
1653 1067 1663 1112 ς
1677 1049 1760 1102 Petri
1773 1061 1801 1103 ιι
1816 1053 1840 1102 et
1857 1062 1895 1115 iti,

1288 1125 1313 1174 ει
1324 1120 1497 1176 Antiocheae
1506 1120 1580 1174 sedis
1594 1133 1602 1174 ι
1616 1127 1644 1174 et
1658 1133 1692 1174 ιι.

1111 1230 1223 1293 Petrus,
1246 1226 1390 1296 baptizato
1416 1225 1560 1294 Cornelio,
1580 1227 1750 1282 ascendens
1776 1227 1896 1284 Hieroso-

1077 1300 1191 1371 lamam,
1209 1299 1375 1369 mysterium
1391 1299 1484 1368 aperit
1496 1298 1606 1369 gratiae,
1628 1298 1661 1354 in
1677 1305 1784 1370 gentes
1801 1312 1896 1370 quoque

1077 1371 1199 1428 diffusae.
1215 1372 1287 1441 (Act.
1304 1384 1344 1432 ιι,
1359 1368 1377 1423 2
1393 1371 1471 1439 sep).

1078 1483 1159 1536 Anno
1173 1477 1257 1535 35.-
1264 1480 1365 1545 Papira
1380 1483 1405 1532 et
1418 1479 1526 1532 Plautio
1541 1494 1608 1532 coss·
1622 1495 1630 1545 ;
1653 1480 1798 1534 Petrinum
1812 1485 1837 1534 et
1849 1494 1897 1545 tui,

1292 1557 1317 1604 rt
1332 1550 1459 1604 Antioeh.
1472 1551 1546 1603 sedis
1562 1564 1580 1605 ιι
1605 1556 1632 1603 ει
1649 1563 1694 1605 ιιι.

1114 1662 1154 1715 Ex
1173 1659 1220 1715 his
1235 1659 1285 1730 qui
1300 1659 1424 1728 dispersi
1439 1655 1555 1714 lucrant
1576 1666 1644 1727 post
1661 1659 1835 1730 martyrium
1847 1661 1899 1717 Ste-

1040 1746 1063 1805 Β
1080 1731 1167 1801 phani
1184 1731 1330 1786 erantriri
1347 1731 1443 1801 Cyprii
1459 1730 1626 1800 ctCyrenaei
1641 1748 1649 1795 ;
1664 1731 1719 1801 qui
1737 1746 1802 1786 cum
1817 1733 1899 1787 renis·

1080 1810 1143 1858 sent
1155 1802 1339 1858 Antiochiam
1354 1800 1554 1870 loquebantur,
1571 1803 1648 1856 etad
1663 1805 1788 1859 Graecos
1798 1817 1898 1861 annut-

1081 1876 1186 1929 tiantes
1209 1875 1361 1929 bominum
1383 1874 1475 1928 iesum
1501 1872 1574 1939 (Act.
1598 1886 1642 1938 xi,
1662 1872 1725 1943 ⁶20).
1752 1875 1899 1944 multusque

1083 1960 1219 2001 numerus
1241 1959 1397 2000 conversus
1412 1952 1455 1999 est
1478 1942 1512 2000 ad
1535 1945 1699 2000 Dominum
1724 1945 1827 2017 ilbidl.
1844 1948 1899 2001 Per·

1082 2017 1270 2073 renitentem
1286 2030 1378 2072 sermo
1391 2016 1424 2071 ad
1439 2029 1523 2071 aures
1538 2015 1690 2084 Ecclesia,
1707 2033 1777 2089 quae
1787 2018 1899 2074 emilie

1083 2088 1244 2159 rasolymis,
1260 2101 1346 2157 super
1361 2087 1437 2153 istis,
1454 2094 1481 2142 ει
1492 2090 1638 2143 mis-runt
1652 2089 1897 2160 aaraabamuscu

1082 2160 1116 2215 ad
1133 2159 1315 2216 Antiochiam
1331 2159 1425 2228 (lutat,
1441 2174 1512 2213 aers.
1527 2156 1584 2226 22).

1083 2269 1162 2323 ,latita
1189 2266 1233 2333 36,
1262 2268 1325 2321 diss.
1350 2298 1387 2307 —
1409 2268 1522 2321 Proculo
1543 2272 1568 2321 et
1594 2269 1723 2335 h'iprino
1748 2284 1839 2329 ons:
1858 2270 1898 2323 Pe·

1189 2343 1227 2394 tri
1238 2354 1288 2395 ιιιι
1309 2345 1333 2394 et
1344 2354 1384 2406 ιιι,
1400 2344 1425 2394 et
1439 2340 1566 2394 Antiocb.
1588 2340 1667 2394 sedis
1684 2354 1720 2397 ιιι
1734 2347 1763 2395 et
1777 2355 1813 2396 ιι.

1116 2450 1251 2506 Tiberius
1262 2450 1417 2519 imperator
1434 2448 1510 2504 diem
1527 2446 1591 2503 obit
1604 2447 1671 2504 Kal.
1690 2448 1816 2520 Aprilis,
1830 2448 1900 2506 nties

1082 2523 1172 2579 Dione
1184 2522 1305 2584 corrigit
1319 2521 1461 2576 Usserius.
1475 2519 1563 2575 Caius
1575 2521 1606 2576 in
1624 2521 1756 2590 imperia
1775 2532 1899 2578 aurem

1084 2595 1237 2665 Agrippam
1253 2592 1375 2649 Herodis
1391 2589 1482 2661 liugai
1503 2604 1538 2646 ex
1553 2591 1735 2649 Aristobulo
1756 2593 1816 2650 illic
1828 2605 1900 2661 nepa-

1086 2673 1153 2730 tem,
1165 2666 1258 2720 home
1269 2679 1284 2719 a
1297 2663 1412 2718 Tiberio
1426 2663 1565 2718 moriente
1576 2663 1609 2718 in
1626 2664 1765 2720 vinculis
1780 2665 1900 2728 relictum,

1087 2750 1178 2806 regem
1193 2736 1328 2805 appellat,
1350 2734 1505 2789 tetrarchia
1521 2734 1668 2804 Philippi,
1683 2742 1716 2791 et
1734 2738 1852 2808 Lysaniae
1865 2735 1901 2790 ei·

1086 2810 1149 2863 dem
1166 2808 1316 2863 attributa.
1331 2807 1454 2861 Herodes
1467 2805 1600 2875 (Antipas
1614 2805 1752 2863 Galilaeae
1775 2805 1901 2869 tetrarcha)

1087 2881 1217 2935 ascendit
1236 2878 1459 2948 Hierosolymam
1474 2879 1508 2931 ad
1523 2877 1710 2934 saeriilcium
1727 2881 1785 2936 Deo
1801 2877 1900 2953 oderem

1087 2950 1319 3078 gumnitasephns,
1347 2949 1398 3005 lib.
1422 2962 1504 3013 xiiii,
1530 2961 1593 3018 cap.
1619 2946 1659 3023 7).
1687 2951 1812 3008 Praside
1831 2950 1898 3020 syria

1113 3025 1150 3077 ite
1177 3026 1214 3077 io.

1046 3114 1070 3175 C
1122 3094 1276 3150 Barnabas.
1299 3098 1331 3148 ut
1363 3091 1492 3161 pervenit
1515 3091 1723 3161 Antiochiam,
1759 3092 1900 3151 hortabitur

1087 3179 1196 3307 οιιιιὲεὸ,
1214 3173 1241 3220 ει
1263 3164 1396 3235 apposita
1419 3170 1462 3219 est
1489 3164 1580 3218 multa
1597 3165 1689 3222 turba
1714 3166 1898 3235 Dominuhlet

1087 3250 1128 3306 xi,
1188 3279 1193 3290 .

1085 3347 1167 3402 Anno
1182 3342 1226 3401 37.
1239 3375 1275 3385 -
1284 3345 1396 3399 iuliano
1407 3348 1431 3398 et
1445 3343 1603 3412 Asprenate
1614 3360 1685 3400 cass.
1701 3365 1712 3412 ,·
1727 3348 1803 3402 Petri
1810 3348 1865 3401 ild
1875 3355 1897 3405 ι.

1318 3421 1343 3470 ει
1355 3416 1482 3470 Αιιιιοειι.
1497 3416 1570 3470 sedis
1584 3425 1692 3472 rvctr.

1123 3506 1246 3562 llerodes
1261 3505 1386 3575 Agrippa
1399 3519 1416 3560 a
1427 3504 1496 3560 Caio
1512 3503 1652 3574 impetrat
1667 3509 1737 3578 elus
1751 3505 1855 3579 imperii
1864 3516 1896 3559 ιι-

1087 3593 1123 3634 no
1140 3578 1264 3634 secunda
1279 3577 1390 3631 veniam
1401 3578 1515 3632 domum
1531 3578 1678 3635 redeundi
1693 3582 1730 3636 ad
1746 3588 1895 3652 regnauer-

1086 3651 1255 3707 dinandum.
1267 3649 1384 3703 Flaccus
1397 3647 1509 3718 AEgypti
1525 3662 1634 3718 preses
1648 3651 1771 3707 ludaeos
1786 3664 1816 3720 pe
1884 3645 1899 3682 '·

1088 3730 1135 3778 tur
1147 3720 1335 3776 Alexandriae.
1359 3720 1423 3775 llox
1437 3721 1498 3790 ipse
1512 3723 1751 3790 comprehensus
1762 3725 1840 3794 jussa
1881 3715 1896 3768 'i

1089 3794 1229 3850 multatur
1243 3792 1361 3847 exsilio.

1128 3864 1271 3921 Barnabas
1281 3862 1434 3918 Aritiochia
1447 3861 1595 3931 proiectus
1604 3865 1735 3922 Tarsum
1747 3863 1843 3937 querit
1849 3862 1898 3917 Pau·

1091 3940 1149 3995 lum
1164 3956 1169 3991 :
1183 3950 1265 4007 quem
1277 3949 1342 3990 eum
1360 3935 1517 3990 invenisset
1531 3937 1674 4004 perduxit
1688 3930 1898 3995 antiochiana

1092 4022 1197 4065 annum
1216 4013 1305 4062 totum
1318 4006 1478 4061 conversati
1490 4015 1559 4062 sunt
1570 4007 1614 4062 ihi
1627 4008 1660 4064 in
1677 4010 1823 4066 Ecclesia:
1837 4003 1898 4061 etde

1093 4084 1215 4136 ruerant
1238 4080 1351 4133 turbam
1368 4077 1497 4143 multam,
1529 4079 1567 4133 ita
1586 4087 1621 4134 ut
1644 4081 1897 4154 cognominarentur

1093 4154 1217 4222 primum
1230 4149 1725 4219 Antiochiaediscipullchristiani
1736 4152 1799 4225 (Act
1817 4144 1898 4211 ιιιι.

1130 4221 1281 4278 llatthaeus
1307 4222 1386 4276 eirca
1415 4220 1491 4277 hunc
1513 4235 1623 4278 annum
1651 4221 1899 4296 scriptacnnsipul

1094 4292 1289 4362 Evangelium.
1307 4293 1334 4347 ld
1350 4291 1456 4347 lactum
1472 4293 1577 4349 asserit
1589 4295 1743 4352 Eusebius
1754 4295 1833 4367 (illst.
1846 4288 1899 4347 eod..

1096 4366 1147 4421 lib.
1160 4379 1204 4433 ui,
1218 4378 1278 4434 cap.
1295 4362 1340 4433 rt)
1350 4377 1414 4419 cum
1427 4363 1551 4420 Hebraeis
1566 4365 1701 4434 primum
1723 4367 1806 4424 tidem
1820 4358 1901 4436 predi

1095 4445 1196 4499 casser,
1223 4442 1251 4492 et
1274 4442 1425 4506 autequam
1439 4435 1474 4490 ad
1490 4435 1563 4490 alias
1583 4450 1707 4508 quoque
1724 4448 1819 4510 putes
1837 4430 1901 4506 prol

1055 4512 1082 4572 D
1096 4510 1253 4564 cisceretnr
1263 4507 1326 4577 (hoc
1341 4513 1458 4562 estante
1473 4520 1582 4562 aunum
1602 4509 1840 4567 duodecimnma
1852 4506 1901 4560 Pas·

1096 4579 1313 4641 sionellomini,
1330 4579 1378 4634 cui
1394 4577 1599 4648 prosectionem
1613 4580 1902 4649 apostolarumiaprr

1096 4653 1208 4708 vincias
1232 4650 1377 4718 attribuit,
1402 4656 1431 4704 et
1464 4649 1621 4706 adventum
1652 4653 1733 4708 Petri
1757 4646 1901 4710 hominii

1095 4720 1258 4792 Chronico),
1279 4727 1306 4777 et
1321 4728 1472 4790 antequam
1489 4721 1604 4776 Marcus
1630 4736 1724 4780 suum
1746 4719 1902 4795 Evangelia·

1097 4795 1245 4858 scriberet,
1275 4806 1364 4863 eoque
1388 4799 1536 4862 assumpto
1551 4793 1582 4847 in
1608 4793 1769 4866 AEgyptum
1792 4792 1902 4850 tenderet

1098 4867 1172 4938 quod
1186 4863 1591 4936 particillasebiusretulitad
1602 4877 1717 4922 annum
1727 4866 1902 4924 duodecimus

1095 4953 1110 4993 a
1128 4939 1259 5007 passione
1277 4936 1395 4991 Christi.

1095 5046 1178 5100 Anno
1204 5043 1248 5099 al.
1278 5073 1313 5083 -
1337 5045 1401 5100 Caio
1426 5045 1482 5097 i'aes
1509 5048 1535 5098 ct
1557 5042 1687 5099 Gaesa'ano
1708 5061 1799 5107 coss:
1822 5040 1901 5099 Pedii

1273 5120 1297 5168 et
1309 5128 1349 5185 xi,
1363 5120 1388 5169 ct
1406 5115 1531 5170 Antioch.
1545 5117 1621 5170 sedis
1636 5131 1655 5169 ι
1669 5125 1698 5173 ct
1712 5132 1754 5173 ιι.

1132 5204 1256 5260 llerodes
1269 5204 1410 5259 tetrarcha
1433 5203 1463 5258 in
1483 5203 1598 5260 ltaliam
1614 5207 1740 5263 veniens
1764 5203 1856 5260 aceio
1867 5209 1902 5268 pr

1097 5279 1187 5332 stulat
1213 5289 1329 5346 regnum
1356 5275 1499 5347 Agrippae.
1523 5276 1612 5332 Caius
1642 5275 1731 5335 illum
1758 5266 1902 5334 deiectiotit

1097 5362 1176 5403 reum
1190 5348 1355 5416 suspicatus
1371 5346 1452 5416 pellit
1463 5348 1493 5400 ia
1508 5347 1662 5416 exsilium,
1674 5357 1705 5404 et
1720 5349 1821 5404 multat
1830 5349 1902 5400 tcinr

1097 5419 1162 5475 chia
1178 5419 1303 5475 Galilmae
1317 5424 1345 5472 et
1358 5420 1457 5474 Peraeae
1470 5438 1477 5474 :
1492 5431 1579 5489 quam
1592 5419 1700 5488 adiicit
1723 5433 1809 5489 regan
1823 5412 1901 5486 Agrip

1099 5504 1139 5560 pie
1154 5492 1217 5560 eius
1232 5489 1338 5550 emuli,
1356 5489 1424 5545 lieet
1435 5490 1536 5547 uxoris
1547 5487 1661 5546 iratris.
1679 5494 1709 5548 l..
1724 5483 1902 5548 Vitellioerl·

1099 5563 1142 5616 ria
1158 5562 1297 5617 accersito
1317 5575 1465 5618 successor
1488 5563 1576 5617 datur
1597 5564 1757 5620 Petronius
1778 5557 1900 5631 {rosarias

1097 5633 1149 5688 lib.
1164 5647 1221 5689 ιιι.
1239 5647 1300 5702 cap.
1317 5633 1356 5695 d).
1374 5634 1519 5703 Prophetae
1534 5637 1749 5702 superveniunt
1776 5632 1901 5701 ahlliero·

1095 5704 1214 5773 solymis
1231 5705 1423 5760 Antiochiam.
1440 5708 1517 5762 lntcr
1528 5719 1577 5761 eos
1590 5705 1782 5777 Agabusqui
1796 5696 1900 5773 predixit

1095 5773 1208 5847 tamem,
1224 5788 1288 5845 quae
1301 5774 1400 5833 lutura
1412 5783 1472 5833 erat
1489 5775 1544 5833 sub
1555 5775 1684 5835 Claudio
1698 5781 1769 5851 (Aet.
1787 5774 1833 5845 ιιι.
