<?xml version="1.0" encoding="UTF-8"?>
<!DOCTYPE html PUBLIC "-//W3C//DTD XHTML 1.0 Transitional//EN"
    "http://www.w3.org/TR/xhtml1/DTD/xhtml1-transitional.dtd">
<html xmlns="http://www.w3.org/1999/xhtml" xml:lang="en" lang="en">
 <head>
  <title>
</title>
<meta http-equiv="Content-Type" content="text/html;charset=utf-8" />
  <meta name='ocr-system' content='tesseract 3.04.00' />
  <meta name='ocr-capabilities' content='ocr_page ocr_carea ocr_par ocr_line ocrx_word'/>
</head>
<body>
  <div class='ocr_page' id='page_1' title='image "./patrologiaecurs48unkngoog_0629.png"; bbox 0 0 3892 6136; ppageno 0'>
   <div class='ocr_carea' id='block_1_1' title="bbox 120 284 1820 356">
    <p class='ocr_par' dir='ltr' id='par_1_1' title="bbox 120 284 1820 356">
     <span class='ocr_line' id='line_1_1' title="bbox 120 284 1820 356; baseline -0.002 -2"><span class='ocrx_word' id='word_1_1' title='bbox 120 298 192 356; x_wconf 67' lang='lat'><em>4249</em></span> <span class='ocrx_word' id='word_1_2' title='bbox 275 311 278 315; x_wconf 82' lang='grc'><strong>’</strong></span> <span class='ocrx_word' id='word_1_3' title='bbox 511 298 671 355; x_wconf 75' lang='lat' dir='ltr'>HISTORIA</span> <span class='ocrx_word' id='word_1_4' title='bbox 690 300 736 354; x_wconf 86' lang='lat' dir='ltr'><em>DE</em></span> <span class='ocrx_word' id='word_1_5' title='bbox 755 297 843 354; x_wconf 79' lang='lat' dir='ltr'>VITIS</span> <span class='ocrx_word' id='word_1_6' title='bbox 861 294 945 353; x_wconf 81' lang='lat' dir='ltr'><strong>ROM.</strong></span> <span class='ocrx_word' id='word_1_7' title='bbox 966 294 1064 352; x_wconf 70' lang='lat' dir='ltr'><em>Post.</em></span> <span class='ocrx_word' id='word_1_8' title='bbox 1085 325 1120 335; x_wconf 84' lang='grc'>-</span> <span class='ocrx_word' id='word_1_9' title='bbox 1138 284 1166 351; x_wconf 83' lang='lat' dir='ltr'><em>S.</em></span> <span class='ocrx_word' id='word_1_10' title='bbox 1187 293 1431 350; x_wconf 72' lang='lat' dir='ltr'><em>innotuimus.</em></span> <span class='ocrx_word' id='word_1_11' title='bbox 1751 288 1820 352; x_wconf 63' lang='lat'><em>⁴250</em></span> 
     </span>
    </p>
   </div>
   <div class='ocr_carea' id='block_1_2' title="bbox 116 413 1819 632">
    <p class='ocr_par' dir='ltr' id='par_1_2' title="bbox 116 413 1819 632">
     <span class='ocr_line' id='line_1_2' title="bbox 116 413 1819 490; baseline -0.002 -16"><span class='ocrx_word' id='word_1_12' title='bbox 116 423 202 474; x_wconf 86' lang='lat' dir='ltr'><em>suetis</em></span> <span class='ocrx_word' id='word_1_13' title='bbox 214 421 352 490; x_wconf 78' lang='lat' dir='ltr'><em>presidiis</em></span> <span class='ocrx_word' id='word_1_14' title='bbox 365 421 478 484; x_wconf 78' lang='lat' dir='ltr'><em>levante,</em></span> <span class='ocrx_word' id='word_1_15' title='bbox 502 419 604 474; x_wconf 83' lang='lat' dir='ltr'><em>Soteris</em></span> <span class='ocrx_word' id='word_1_16' title='bbox 622 420 754 485; x_wconf 87' lang='lat' dir='ltr'><em>studium,</em></span> <span class='ocrx_word' id='word_1_17' title='bbox 780 425 805 474; x_wconf 91' lang='lat' dir='ltr'><em>et</em></span> <span class='ocrx_word' id='word_1_18' title='bbox 817 419 943 473; x_wconf 85' lang='lat' dir='ltr'><em>chorita·</em></span> <span class='ocrx_word' id='word_1_19' title='bbox 957 419 1084 480; x_wconf 82' lang='lat' dir='ltr'><em>Amana</em></span> <span class='ocrx_word' id='word_1_20' title='bbox 1109 415 1236 470; x_wconf 59' lang='lat' dir='ltr'><em>Ecclesia</em></span> <span class='ocrx_word' id='word_1_21' title='bbox 1251 413 1435 469; x_wconf 83' lang='lat' dir='ltr'><strong><em>characterem</em></strong></span> <span class='ocrx_word' id='word_1_22' title='bbox 1460 429 1512 468; x_wconf 87' lang='lat' dir='ltr'><em>sno</em></span> <span class='ocrx_word' id='word_1_23' title='bbox 1529 417 1714 484; x_wconf 70' lang='lat' dir='ltr'><em>munificentie</em></span> <span class='ocrx_word' id='word_1_24' title='bbox 1734 421 1819 472; x_wconf 85' lang='lat' dir='ltr'><em>custo·</em></span> 
     </span>
     <span class='ocr_line' id='line_1_3' title="bbox 116 489 1084 559; baseline -0.003 -15"><span class='ocrx_word' id='word_1_25' title='bbox 116 498 190 549; x_wconf 82' lang='lat' dir='ltr'><em>tern:</em></span> <span class='ocrx_word' id='word_1_26' title='bbox 218 492 251 544; x_wconf 89' lang='lat' dir='ltr'><em>de</em></span> <span class='ocrx_word' id='word_1_27' title='bbox 264 508 319 559; x_wconf 79' lang='lat' dir='ltr'><em>qaia</em></span> <span class='ocrx_word' id='word_1_28' title='bbox 343 493 413 545; x_wconf 85' lang='lat' dir='ltr'><em>nihii</em></span> <span class='ocrx_word' id='word_1_29' title='bbox 425 494 530 545; x_wconf 79' lang='lat' dir='ltr'><strong><em>remisit</em></strong></span> <span class='ocrx_word' id='word_1_30' title='bbox 552 493 741 545; x_wconf 86' lang='lat' dir='ltr'><em>sanctissimus</em></span> <span class='ocrx_word' id='word_1_31' title='bbox 763 494 842 546; x_wconf 86' lang='lat' dir='ltr'><em>Pater</em></span> <span class='ocrx_word' id='word_1_32' title='bbox 855 491 943 544; x_wconf 85' lang='lat' dir='ltr'><em>tuno-</em></span> <span class='ocrx_word' id='word_1_33' title='bbox 998 489 1084 543; x_wconf 86' lang='lat' dir='ltr'><em>diens.</em></span> 
     </span>
     <span class='ocr_line' id='line_1_4' title="bbox 116 563 944 632; baseline -0.002 -16"><span class='ocrx_word' id='word_1_34' title='bbox 116 565 223 617; x_wconf 81' lang='lat' dir='ltr'><em>ceretius</em></span> <span class='ocrx_word' id='word_1_35' title='bbox 250 564 323 632; x_wconf 78' lang='lat' dir='ltr'><em>xlii,</em></span> <span class='ocrx_word' id='word_1_36' title='bbox 349 564 496 617; x_wconf 70' lang='lat' dir='ltr'><em>decessoris</em></span> <span class='ocrx_word' id='word_1_37' title='bbox 518 563 661 618; x_wconf 82' lang='lat' dir='ltr'><em>Clementis</em></span> <span class='ocrx_word' id='word_1_38' title='bbox 688 563 814 632; x_wconf 72' lang='lat' dir='ltr'><em>bertetleiu</em></span> <span class='ocrx_word' id='word_1_39' title='bbox 840 567 866 615; x_wconf 90' lang='lat' dir='ltr'><em>et</em></span> <span class='ocrx_word' id='word_1_40' title='bbox 887 563 944 616; x_wconf 85' lang='lat' dir='ltr'><em>iio-</em></span> 
     </span>
    </p>
   </div>
   <div class='ocr_carea' id='block_1_3' title="bbox 121 743 215 754">
    <p class='ocr_par' dir='ltr' id='par_1_3' title="bbox 121 743 215 754">
     <span class='ocr_line' id='line_1_5' title="bbox 121 743 215 754; baseline 0 0"><span class='ocrx_word' id='word_1_41' title='bbox 121 743 215 754; x_wconf 72' lang='lat'>———-</span> 
     </span>
    </p>
   </div>
   <div class='ocr_carea' id='block_1_4' title="bbox 627 907 1285 985">
    <p class='ocr_par' dir='ltr' id='par_1_4' title="bbox 627 907 1285 985">
     <span class='ocr_line' id='line_1_6' title="bbox 627 907 1285 985; baseline -0.009 -5"><span class='ocrx_word' id='word_1_42' title='bbox 627 911 722 982; x_wconf 80' lang='lat' dir='ltr'><em>XlV·</em></span> <span class='ocrx_word' id='word_1_43' title='bbox 756 911 944 983; x_wconf 74' lang='lat' dir='ltr'><em>seherus</em></span> <span class='ocrx_word' id='word_1_44' title='bbox 979 907 1285 985; x_wconf 73' lang='lat' dir='ltr'><em>theotharius.</em></span> 
     </span>
    </p>
   </div>
   <div class='ocr_carea' id='block_1_5' title="bbox 601 1124 1325 1199">
    <p class='ocr_par' dir='ltr' id='par_1_5' title="bbox 601 1124 1325 1199">
     <span class='ocr_line' id='line_1_7' title="bbox 601 1124 1325 1199; baseline -0.006 -15"><span class='ocrx_word' id='word_1_45' title='bbox 601 1142 692 1185; x_wconf 75' lang='lat' dir='ltr'><em>suno</em></span> <span class='ocrx_word' id='word_1_46' title='bbox 724 1141 851 1185; x_wconf 79' lang='lat' dir='ltr'><em>canrsrr</em></span> <span class='ocrx_word' id='word_1_47' title='bbox 877 1125 945 1199; x_wconf 77' lang='lat'><em>179,</em></span> <span class='ocrx_word' id='word_1_48' title='bbox 962 1141 1001 1184; x_wconf 80' lang='lat' dir='ltr'><em>rr.</em></span> <span class='ocrx_word' id='word_1_49' title='bbox 1025 1139 1158 1184; x_wconf 76' lang='lat' dir='ltr'><em>sunnin</em></span> <span class='ocrx_word' id='word_1_50' title='bbox 1173 1140 1241 1182; x_wconf 65' lang='lat' dir='ltr'><em>mua</em></span> <span class='ocrx_word' id='word_1_51' title='bbox 1275 1124 1325 1180; x_wconf 74' lang='lat' dir='ltr'><em>ti.</em></span> 
     </span>
    </p>
   </div>
   <div class='ocr_carea' id='block_1_6' title="bbox 197 1478 1826 2349">
    <p class='ocr_par' dir='ltr' id='par_1_6' title="bbox 197 1478 1826 2349">
     <span class='ocr_line' id='line_1_8' title="bbox 278 1478 1824 1567; baseline -0.001 -26"><span class='ocrx_word' id='word_1_52' title='bbox 278 1481 334 1542; x_wconf 77' lang='lat' dir='ltr'><em>tlt</em></span> <span class='ocrx_word' id='word_1_53' title='bbox 345 1480 582 1560; x_wconf 82' lang='lat' dir='ltr'><em>Eleutherius,</em></span> <span class='ocrx_word' id='word_1_54' title='bbox 594 1483 733 1545; x_wconf 90' lang='lat' dir='ltr'><em>notione</em></span> <span class='ocrx_word' id='word_1_55' title='bbox 749 1484 894 1561; x_wconf 73' lang='lat' dir='ltr'><em>ararica,</em></span> <span class='ocrx_word' id='word_1_56' title='bbox 910 1485 1056 1567; x_wconf 83' lang='lat' dir='ltr'><em>ecpotrc</em></span> <span class='ocrx_word' id='word_1_57' title='bbox 1068 1481 1233 1560; x_wconf 87' lang='lat' dir='ltr'><em>Abundio,</em></span> <span class='ocrx_word' id='word_1_58' title='bbox 1246 1483 1286 1545; x_wconf 90' lang='lat' dir='ltr'><em>de</em></span> <span class='ocrx_word' id='word_1_59' title='bbox 1300 1483 1420 1565; x_wconf 82' lang='lat' dir='ltr'><em>oppido</em></span> <span class='ocrx_word' id='word_1_60' title='bbox 1429 1480 1601 1563; x_wconf 79' lang='lat' dir='ltr'><em>Nicopoli,</em></span> <span class='ocrx_word' id='word_1_61' title='bbox 1616 1478 1705 1543; x_wconf 86' lang='lat' dir='ltr'><em>sedit</em></span> <span class='ocrx_word' id='word_1_62' title='bbox 1719 1492 1824 1540; x_wconf 85' lang='lat' dir='ltr'><em>cunas</em></span> 
     </span>
     <span class='ocr_line' id='line_1_9' title="bbox 238 1576 1824 1661; baseline 0.002 -25"><span class='ocrx_word' id='word_1_63' title='bbox 238 1577 440 1656; x_wconf 85' lang='lat' dir='ltr'><em>quindecim,</em></span> <span class='ocrx_word' id='word_1_64' title='bbox 458 1595 588 1641; x_wconf 87' lang='lat' dir='ltr'><em>menses</em></span> <span class='ocrx_word' id='word_1_65' title='bbox 601 1595 671 1656; x_wconf 81' lang='lat' dir='ltr'><em>sex,</em></span> <span class='ocrx_word' id='word_1_66' title='bbox 699 1579 770 1642; x_wconf 90' lang='lat' dir='ltr'><em>dies</em></span> <span class='ocrx_word' id='word_1_67' title='bbox 790 1578 1092 1660; x_wconf 62' lang='lat' dir='ltr'><em>quamaccipit</em></span> <span class='ocrx_word' id='word_1_68' title='bbox 1119 1584 1232 1642; x_wconf 87' lang='lat' dir='ltr'><em>autem</em></span> <span class='ocrx_word' id='word_1_69' title='bbox 1260 1581 1466 1661; x_wconf 83' lang='lat' dir='ltr'><em>ternporiius</em></span> <span class='ocrx_word' id='word_1_70' title='bbox 1488 1578 1658 1643; x_wconf 77' lang='lat' dir='ltr'><em>Antonini</em></span> <span class='ocrx_word' id='word_1_71' title='bbox 1672 1580 1704 1640; x_wconf 90' lang='lat' dir='ltr'><em>et</em></span> <span class='ocrx_word' id='word_1_72' title='bbox 1732 1576 1824 1640; x_wconf 84' lang='lat' dir='ltr'><em>Cono-</em></span> 
     </span>
     <span class='ocr_line' id='line_1_10' title="bbox 239 1674 1826 1761; baseline 0 -25"><span class='ocrx_word' id='word_1_73' title='bbox 239 1676 328 1737; x_wconf 85' lang='lat' dir='ltr'><em>ncodi</em></span> <span class='ocrx_word' id='word_1_74' title='bbox 342 1695 447 1757; x_wconf 55' lang='lat' dir='ltr'><em>&#39;usque</em></span> <span class='ocrx_word' id='word_1_75' title='bbox 461 1678 507 1739; x_wconf 89' lang='lat' dir='ltr'><em>ud</em></span> <span class='ocrx_word' id='word_1_76' title='bbox 528 1679 710 1740; x_wconf 85' lang='lat' dir='ltr'><em>Puternrnn</em></span> <span class='ocrx_word' id='word_1_77' title='bbox 734 1682 766 1741; x_wconf 90' lang='lat' dir='ltr'><em>et</em></span> <span class='ocrx_word' id='word_1_78' title='bbox 784 1680 962 1741; x_wconf 87' lang='lat' dir='ltr'><em>Bruduorn</em></span> <span class='ocrx_word' id='word_1_79' title='bbox 976 1677 991 1720; x_wconf 76' lang='lat' dir='ltr'><em>b</em></span> <span class='ocrx_word' id='word_1_80' title='bbox 1007 1725 1013 1740; x_wconf 93' lang='lat'><strong>.</strong></span> <span class='ocrx_word' id='word_1_81' title='bbox 1030 1680 1100 1742; x_wconf 83' lang='lat' dir='ltr'><em>Hic</em></span> <span class='ocrx_word' id='word_1_82' title='bbox 1115 1691 1127 1719; x_wconf 82' lang='lat'><strong>⁰</strong></span> <span class='ocrx_word' id='word_1_83' title='bbox 1141 1679 1267 1760; x_wconf 85' lang='lat' dir='ltr'><em>occepit</em></span> <span class='ocrx_word' id='word_1_84' title='bbox 1281 1679 1456 1761; x_wconf 72' lang='lat' dir='ltr'><em>epistaten</em></span> <span class='ocrx_word' id='word_1_85' title='bbox 1471 1695 1492 1741; x_wconf 91' lang='lat' dir='ltr'><em>o</em></span> <span class='ocrx_word' id='word_1_86' title='bbox 1506 1677 1605 1740; x_wconf 79' lang='lat' dir='ltr'><em>Lucio</em></span> <span class='ocrx_word' id='word_1_87' title='bbox 1629 1674 1826 1738; x_wconf 82' lang='lat' dir='ltr'><em>Britannia</em></span> 
     </span>
     <span class='ocr_line' id='line_1_11' title="bbox 238 1772 1825 1860; baseline -0.003 -24"><span class='ocrx_word' id='word_1_88' title='bbox 238 1791 326 1854; x_wconf 75' lang='lat' dir='ltr'><em>repe,</em></span> <span class='ocrx_word' id='word_1_89' title='bbox 348 1779 387 1837; x_wconf 92' lang='lat' dir='ltr'><em>ut</em></span> <span class='ocrx_word' id='word_1_90' title='bbox 405 1775 628 1838; x_wconf 69' lang='lat' dir='ltr'><em>Christianos</em></span> <span class='ocrx_word' id='word_1_91' title='bbox 641 1775 841 1858; x_wconf 68' lang='lat' dir='ltr'><em>efficeretur</em></span> <span class='ocrx_word' id='word_1_92' title='bbox 850 1795 915 1860; x_wconf 87' lang='lat' dir='ltr'><em>per</em></span> <span class='ocrx_word' id='word_1_93' title='bbox 928 1779 1005 1858; x_wconf 85' lang='lat' dir='ltr'><em>ejus</em></span> <span class='ocrx_word' id='word_1_94' title='bbox 1017 1778 1226 1856; x_wconf 77' lang='lat' dir='ltr'><em>renuntiaturo,</em></span> <span class='ocrx_word' id='word_1_95' title='bbox 1243 1781 1279 1840; x_wconf 86' lang='lat' dir='ltr'><em>et</em></span> <span class='ocrx_word' id='word_1_96' title='bbox 1293 1777 1350 1840; x_wconf 86' lang='lat' dir='ltr'><em>hoc</em></span> <span class='ocrx_word' id='word_1_97' title='bbox 1364 1777 1487 1840; x_wconf 88' lang='lat' dir='ltr'><em>iterum</em></span> <span class='ocrx_word' id='word_1_98' title='bbox 1501 1775 1660 1852; x_wconf 79' lang='lat' dir='ltr'><em>firmavit,</em></span> <span class='ocrx_word' id='word_1_99' title='bbox 1677 1776 1714 1834; x_wconf 93' lang='lat' dir='ltr'><em>ut</em></span> <span class='ocrx_word' id='word_1_100' title='bbox 1729 1772 1825 1834; x_wconf 89' lang='lat' dir='ltr'><em>nulla</em></span> 
     </span>
     <span class='ocr_line' id='line_1_12' title="bbox 197 1866 1825 1957; baseline 0.001 -26"><span class='ocrx_word' id='word_1_101' title='bbox 197 1873 217 1931; x_wconf 85' lang='lat'>5</span> <span class='ocrx_word' id='word_1_102' title='bbox 238 1889 313 1933; x_wconf 89' lang='lat' dir='ltr'><em>esca</em></span> <span class='ocrx_word' id='word_1_103' title='bbox 329 1873 458 1934; x_wconf 81' lang='lat' dir='ltr'><em>usualis</em></span> <span class='ocrx_word' id='word_1_104' title='bbox 474 1891 494 1933; x_wconf 91' lang='lat' dir='ltr'><em>a</em></span> <span class='ocrx_word' id='word_1_105' title='bbox 509 1873 711 1936; x_wconf 86' lang='lat' dir='ltr'><em>Christianis</em></span> <span class='ocrx_word' id='word_1_106' title='bbox 736 1876 993 1956; x_wconf 74' lang='lat' dir='ltr'><em>repudiaretur,</em></span> <span class='ocrx_word' id='word_1_107' title='bbox 1009 1877 1151 1938; x_wconf 77' lang='lat' dir='ltr'><em>murinco</em></span> <span class='ocrx_word' id='word_1_108' title='bbox 1169 1875 1341 1954; x_wconf 65' lang='lat' dir='ltr'><em>fidelihus,</em></span> <span class='ocrx_word' id='word_1_109' title='bbox 1365 1894 1467 1957; x_wconf 90' lang='lat' dir='ltr'><em>qnam</em></span> <span class='ocrx_word' id='word_1_110' title='bbox 1487 1877 1576 1936; x_wconf 89' lang='lat' dir='ltr'><em>Deus</em></span> <span class='ocrx_word' id='word_1_111' title='bbox 1597 1866 1825 1951; x_wconf 65' lang='lat' dir='ltr'><em>creavitque</em></span> 
     </span>
     <span class='ocr_line' id='line_1_13' title="bbox 239 1969 1825 2056; baseline 0.001 -27"><span class='ocrx_word' id='word_1_112' title='bbox 239 1973 352 2032; x_wconf 90' lang='lat' dir='ltr'><em>tamen</em></span> <span class='ocrx_word' id='word_1_113' title='bbox 374 1971 547 2032; x_wconf 87' lang='lat' dir='ltr'><em>rationalis</em></span> <span class='ocrx_word' id='word_1_114' title='bbox 565 1974 597 2033; x_wconf 92' lang='lat' dir='ltr'><em>et</em></span> <span class='ocrx_word' id='word_1_115' title='bbox 611 1972 832 2036; x_wconf 85' lang='lat' dir='ltr'><em>humanaest.</em></span> <span class='ocrx_word' id='word_1_116' title='bbox 848 1973 912 2037; x_wconf 88' lang='lat' dir='ltr'><em>Hic</em></span> <span class='ocrx_word' id='word_1_117' title='bbox 926 1971 1009 2055; x_wconf 80' lang='lat' dir='ltr'><em>feeit</em></span> <span class='ocrx_word' id='word_1_118' title='bbox 1032 1975 1266 2036; x_wconf 86' lang='lat' dir='ltr'><em>ordinationes</em></span> <span class='ocrx_word' id='word_1_119' title='bbox 1282 1978 1352 2036; x_wconf 88' lang='lat' dir='ltr'><em>tres</em></span> <span class='ocrx_word' id='word_1_120' title='bbox 1361 1991 1428 2056; x_wconf 85' lang='lat' dir='ltr'><em>per</em></span> <span class='ocrx_word' id='word_1_121' title='bbox 1441 1990 1584 2036; x_wconf 76' lang='lat' dir='ltr'><em>triensem</em></span> <span class='ocrx_word' id='word_1_122' title='bbox 1596 1969 1804 2034; x_wconf 83' lang='lat' dir='ltr'><em>Decembrem</em></span> <span class='ocrx_word' id='word_1_123' title='bbox 1814 1993 1825 2030; x_wconf 92' lang='lat'><em>.·</em></span> 
     </span>
     <span class='ocr_line' id='line_1_14' title="bbox 238 2067 1823 2153; baseline 0 -25"><span class='ocrx_word' id='word_1_124' title='bbox 238 2067 446 2148; x_wconf 58' lang='lat' dir='ltr'><em>presbyteros</em></span> <span class='ocrx_word' id='word_1_125' title='bbox 472 2068 657 2148; x_wconf 82' lang='lat' dir='ltr'><em>duodecim,</em></span> <span class='ocrx_word' id='word_1_126' title='bbox 674 2069 831 2133; x_wconf 89' lang='lat' dir='ltr'><em>diaconos</em></span> <span class='ocrx_word' id='word_1_127' title='bbox 847 2076 930 2148; x_wconf 88' lang='lat' dir='ltr'><em>octa,</em></span> <span class='ocrx_word' id='word_1_128' title='bbox 959 2072 1128 2152; x_wconf 85' lang='lat' dir='ltr'><em>episcopos</em></span> <span class='ocrx_word' id='word_1_129' title='bbox 1151 2089 1217 2153; x_wconf 89' lang='lat' dir='ltr'><em>per</em></span> <span class='ocrx_word' id='word_1_130' title='bbox 1230 2073 1366 2135; x_wconf 86' lang='lat' dir='ltr'><em>diuerso</em></span> <span class='ocrx_word' id='word_1_131' title='bbox 1381 2071 1453 2134; x_wconf 87' lang='lat' dir='ltr'><em>loeo</em></span> <span class='ocrx_word' id='word_1_132' title='bbox 1468 2087 1605 2134; x_wconf 84' lang='lat' dir='ltr'><em>numero</em></span> <span class='ocrx_word' id='word_1_133' title='bbox 1621 2067 1823 2152; x_wconf 81' lang='lat' dir='ltr'><em>quindecim.</em></span> 
     </span>
     <span class='ocr_line' id='line_1_15' title="bbox 239 2164 1822 2251; baseline 0.001 -27"><span class='ocrx_word' id='word_1_134' title='bbox 239 2166 305 2240; x_wconf 77' lang='lat' dir='ltr'><em>orci</em></span> <span class='ocrx_word' id='word_1_135' title='bbox 332 2166 434 2228; x_wconf 88' lang='lat' dir='ltr'><em>etiam</em></span> <span class='ocrx_word' id='word_1_136' title='bbox 459 2166 617 2248; x_wconf 79' lang='lat' dir='ltr'><em>repetitus</em></span> <span class='ocrx_word' id='word_1_137' title='bbox 647 2172 696 2230; x_wconf 90' lang='lat' dir='ltr'><em>est</em></span> <span class='ocrx_word' id='word_1_138' title='bbox 719 2169 827 2249; x_wconf 81' lang='lat' dir='ltr'><em>jactu</em></span> <span class='ocrx_word' id='word_1_139' title='bbox 855 2186 978 2250; x_wconf 85' lang='lat' dir='ltr'><em>corpus</em></span> <span class='ocrx_word' id='word_1_140' title='bbox 993 2169 1081 2232; x_wconf 81' lang='lat' dir='ltr'><em>beuti</em></span> <span class='ocrx_word' id='word_1_141' title='bbox 1095 2171 1195 2233; x_wconf 88' lang='lat' dir='ltr'><em>Petri</em></span> <span class='ocrx_word' id='word_1_142' title='bbox 1216 2170 1360 2251; x_wconf 81' lang='lat' dir='ltr'><em>apostoli</em></span> <span class='ocrx_word' id='word_1_143' title='bbox 1374 2175 1409 2233; x_wconf 91' lang='lat' dir='ltr'><em>in</em></span> <span class='ocrx_word' id='word_1_144' title='bbox 1425 2169 1597 2248; x_wconf 88' lang='lat' dir='ltr'><em>Vaticano,</em></span> <span class='ocrx_word' id='word_1_145' title='bbox 1614 2186 1658 2229; x_wconf 90' lang='lat' dir='ltr'><em>vu</em></span> <span class='ocrx_word' id='word_1_146' title='bbox 1676 2164 1822 2230; x_wconf 85' lang='lat' dir='ltr'><em>Kalend.</em></span> 
     </span>
     <span class='ocr_line' id='line_1_16' title="bbox 243 2265 1055 2349; baseline 0.001 -22"><span class='ocrx_word' id='word_1_147' title='bbox 243 2265 357 2338; x_wconf 71' lang='lat' dir='ltr'><em>lunii,</em></span> <span class='ocrx_word' id='word_1_148' title='bbox 374 2269 406 2327; x_wconf 87' lang='lat' dir='ltr'><em>et</em></span> <span class='ocrx_word' id='word_1_149' title='bbox 418 2265 561 2328; x_wconf 88' lang='lat' dir='ltr'><em>cessavit</em></span> <span class='ocrx_word' id='word_1_150' title='bbox 575 2266 788 2347; x_wconf 80' lang='lat' dir='ltr'><em>episcopatus</em></span> <span class='ocrx_word' id='word_1_151' title='bbox 810 2269 881 2330; x_wconf 88' lang='lat' dir='ltr'><em>dies</em></span> <span class='ocrx_word' id='word_1_152' title='bbox 895 2269 1055 2349; x_wconf 91' lang='lat' dir='ltr'><em>quinque.</em></span> 
     </span>
    </p>
   </div>
   <div class='ocr_carea' id='block_1_7' title="bbox 696 2441 1244 2507">
    <p class='ocr_par' dir='ltr' id='par_1_7' title="bbox 696 2441 1244 2507">
     <span class='ocr_line' id='line_1_17' title="bbox 696 2441 1244 2507; baseline 0.002 -3"><span class='ocrx_word' id='word_1_153' title='bbox 696 2441 942 2506; x_wconf 77' lang='lat' dir='ltr'><strong>CATALOGUS</strong></span> <span class='ocrx_word' id='word_1_154' title='bbox 963 2443 1042 2507; x_wconf 86' lang='lat' dir='ltr'><em>SUB</em></span> <span class='ocrx_word' id='word_1_155' title='bbox 1064 2444 1244 2507; x_wconf 87' lang='lat' dir='ltr'><strong>LIBERIO.</strong></span> 
     </span>
    </p>
   </div>
   <div class='ocr_carea' id='block_1_8' title="bbox 682 2575 1263 2632">
    <p class='ocr_par' dir='ltr' id='par_1_8' title="bbox 682 2575 1263 2632">
     <span class='ocr_line' id='line_1_18' title="bbox 682 2575 1263 2632; baseline 0.007 -4"><span class='ocrx_word' id='word_1_156' title='bbox 682 2576 767 2629; x_wconf 67' lang='lat' dir='ltr'><em>„incre</em></span> <span class='ocrx_word' id='word_1_157' title='bbox 780 2575 849 2629; x_wconf 85' lang='lat' dir='ltr'><em>edit.</em></span> <span class='ocrx_word' id='word_1_158' title='bbox 864 2576 992 2631; x_wconf 76' lang='lat' dir='ltr'><em>schelest.</em></span> <span class='ocrx_word' id='word_1_159' title='bbox 1013 2592 1046 2631; x_wconf 80' lang='lat' dir='ltr'><em>co</em></span> <span class='ocrx_word' id='word_1_160' title='bbox 1060 2592 1111 2632; x_wconf 88' lang='lat' dir='ltr'><em>ms.</em></span> <span class='ocrx_word' id='word_1_161' title='bbox 1132 2576 1263 2632; x_wconf 83' lang='lat' dir='ltr'><em>Caesareo.</em></span> 
     </span>
    </p>
   </div>
   <div class='ocr_carea' id='block_1_9' title="bbox 113 2707 1826 2897">
    <p class='ocr_par' dir='ltr' id='par_1_9' title="bbox 113 2707 1826 2897">
     <span class='ocr_line' id='line_1_19' title="bbox 158 2707 1826 2792; baseline -0.003 -15"><span class='ocrx_word' id='word_1_162' title='bbox 158 2714 358 2777; x_wconf 81' lang='lat' dir='ltr'><em>Eleutheros</em></span> <span class='ocrx_word' id='word_1_163' title='bbox 371 2712 510 2774; x_wconf 87' lang='lat' dir='ltr'><em>annis...</em></span> <span class='ocrx_word' id='word_1_164' title='bbox 525 2710 589 2772; x_wconf 85' lang='lat' dir='ltr'><em>init</em></span> <span class='ocrx_word' id='word_1_165' title='bbox 606 2707 817 2791; x_wconf 86' lang='lat' dir='ltr'><em>temporibus</em></span> <span class='ocrx_word' id='word_1_166' title='bbox 832 2711 994 2775; x_wconf 81' lang='lat' dir='ltr'><em>Antonini</em></span> <span class='ocrx_word' id='word_1_167' title='bbox 1004 2714 1037 2773; x_wconf 90' lang='lat' dir='ltr'><em>et</em></span> <span class='ocrx_word' id='word_1_168' title='bbox 1051 2711 1233 2792; x_wconf 82' lang='lat' dir='ltr'><em>Commodi,</em></span> <span class='ocrx_word' id='word_1_169' title='bbox 1250 2713 1461 2775; x_wconf 87' lang='lat' dir='ltr'><em>aconsulatu</em></span> <span class='ocrx_word' id='word_1_170' title='bbox 1476 2713 1550 2776; x_wconf 90' lang='lat' dir='ltr'><em>Veri</em></span> <span class='ocrx_word' id='word_1_171' title='bbox 1566 2715 1599 2776; x_wconf 90' lang='lat' dir='ltr'><em>et</em></span> <span class='ocrx_word' id='word_1_172' title='bbox 1613 2711 1826 2776; x_wconf 85' lang='lat' dir='ltr'><em>Herenniani</em></span> 
     </span>
     <span class='ocr_line' id='line_1_20' title="bbox 113 2813 577 2897; baseline -0.006 -18"><span class='ocrx_word' id='word_1_173' title='bbox 113 2832 226 2897; x_wconf 87' lang='lat' dir='ltr'><em>usque</em></span> <span class='ocrx_word' id='word_1_174' title='bbox 238 2817 381 2878; x_wconf 89' lang='lat' dir='ltr'><em>Paterno</em></span> <span class='ocrx_word' id='word_1_175' title='bbox 396 2819 428 2877; x_wconf 87' lang='lat' dir='ltr'><em>et</em></span> <span class='ocrx_word' id='word_1_176' title='bbox 442 2813 577 2877; x_wconf 86' lang='lat' dir='ltr'><em>Bradua</em></span> 
     </span>
    </p>
   </div>
   <div class='ocr_carea' id='block_1_10' title="bbox 546 2939 1402 3010">
    <p class='ocr_par' dir='ltr' id='par_1_10' title="bbox 546 2939 1402 3010">
     <span class='ocr_line' id='line_1_21' title="bbox 546 2939 1402 3010; baseline -0.004 -15"><span class='ocrx_word' id='word_1_177' title='bbox 546 2940 769 3010; x_wconf 80' lang='lat' dir='ltr'><em>Supplernenturn</em></span> <span class='ocrx_word' id='word_1_178' title='bbox 783 2942 947 2992; x_wconf 85' lang='lat' dir='ltr'><em>tacunarum</em></span> <span class='ocrx_word' id='word_1_179' title='bbox 971 2939 1090 3006; x_wconf 77' lang='lat' dir='ltr'><em>cotolooi</em></span> <span class='ocrx_word' id='word_1_180' title='bbox 1106 2955 1139 2992; x_wconf 83' lang='lat' dir='ltr'><em>en</em></span> <span class='ocrx_word' id='word_1_181' title='bbox 1160 2939 1240 2994; x_wconf 87' lang='lat' dir='ltr'><em>dictis</em></span> <span class='ocrx_word' id='word_1_182' title='bbox 1259 2939 1288 2992; x_wconf 91' lang='lat' dir='ltr'><em>in</em></span> <span class='ocrx_word' id='word_1_183' title='bbox 1303 2939 1402 2993; x_wconf 84' lang='lat' dir='ltr'><em>Anieet</em></span> 
     </span>
    </p>
   </div>
   <div class='ocr_carea' id='block_1_11' title="bbox 117 3068 1828 3252">
    <p class='ocr_par' dir='ltr' id='par_1_11' title="bbox 117 3068 1828 3252">
     <span class='ocr_line' id='line_1_22' title="bbox 160 3068 1828 3153; baseline -0.008 -13"><span class='ocrx_word' id='word_1_184' title='bbox 160 3075 358 3140; x_wconf 83' lang='lat' dir='ltr'><em>Eleutherna</em></span> <span class='ocrx_word' id='word_1_185' title='bbox 372 3075 471 3136; x_wconf 88' lang='lat' dir='ltr'><em>annis</em></span> <span class='ocrx_word' id='word_1_186' title='bbox 492 3076 542 3153; x_wconf 72' lang='lat'><em>15,</em></span> <span class='ocrx_word' id='word_1_187' title='bbox 556 3091 601 3134; x_wconf 87' lang='lat' dir='ltr'><em>m.</em></span> <span class='ocrx_word' id='word_1_188' title='bbox 624 3074 654 3150; x_wconf 88' lang='grc'><em>3,</em></span> <span class='ocrx_word' id='word_1_189' title='bbox 677 3072 709 3133; x_wconf 90' lang='lat' dir='ltr'><em>d.</em></span> <span class='ocrx_word' id='word_1_190' title='bbox 730 3073 779 3134; x_wconf 82' lang='lat'><em>21.</em></span> <span class='ocrx_word' id='word_1_191' title='bbox 795 3071 874 3133; x_wconf 89' lang='lat' dir='ltr'><em>Fuit</em></span> <span class='ocrx_word' id='word_1_192' title='bbox 887 3069 1092 3149; x_wconf 85' lang='lat' dir='ltr'><em>temporibus</em></span> <span class='ocrx_word' id='word_1_193' title='bbox 1110 3072 1154 3132; x_wconf 91' lang='lat' dir='ltr'><em>M.</em></span> <span class='ocrx_word' id='word_1_194' title='bbox 1171 3070 1331 3133; x_wconf 77' lang='lat' dir='ltr'><em>Antonini</em></span> <span class='ocrx_word' id='word_1_195' title='bbox 1346 3075 1378 3132; x_wconf 85' lang='lat' dir='ltr'><em>et</em></span> <span class='ocrx_word' id='word_1_196' title='bbox 1405 3070 1586 3150; x_wconf 79' lang='lat' dir='ltr'><em>Commodi,</em></span> <span class='ocrx_word' id='word_1_197' title='bbox 1608 3087 1629 3130; x_wconf 89' lang='lat' dir='ltr'><em>a</em></span> <span class='ocrx_word' id='word_1_198' title='bbox 1650 3068 1828 3131; x_wconf 85' lang='lat' dir='ltr'><em>consulatu</em></span> 
     </span>
     <span class='ocr_line' id='line_1_23' title="bbox 117 3167 1006 3252; baseline -0.013 -11"><span class='ocrx_word' id='word_1_199' title='bbox 117 3175 233 3241; x_wconf 84' lang='lat' dir='ltr'><em>Severi</em></span> <span class='ocrx_word' id='word_1_200' title='bbox 250 3179 282 3237; x_wconf 90' lang='lat' dir='ltr'><em>et</em></span> <span class='ocrx_word' id='word_1_201' title='bbox 302 3172 507 3236; x_wconf 83' lang='lat' dir='ltr'><em>Herenniani</em></span> <span class='ocrx_word' id='word_1_202' title='bbox 523 3188 630 3252; x_wconf 89' lang='lat' dir='ltr'><em>usque</em></span> <span class='ocrx_word' id='word_1_203' title='bbox 644 3172 795 3233; x_wconf 89' lang='lat' dir='ltr'><em>Materno</em></span> <span class='ocrx_word' id='word_1_204' title='bbox 816 3173 849 3231; x_wconf 88' lang='lat' dir='ltr'><em>et</em></span> <span class='ocrx_word' id='word_1_205' title='bbox 861 3167 1006 3231; x_wconf 87' lang='lat' dir='ltr'><em>Bradua.</em></span> 
     </span>
    </p>
   </div>
   <div class='ocr_carea' id='block_1_12' title="bbox 694 3330 1251 3376">
    <p class='ocr_par' dir='ltr' id='par_1_12' title="bbox 694 3330 1251 3376">
     <span class='ocr_line' id='line_1_24' title="bbox 694 3330 1251 3376; baseline 0 -1"><span class='ocrx_word' id='word_1_206' title='bbox 694 3331 833 3376; x_wconf 64' lang='lat' dir='ltr'><strong>NOTULAE</strong></span> <span class='ocrx_word' id='word_1_207' title='bbox 853 3330 1062 3374; x_wconf 78' lang='lat' dir='ltr'><strong>MARGINALES</strong></span> <span class='ocrx_word' id='word_1_208' title='bbox 1081 3330 1251 3375; x_wconf 68' lang='lat' dir='ltr'><em>ransom</em></span> 
     </span>
    </p>
   </div>
   <div class='ocr_carea' id='block_1_13' title="bbox 156 3445 1825 3522">
    <p class='ocr_par' dir='ltr' id='par_1_13' title="bbox 156 3445 1825 3522">
     <span class='ocr_line' id='line_1_25' title="bbox 156 3445 1825 3522; baseline -0.008 -12"><span class='ocrx_word' id='word_1_209' title='bbox 156 3456 212 3521; x_wconf 69' lang='lat' dir='ltr'><em>eli,</em></span> <span class='ocrx_word' id='word_1_210' title='bbox 233 3467 280 3508; x_wconf 89' lang='lat' dir='ltr'><em>an.</em></span> <span class='ocrx_word' id='word_1_211' title='bbox 296 3451 339 3522; x_wconf 75' lang='lat' dir='ltr'><em>li,</em></span> <span class='ocrx_word' id='word_1_212' title='bbox 353 3454 382 3510; x_wconf 87' lang='lat' dir='ltr'><em>d.</em></span> <span class='ocrx_word' id='word_1_213' title='bbox 407 3449 521 3514; x_wconf 71' lang='lat' dir='ltr'><em>narn</em></span> <span class='ocrx_word' id='word_1_214' title='bbox 543 3452 579 3507; x_wconf 85' lang='lat' dir='ltr'><em>hi.</em></span> <span class='ocrx_word' id='word_1_215' title='bbox 608 3448 706 3505; x_wconf 83' lang='lat' dir='ltr'><em>hurel.</em></span> <span class='ocrx_word' id='word_1_216' title='bbox 726 3456 755 3506; x_wconf 91' lang='lat' dir='ltr'><em>et</em></span> <span class='ocrx_word' id='word_1_217' title='bbox 772 3447 879 3504; x_wconf 80' lang='lat' dir='ltr'><em>comm.</em></span> <span class='ocrx_word' id='word_1_218' title='bbox 903 3448 1043 3519; x_wconf 84' lang='lat' dir='ltr'><em>usquead</em></span> <span class='ocrx_word' id='word_1_219' title='bbox 1064 3463 1140 3505; x_wconf 91' lang='lat' dir='ltr'><em>coss.</em></span> <span class='ocrx_word' id='word_1_220' title='bbox 1167 3449 1353 3506; x_wconf 87' lang='lat' dir='ltr'><em>Comrnodum</em></span> <span class='ocrx_word' id='word_1_221' title='bbox 1367 3450 1426 3504; x_wconf 81' lang='lat' dir='ltr'><em>vili</em></span> <span class='ocrx_word' id='word_1_222' title='bbox 1441 3452 1469 3504; x_wconf 87' lang='lat' dir='ltr'><em>et</em></span> <span class='ocrx_word' id='word_1_223' title='bbox 1484 3448 1677 3503; x_wconf 77' lang='lat' dir='ltr'><em>Pertinacem.</em></span> <span class='ocrx_word' id='word_1_224' title='bbox 1696 3445 1825 3499; x_wconf 77' lang='lat' dir='ltr'><em>ohoron.</em></span> 
     </span>
    </p>
   </div>
   <div class='ocr_carea' id='block_1_14' title="bbox 117 3523 1179 3673">
    <p class='ocr_par' dir='ltr' id='par_1_14' title="bbox 117 3523 1179 3673">
     <span class='ocr_line' id='line_1_26' title="bbox 117 3523 305 3584; baseline -0.027 0"><span class='ocrx_word' id='word_1_225' title='bbox 117 3527 162 3584; x_wconf 82' lang='lat' dir='ltr'><em>od</em></span> <span class='ocrx_word' id='word_1_226' title='bbox 172 3544 222 3583; x_wconf 84' lang='lat' dir='ltr'><em>ort.</em></span> <span class='ocrx_word' id='word_1_227' title='bbox 244 3523 305 3582; x_wconf 76' lang='lat'><strong>⁴83.</strong></span> 
     </span>
     <span class='ocr_line' id='line_1_27' title="bbox 780 3609 1179 3673; baseline 0.005 -3"><span class='ocrx_word' id='word_1_228' title='bbox 780 3609 921 3672; x_wconf 73' lang='lat' dir='ltr'><strong>VARIAE</strong></span> <span class='ocrx_word' id='word_1_229' title='bbox 936 3609 1179 3673; x_wconf 85' lang='lat' dir='ltr'><em>LECTIONES.</em></span> 
     </span>
    </p>
   </div>
   <div class='ocr_carea' id='block_1_15' title="bbox 258 3765 1829 3842">
    <p class='ocr_par' dir='ltr' id='par_1_15' title="bbox 258 3765 1829 3842">
     <span class='ocr_line' id='line_1_28' title="bbox 258 3765 1829 3842; baseline -0.004 -16"><span class='ocrx_word' id='word_1_230' title='bbox 258 3772 344 3842; x_wconf 78' lang='lat' dir='ltr'><em>Apud</em></span> <span class='ocrx_word' id='word_1_231' title='bbox 358 3773 516 3827; x_wconf 85' lang='lat' dir='ltr'><em>Febrottum</em></span> <span class='ocrx_word' id='word_1_232' title='bbox 530 3785 563 3824; x_wconf 82' lang='lat' dir='ltr'><em>ea</em></span> <span class='ocrx_word' id='word_1_233' title='bbox 579 3769 669 3824; x_wconf 90' lang='lat' dir='ltr'><em>codiee</em></span> <span class='ocrx_word' id='word_1_234' title='bbox 681 3767 803 3823; x_wconf 85' lang='lat' dir='ltr'><em>Freheri.</em></span> <span class='ocrx_word' id='word_1_235' title='bbox 963 3766 990 3826; x_wconf 93' lang='lat' dir='ltr'>B</span> <span class='ocrx_word' id='word_1_236' title='bbox 1005 3765 1078 3821; x_wconf 87' lang='lat' dir='ltr'><em>deest</em></span> <span class='ocrx_word' id='word_1_237' title='bbox 1092 3768 1213 3824; x_wconf 87' lang='lat' dir='ltr'><em>usualis.</em></span> <span class='ocrx_word' id='word_1_238' title='bbox 1230 3770 1315 3836; x_wconf 78' lang='lat' dir='ltr'><em>ibid,</em></span> <span class='ocrx_word' id='word_1_239' title='bbox 1335 3769 1549 3838; x_wconf 83' lang='lat' dir='ltr'><em>repudiaretur,</em></span> <span class='ocrx_word' id='word_1_240' title='bbox 1568 3781 1632 3838; x_wconf 83' lang='lat' dir='ltr'><em>quae</em></span> <span class='ocrx_word' id='word_1_241' title='bbox 1648 3771 1752 3835; x_wconf 64' lang='lat' dir='ltr'><em>umen,</em></span> <span class='ocrx_word' id='word_1_242' title='bbox 1774 3769 1829 3822; x_wconf 85' lang='lat' dir='ltr'><em>etc.</em></span> 
     </span>
    </p>
   </div>
   <div class='ocr_carea' id='block_1_16' title="bbox 119 3834 1694 3999">
    <p class='ocr_par' dir='ltr' id='par_1_16' title="bbox 119 3834 1694 3999">
     <span class='ocr_line' id='line_1_29' title="bbox 156 3834 1224 3928; baseline -0.015 -11"><span class='ocrx_word' id='word_1_243' title='bbox 156 3863 238 3917; x_wconf 85' lang='lat' dir='ltr'><em>Nom.</em></span> <span class='ocrx_word' id='word_1_244' title='bbox 270 3858 314 3928; x_wconf 76' lang='lat' dir='ltr'><em>tt,</em></span> <span class='ocrx_word' id='word_1_245' title='bbox 337 3862 385 3915; x_wconf 80' lang='lat' dir='ltr'><em>lin.</em></span> <span class='ocrx_word' id='word_1_246' title='bbox 409 3859 437 3924; x_wconf 98' lang='grc'>5,</span> <span class='ocrx_word' id='word_1_247' title='bbox 465 3874 539 3928; x_wconf 84' lang='lat' dir='ltr'><em>esca,</em></span> <span class='ocrx_word' id='word_1_248' title='bbox 564 3863 594 3913; x_wconf 87' lang='lat' dir='ltr'><em>in</em></span> <span class='ocrx_word' id='word_1_249' title='bbox 613 3859 639 3913; x_wconf 82' lang='lat' dir='ltr'><strong><em>A</em></strong></span> <span class='ocrx_word' id='word_1_250' title='bbox 662 3864 687 3912; x_wconf 86' lang='lat' dir='ltr'><em>et</em></span> <span class='ocrx_word' id='word_1_251' title='bbox 702 3858 724 3911; x_wconf 86' lang='lat' dir='ltr'><em>E</em></span> <span class='ocrx_word' id='word_1_252' title='bbox 738 3856 811 3910; x_wconf 87' lang='lat' dir='ltr'><em>deest</em></span> <span class='ocrx_word' id='word_1_253' title='bbox 823 3853 947 3910; x_wconf 87' lang='lat' dir='ltr'><em>usualis.</em></span> <span class='ocrx_word' id='word_1_254' title='bbox 1005 3836 1053 3892; x_wconf 66' lang='lat' dir='ltr'><em>llll·</em></span> <span class='ocrx_word' id='word_1_255' title='bbox 1069 3834 1097 3910; x_wconf 71' lang='grc'><em>7,</em></span> <span class='ocrx_word' id='word_1_256' title='bbox 1111 3841 1224 3895; x_wconf 78' lang='lat' dir='ltr'><em>disca</em></span> 
     </span>
     <span class='ocr_line' id='line_1_30' title="bbox 119 3922 1694 3999; baseline -0.017 -12"><span class='ocrx_word' id='word_1_257' title='bbox 119 3934 174 3987; x_wconf 88' lang='lat' dir='ltr'><em>lin.</em></span> <span class='ocrx_word' id='word_1_258' title='bbox 189 3932 216 3996; x_wconf 87' lang='grc'>6,</span> <span class='ocrx_word' id='word_1_259' title='bbox 240 3934 298 3994; x_wconf 83' lang='grc' dir='ltr'>ΛΒ,</span> <span class='ocrx_word' id='word_1_260' title='bbox 323 3933 523 3989; x_wconf 65' lang='lat' dir='ltr'><em>ordinationes</em></span> <span class='ocrx_word' id='word_1_261' title='bbox 544 3932 627 3987; x_wconf 86' lang='lat' dir='ltr'><em>duas.</em></span> <span class='ocrx_word' id='word_1_262' title='bbox 652 3931 703 3983; x_wconf 87' lang='lat' dir='ltr'><em>tin.</em></span> <span class='ocrx_word' id='word_1_263' title='bbox 718 3928 780 3983; x_wconf 85' lang='lat' dir='ltr'><em>eud.</em></span> <span class='ocrx_word' id='word_1_264' title='bbox 806 3927 888 3980; x_wconf 85' lang='lat' dir='ltr'><em>Ean.</em></span> <span class='ocrx_word' id='word_1_265' title='bbox 904 3922 946 3980; x_wconf 78' lang='grc'><em>46.</em></span> <span class='ocrx_word' id='word_1_266' title='bbox 1139 3931 1222 3999; x_wconf 63' lang='lat' dir='ltr'><em>,eppo</em></span> <span class='ocrx_word' id='word_1_267' title='bbox 1236 3931 1406 3986; x_wconf 57' lang='lat' dir='ltr'><em>prorsum-um</em></span> <span class='ocrx_word' id='word_1_268' title='bbox 1421 3934 1447 3984; x_wconf 60' lang='lat' dir='ltr'><em>pe</em></span> <span class='ocrx_word' id='word_1_269' title='bbox 1461 3929 1694 3984; x_wconf 78' lang='lat' dir='ltr'><em>Schehstrutinm.</em></span> 
     </span>
    </p>
   </div>
   <div class='ocr_carea' id='block_1_17' title="bbox 118 4000 1833 4161">
    <p class='ocr_par' dir='ltr' id='par_1_17' title="bbox 118 4000 1833 4161">
     <span class='ocr_line' id='line_1_31' title="bbox 118 4000 1833 4085; baseline -0.003 -10"><span class='ocrx_word' id='word_1_270' title='bbox 118 4005 172 4058; x_wconf 60' lang='grc' dir='ltr'><em>ΗΠ·</em></span> <span class='ocrx_word' id='word_1_271' title='bbox 184 4000 213 4075; x_wconf 83' lang='lat'><em>7,</em></span> <span class='ocrx_word' id='word_1_272' title='bbox 231 4005 288 4066; x_wconf 54' lang='lat' dir='ltr'><em>AB»</em></span> <span class='ocrx_word' id='word_1_273' title='bbox 306 4002 353 4059; x_wconf 57' lang='grc' dir='ltr'><em>Η·</em></span> <span class='ocrx_word' id='word_1_274' title='bbox 1039 4022 1101 4075; x_wconf 82' lang='lat' dir='ltr'><em>hin.</em></span> <span class='ocrx_word' id='word_1_275' title='bbox 1116 4017 1144 4083; x_wconf 67' lang='grc'>9,</span> <span class='ocrx_word' id='word_1_276' title='bbox 1158 4019 1235 4074; x_wconf 83' lang='lat' dir='ltr'><em>Coss.</em></span> <span class='ocrx_word' id='word_1_277' title='bbox 1251 4026 1277 4074; x_wconf 91' lang='lat' dir='ltr'><em>et</em></span> <span class='ocrx_word' id='word_1_278' title='bbox 1295 4020 1379 4082; x_wconf 81' lang='lat' dir='ltr'><em>Eion,</em></span> <span class='ocrx_word' id='word_1_279' title='bbox 1401 4032 1489 4074; x_wconf 78' lang='lat' dir='ltr'><em>mena.</em></span> <span class='ocrx_word' id='word_1_280' title='bbox 1505 4016 1532 4085; x_wconf 83' lang='lat'><em>3,</em></span> <span class='ocrx_word' id='word_1_281' title='bbox 1560 4018 1623 4075; x_wconf 83' lang='lat' dir='ltr'><em>dies</em></span> <span class='ocrx_word' id='word_1_282' title='bbox 1641 4017 1669 4074; x_wconf 68' lang='lat'><em>2.</em></span> <span class='ocrx_word' id='word_1_283' title='bbox 1687 4019 1737 4072; x_wconf 89' lang='lat' dir='ltr'><em>lin.</em></span> <span class='ocrx_word' id='word_1_284' title='bbox 1759 4015 1833 4081; x_wconf 84' lang='grc' dir='ltr'>5,ιή</span> 
     </span>
     <span class='ocr_line' id='line_1_32' title="bbox 240 4087 1832 4161; baseline -0.003 -14"><span class='ocrx_word' id='word_1_285' title='bbox 240 4095 284 4147; x_wconf 81' lang='lat' dir='ltr'><em>En</em></span> <span class='ocrx_word' id='word_1_286' title='bbox 296 4094 386 4147; x_wconf 86' lang='lat' dir='ltr'><em>codice</em></span> <span class='ocrx_word' id='word_1_287' title='bbox 400 4095 491 4161; x_wconf 77' lang='lat' dir='ltr'><em>Eeoio,</em></span> <span class='ocrx_word' id='word_1_288' title='bbox 508 4093 686 4146; x_wconf 78' lang='lat' dir='ltr'><em>htermrinoet</em></span> <span class='ocrx_word' id='word_1_289' title='bbox 702 4090 825 4145; x_wconf 83' lang='lat' dir='ltr'><em>Thuuno.</em></span> <span class='ocrx_word' id='word_1_290' title='bbox 1007 4093 1069 4147; x_wconf 86' lang='lat' dir='ltr'><em>Vut.</em></span> <span class='ocrx_word' id='word_1_291' title='bbox 1087 4092 1171 4152; x_wconf 85' lang='lat' dir='ltr'><em>deest,</em></span> <span class='ocrx_word' id='word_1_292' title='bbox 1197 4093 1321 4147; x_wconf 83' lang='lat' dir='ltr'><em>maxime</em></span> <span class='ocrx_word' id='word_1_293' title='bbox 1338 4090 1481 4147; x_wconf 76' lang='lat' dir='ltr'><em>fidelibus</em></span> <span class='ocrx_word' id='word_1_294' title='bbox 1505 4092 1554 4144; x_wconf 89' lang='lat' dir='ltr'><em>tin.</em></span> <span class='ocrx_word' id='word_1_295' title='bbox 1578 4087 1608 4154; x_wconf 81' lang='lat'><em>7,</em></span> <span class='ocrx_word' id='word_1_296' title='bbox 1623 4093 1697 4146; x_wconf 83' lang='lat' dir='ltr'><em>Cass.</em></span> <span class='ocrx_word' id='word_1_297' title='bbox 1724 4103 1753 4145; x_wconf 81' lang='lat' dir='ltr'><em>tx</em></span> <span class='ocrx_word' id='word_1_298' title='bbox 1770 4088 1832 4144; x_wconf 83' lang='lat' dir='ltr'><em>Kal.</em></span> 
     </span>
    </p>
   </div>
   <div class='ocr_carea' id='block_1_18' title="bbox 121 4161 1668 4325">
    <p class='ocr_par' dir='ltr' id='par_1_18' title="bbox 121 4161 1668 4325">
     <span class='ocr_line' id='line_1_33' title="bbox 159 4161 1363 4249; baseline -0.007 -12"><span class='ocrx_word' id='word_1_299' title='bbox 159 4183 221 4237; x_wconf 80' lang='lat' dir='ltr'><em>tiri.</em></span> <span class='ocrx_word' id='word_1_300' title='bbox 241 4180 268 4242; x_wconf 75' lang='lat' dir='ltr'><em>i,</em></span> <span class='ocrx_word' id='word_1_301' title='bbox 285 4196 355 4238; x_wconf 87' lang='lat' dir='ltr'><em>ann.</em></span> <span class='ocrx_word' id='word_1_302' title='bbox 374 4181 416 4243; x_wconf 78' lang='grc'>45,</span> <span class='ocrx_word' id='word_1_303' title='bbox 436 4197 472 4236; x_wconf 88' lang='lat' dir='ltr'><em>m.</em></span> <span class='ocrx_word' id='word_1_304' title='bbox 489 4179 515 4248; x_wconf 82' lang='grc'>3,</span> <span class='ocrx_word' id='word_1_305' title='bbox 531 4183 560 4237; x_wconf 89' lang='lat' dir='ltr'><em>d.</em></span> <span class='ocrx_word' id='word_1_306' title='bbox 581 4179 609 4236; x_wconf 75' lang='lat' dir='ltr'><em>E.</em></span> <span class='ocrx_word' id='word_1_307' title='bbox 625 4183 674 4235; x_wconf 89' lang='lat' dir='ltr'><em>lin.</em></span> <span class='ocrx_word' id='word_1_308' title='bbox 697 4178 725 4249; x_wconf 88' lang='lat'><em>3,</em></span> <span class='ocrx_word' id='word_1_309' title='bbox 744 4179 788 4233; x_wconf 89' lang='lat' dir='ltr'><em>Br.</em></span> <span class='ocrx_word' id='word_1_310' title='bbox 804 4175 949 4233; x_wconf 90' lang='lat' dir='ltr'><em>consules.</em></span> <span class='ocrx_word' id='word_1_311' title='bbox 1005 4164 1055 4217; x_wconf 81' lang='lat' dir='ltr'><em>tin.</em></span> <span class='ocrx_word' id='word_1_312' title='bbox 1073 4164 1134 4218; x_wconf 71' lang='lat' dir='ltr'><em>tad·</em></span> <span class='ocrx_word' id='word_1_313' title='bbox 1148 4164 1233 4231; x_wconf 51' lang='lat' dir='ltr'><em>Filii„</em></span> <span class='ocrx_word' id='word_1_314' title='bbox 1248 4163 1312 4219; x_wconf 70' lang='lat' dir='ltr'><em>‘lies</em></span> <span class='ocrx_word' id='word_1_315' title='bbox 1329 4161 1363 4219; x_wconf 78' lang='lat'><em>⁴5</em></span> 
     </span>
     <span class='ocr_line' id='line_1_34' title="bbox 121 4249 1668 4325; baseline -0.005 -17"><span class='ocrx_word' id='word_1_316' title='bbox 121 4257 174 4308; x_wconf 80' lang='lat' dir='ltr'><em>tin.</em></span> <span class='ocrx_word' id='word_1_317' title='bbox 199 4251 225 4324; x_wconf 66' lang='grc'>4,</span> <span class='ocrx_word' id='word_1_318' title='bbox 242 4255 446 4309; x_wconf 76' lang='lat' dir='ltr'><em>Britannorum</em></span> <span class='ocrx_word' id='word_1_319' title='bbox 462 4255 559 4325; x_wconf 77' lang='lat' dir='ltr'><em>li,it&#39;n.</em></span> <span class='ocrx_word' id='word_1_320' title='bbox 576 4251 604 4322; x_wconf 86' lang='grc'>6,</span> <span class='ocrx_word' id='word_1_321' title='bbox 629 4265 693 4323; x_wconf 76' lang='lat' dir='ltr'>(111ae</span> <span class='ocrx_word' id='word_1_322' title='bbox 706 4259 799 4307; x_wconf 78' lang='lat' dir='ltr'><em>tamen</em></span> <span class='ocrx_word' id='word_1_323' title='bbox 818 4249 951 4304; x_wconf 73' lang='lat' dir='ltr'><em>rationi·</em></span> <span class='ocrx_word' id='word_1_324' title='bbox 1166 4255 1252 4324; x_wconf 80' lang='lat' dir='ltr'><em>Apud</em></span> <span class='ocrx_word' id='word_1_325' title='bbox 1264 4256 1419 4308; x_wconf 75' lang='lat' dir='ltr'><em>Peniomeo</em></span> <span class='ocrx_word' id='word_1_326' title='bbox 1433 4253 1526 4310; x_wconf 79' lang='lat' dir='ltr'><em>Codice</em></span> <span class='ocrx_word' id='word_1_327' title='bbox 1544 4252 1668 4307; x_wconf 73' lang='lat' dir='ltr'><em>Curensi.</em></span> 
     </span>
    </p>
   </div>
   <div class='ocr_carea' id='block_1_19' title="bbox 120 4326 1518 4450">
    <p class='ocr_par' dir='ltr' id='par_1_19' title="bbox 120 4326 1518 4450">
     <span class='ocr_line' id='line_1_35' title="bbox 120 4326 1518 4414; baseline -0.005 -10"><span class='ocrx_word' id='word_1_328' title='bbox 120 4326 203 4382; x_wconf 48' lang='lat' dir='ltr'><em>hm&amp;</em></span> <span class='ocrx_word' id='word_1_329' title='bbox 358 4398 366 4409; x_wconf 84' lang='grc'>,</span> <span class='ocrx_word' id='word_1_330' title='bbox 456 4397 461 4407; x_wconf 86' lang='grc'>,</span> <span class='ocrx_word' id='word_1_331' title='bbox 1042 4345 1104 4399; x_wconf 84' lang='lat' dir='ltr'><em>hin.</em></span> <span class='ocrx_word' id='word_1_332' title='bbox 1125 4340 1151 4414; x_wconf 85' lang='lat' dir='ltr'><em>t,</em></span> <span class='ocrx_word' id='word_1_333' title='bbox 1167 4343 1303 4400; x_wconf 86' lang='lat' dir='ltr'><em>Eleutber</em></span> <span class='ocrx_word' id='word_1_334' title='bbox 1323 4344 1518 4414; x_wconf 67' lang='lat' dir='ltr'><em>nationesne.</em></span> 
     </span>
     <span class='ocr_line' id='line_1_36' title="bbox 342 4395 729 4450; baseline -0.01 0"><span class='ocrx_word' id='word_1_335' title='bbox 342 4398 386 4450; x_wconf 78' lang='lat' dir='ltr'><em>ite</em></span> <span class='ocrx_word' id='word_1_336' title='bbox 400 4396 489 4450; x_wconf 79' lang='lat' dir='ltr'><em>rodite</em></span> <span class='ocrx_word' id='word_1_337' title='bbox 506 4396 619 4449; x_wconf 79' lang='lat' dir='ltr'><em>Thurino</em></span> <span class='ocrx_word' id='word_1_338' title='bbox 634 4395 729 4448; x_wconf 79' lang='lat' dir='ltr'><em>altero</em></span> 
     </span>
    </p>
   </div>
   <div class='ocr_carea' id='block_1_20' title="bbox 159 4476 953 4548">
    <p class='ocr_par' dir='ltr' id='par_1_20' title="bbox 159 4476 953 4548">
     <span class='ocr_line' id='line_1_37' title="bbox 159 4476 953 4548; baseline -0.009 -8"><span class='ocrx_word' id='word_1_339' title='bbox 159 4487 223 4541; x_wconf 84' lang='lat' dir='ltr'><em>hin.</em></span> <span class='ocrx_word' id='word_1_340' title='bbox 249 4484 274 4541; x_wconf 88' lang='lat' dir='ltr'><em>l.</em></span> <span class='ocrx_word' id='word_1_341' title='bbox 305 4486 466 4541; x_wconf 86' lang='lat' dir='ltr'><em>Eleuterus.</em></span> <span class='ocrx_word' id='word_1_342' title='bbox 493 4486 542 4538; x_wconf 87' lang='lat' dir='ltr'><em>lin.</em></span> <span class='ocrx_word' id='word_1_343' title='bbox 562 4482 581 4539; x_wconf 74' lang='lat' dir='ltr'><em>i</em></span> <span class='ocrx_word' id='word_1_344' title='bbox 605 4497 695 4540; x_wconf 89' lang='lat' dir='ltr'><em>mens.</em></span> <span class='ocrx_word' id='word_1_345' title='bbox 712 4480 729 4538; x_wconf 92' lang='lat'>3</span> <span class='ocrx_word' id='word_1_346' title='bbox 748 4482 790 4537; x_wconf 90' lang='lat' dir='ltr'><em>di.</em></span> <span class='ocrx_word' id='word_1_347' title='bbox 805 4479 833 4537; x_wconf 73' lang='lat' dir='ltr'><em>E.</em></span> <span class='ocrx_word' id='word_1_348' title='bbox 851 4481 900 4534; x_wconf 90' lang='lat' dir='ltr'><em>tin.</em></span> <span class='ocrx_word' id='word_1_349' title='bbox 924 4476 953 4548; x_wconf 89' lang='grc'>5,</span> 
     </span>
    </p>
   </div>
   <div class='ocr_carea' id='block_1_21' title="bbox 792 4625 1166 4695">
    <p class='ocr_par' dir='ltr' id='par_1_21' title="bbox 792 4625 1166 4695">
     <span class='ocr_line' id='line_1_38' title="bbox 792 4625 1166 4695; baseline -0.029 0"><span class='ocrx_word' id='word_1_350' title='bbox 792 4630 916 4695; x_wconf 80' lang='lat' dir='ltr'><strong>NOTAE</strong></span> <span class='ocrx_word' id='word_1_351' title='bbox 930 4625 1166 4689; x_wconf 80' lang='lat' dir='ltr'><strong>VARIORUM.</strong></span> 
     </span>
    </p>
   </div>
   <div class='ocr_carea' id='block_1_22' title="bbox 386 4746 1835 4900">
    <p class='ocr_par' dir='ltr' id='par_1_22' title="bbox 386 4746 1835 4900">
     <span class='ocr_line' id='line_1_39' title="bbox 386 4746 1834 4829; baseline -0.02 0"><span class='ocrx_word' id='word_1_352' title='bbox 386 4774 409 4828; x_wconf 86' lang='lat' dir='ltr'><em>h</em></span> <span class='ocrx_word' id='word_1_353' title='bbox 422 4770 691 4829; x_wconf 76' lang='lat' dir='ltr'><em>schntnsrhsrn.</em></span> <span class='ocrx_word' id='word_1_354' title='bbox 1008 4761 1059 4816; x_wconf 84' lang='lat' dir='ltr'><em>siae</em></span> <span class='ocrx_word' id='word_1_355' title='bbox 1075 4771 1139 4829; x_wconf 86' lang='lat' dir='ltr'><em>post</em></span> <span class='ocrx_word' id='word_1_356' title='bbox 1152 4757 1234 4813; x_wconf 88' lang='lat' dir='ltr'><em>iilum</em></span> <span class='ocrx_word' id='word_1_357' title='bbox 1244 4756 1372 4824; x_wconf 86' lang='lat' dir='ltr'><em>suscepit</em></span> <span class='ocrx_word' id='word_1_358' title='bbox 1385 4756 1519 4809; x_wconf 79' lang='lat' dir='ltr'><em>irenaeus.</em></span> <span class='ocrx_word' id='word_1_359' title='bbox 1537 4768 1550 4801; x_wconf 80' lang='lat' dir='ltr'><em>o</em></span> <span class='ocrx_word' id='word_1_360' title='bbox 1565 4751 1640 4806; x_wconf 85' lang='lat' dir='ltr'><em>idem</em></span> <span class='ocrx_word' id='word_1_361' title='bbox 1652 4746 1736 4803; x_wconf 83' lang='lat' dir='ltr'><em>habet</em></span> <span class='ocrx_word' id='word_1_362' title='bbox 1749 4746 1834 4802; x_wconf 88' lang='lat' dir='ltr'><em>divus</em></span> 
     </span>
     <span class='ocr_line' id='line_1_40' title="bbox 1009 4815 1835 4900; baseline -0.018 -15"><span class='ocrx_word' id='word_1_363' title='bbox 1009 4832 1198 4900; x_wconf 79' lang='lat' dir='ltr'><em>Hieronymus</em></span> <span class='ocrx_word' id='word_1_364' title='bbox 1212 4828 1288 4884; x_wconf 89' lang='lat' dir='ltr'><em>libro</em></span> <span class='ocrx_word' id='word_1_365' title='bbox 1302 4827 1337 4882; x_wconf 91' lang='lat' dir='ltr'><em>de</em></span> <span class='ocrx_word' id='word_1_366' title='bbox 1353 4823 1551 4895; x_wconf 77' lang='lat' dir='ltr'><em>scriptoribus</em></span> <span class='ocrx_word' id='word_1_367' title='bbox 1565 4823 1595 4877; x_wconf 90' lang='lat' dir='ltr'><em>tn</em></span> <span class='ocrx_word' id='word_1_368' title='bbox 1617 4823 1740 4887; x_wconf 77' lang='lat' dir='ltr'><em>irenaeo3</em></span> <span class='ocrx_word' id='word_1_369' title='bbox 1755 4815 1835 4872; x_wconf 79' lang='lat' dir='ltr'><em>abir·</em></span> 
     </span>
    </p>
   </div>
   <div class='ocr_carea' id='block_1_23' title="bbox 325 4874 1835 4971">
    <p class='ocr_par' dir='ltr' id='par_1_23' title="bbox 325 4874 1835 4971">
     <span class='ocr_line' id='line_1_41' title="bbox 325 4874 1835 4971; baseline -0.005 -22"><span class='ocrx_word' id='word_1_370' title='bbox 325 4877 449 4949; x_wconf 54' lang='lat' dir='ltr'><em>(DESCW</em></span> <span class='ocrx_word' id='word_1_371' title='bbox 465 4877 566 4950; x_wconf 66' lang='lat' dir='ltr'><em>Eeup.</em></span> <span class='ocrx_word' id='word_1_372' title='bbox 584 4876 611 4946; x_wconf 71' lang='lat' dir='ltr'><em>i,</em></span> <span class='ocrx_word' id='word_1_373' title='bbox 627 4894 692 4933; x_wconf 68' lang='lat' dir='ltr'><em>llum</em></span> <span class='ocrx_word' id='word_1_374' title='bbox 719 4874 758 4948; x_wconf 79' lang='lat'><em>5·)</em></span> <span class='ocrx_word' id='word_1_375' title='bbox 1010 4905 1170 4961; x_wconf 75' lang='lat' dir='ltr'><em>materian</em></span> <span class='ocrx_word' id='word_1_376' title='bbox 1197 4899 1272 4971; x_wconf 85' lang='lat' dir='ltr'><em>quod</em></span> <span class='ocrx_word' id='word_1_377' title='bbox 1308 4898 1423 4955; x_wconf 85' lang='lat' dir='ltr'><em>Pothino</em></span> <span class='ocrx_word' id='word_1_378' title='bbox 1459 4909 1543 4966; x_wconf 84' lang='lat' dir='ltr'><em>prope</em></span> <span class='ocrx_word' id='word_1_379' title='bbox 1577 4904 1764 4959; x_wconf 78' lang='lat' dir='ltr'><em>nonnoenorto</em></span> <span class='ocrx_word' id='word_1_380' title='bbox 1802 4887 1835 4941; x_wconf 90' lang='lat' dir='ltr'><em>ob</em></span> 
     </span>
    </p>
   </div>
   <div class='ocr_carea' id='block_1_24' title="bbox 120 4962 1837 5271">
    <p class='ocr_par' dir='ltr' id='par_1_24' title="bbox 120 4962 1837 5271">
     <span class='ocr_line' id='line_1_42' title="bbox 160 4962 1835 5056; baseline -0.012 -24"><span class='ocrx_word' id='word_1_381' title='bbox 160 4985 326 5041; x_wconf 61' lang='lat' dir='ltr'><em>Persecutio</em></span> <span class='ocrx_word' id='word_1_382' title='bbox 350 4985 448 5056; x_wconf 73' lang='lat' dir='ltr'><em>iraque</em></span> <span class='ocrx_word' id='word_1_383' title='bbox 470 4986 499 5041; x_wconf 75' lang='lat' dir='ltr'><em>in</em></span> <span class='ocrx_word' id='word_1_384' title='bbox 523 4985 629 5042; x_wconf 73' lang='lat' dir='ltr'><em>Galliis</em></span> <span class='ocrx_word' id='word_1_385' title='bbox 656 4990 731 5041; x_wconf 75' lang='lat' dir='ltr'><em>mora</em></span> <span class='ocrx_word' id='word_1_386' title='bbox 753 4982 812 5039; x_wconf 77' lang='lat' dir='ltr'><em>tuit</em></span> <span class='ocrx_word' id='word_1_387' title='bbox 826 4986 952 5051; x_wconf 80' lang='lat' dir='ltr'><em>tempure</em></span> <span class='ocrx_word' id='word_1_388' title='bbox 1010 4978 1147 5033; x_wconf 79' lang='lat' dir='ltr'><em>Christum</em></span> <span class='ocrx_word' id='word_1_389' title='bbox 1158 4973 1293 5040; x_wconf 75' lang='lat' dir='ltr'><em>martyrio</em></span> <span class='ocrx_word' id='word_1_390' title='bbox 1315 4971 1484 5052; x_wconf 69' lang='lat' dir='ltr'><em>coronatam</em></span> <span class='ocrx_word' id='word_1_391' title='bbox 1497 4967 1583 5020; x_wconf 85' lang='lat' dir='ltr'><em>locum</em></span> <span class='ocrx_word' id='word_1_392' title='bbox 1598 4963 1657 5032; x_wconf 85' lang='lat' dir='ltr'><em>ejus</em></span> <span class='ocrx_word' id='word_1_393' title='bbox 1670 4962 1835 5044; x_wconf 80' lang='lat' dir='ltr'><em>substitutus</em></span> 
     </span>
     <span class='ocr_line' id='line_1_43' title="bbox 120 5038 1837 5125; baseline -0.016 -11"><span class='ocrx_word' id='word_1_394' title='bbox 120 5057 284 5114; x_wconf 86' lang='lat' dir='ltr'><em>Eleutherii</em></span> <span class='ocrx_word' id='word_1_395' title='bbox 305 5070 393 5125; x_wconf 79' lang='lat' dir='ltr'><em>papa,</em></span> <span class='ocrx_word' id='word_1_396' title='bbox 411 5072 477 5112; x_wconf 88' lang='lat' dir='ltr'><em>curn</em></span> <span class='ocrx_word' id='word_1_397' title='bbox 492 5059 523 5113; x_wconf 81' lang='lat' dir='ltr'><em>hi</em></span> <span class='ocrx_word' id='word_1_398' title='bbox 552 5058 688 5114; x_wconf 78' lang='lat' dir='ltr'><em>Aurelius</em></span> <span class='ocrx_word' id='word_1_399' title='bbox 700 5055 841 5112; x_wconf 88' lang='lat' dir='ltr'><em>decimum</em></span> <span class='ocrx_word' id='word_1_400' title='bbox 859 5055 953 5122; x_wconf 80' lang='lat' dir='ltr'><em>septi·</em></span> <span class='ocrx_word' id='word_1_401' title='bbox 1010 5053 1055 5104; x_wconf 84' lang='lat' dir='ltr'><em>sit.</em></span> <span class='ocrx_word' id='word_1_402' title='bbox 1073 5050 1114 5104; x_wconf 84' lang='lat' dir='ltr'><em>Ex</em></span> <span class='ocrx_word' id='word_1_403' title='bbox 1131 5045 1239 5116; x_wconf 83' lang='lat' dir='ltr'><em>quibus</em></span> <span class='ocrx_word' id='word_1_404' title='bbox 1259 5054 1377 5123; x_wconf 70' lang='lat' dir='ltr'><em>omnino</em></span> <span class='ocrx_word' id='word_1_405' title='bbox 1397 5043 1539 5122; x_wconf 25' lang='lat' dir='ltr'><em>sequ-rtur,</em></span> <span class='ocrx_word' id='word_1_406' title='bbox 1564 5038 1700 5092; x_wconf 85' lang='lat' dir='ltr'><em>trenaeum</em></span> <span class='ocrx_word' id='word_1_407' title='bbox 1719 5044 1753 5116; x_wconf 32' lang='lat' dir='ltr'><em>&#39;tn</em></span> <span class='ocrx_word' id='word_1_408' title='bbox 1769 5044 1837 5112; x_wconf 66' lang='lat' dir='ltr'><em>per7</em></span> 
     </span>
     <span class='ocr_line' id='line_1_44' title="bbox 122 5112 1834 5200; baseline -0.018 -15"><span class='ocrx_word' id='word_1_409' title='bbox 122 5143 203 5185; x_wconf 84' lang='lat' dir='ltr'><em>marn</em></span> <span class='ocrx_word' id='word_1_410' title='bbox 232 5129 346 5196; x_wconf 90' lang='lat' dir='ltr'><em>imperii</em></span> <span class='ocrx_word' id='word_1_411' title='bbox 368 5141 475 5183; x_wconf 78' lang='lat' dir='ltr'><em>ennium</em></span> <span class='ocrx_word' id='word_1_412' title='bbox 497 5137 602 5200; x_wconf 81' lang='lat' dir='ltr'><em>ageret,</em></span> <span class='ocrx_word' id='word_1_413' title='bbox 632 5131 661 5184; x_wconf 90' lang='lat' dir='ltr'><em>in</em></span> <span class='ocrx_word' id='word_1_414' title='bbox 677 5142 732 5199; x_wconf 71' lang='lat' dir='ltr'><em>trus</em></span> <span class='ocrx_word' id='word_1_415' title='bbox 756 5127 954 5196; x_wconf 86' lang='lat' dir='ltr'><em>persecutione</em></span> <span class='ocrx_word' id='word_1_416' title='bbox 970 5116 996 5178; x_wconf 91' lang='lat' dir='ltr'>C</span> <span class='ocrx_word' id='word_1_417' title='bbox 1011 5119 1157 5176; x_wconf 87' lang='lat' dir='ltr'><em>secutione</em></span> <span class='ocrx_word' id='word_1_418' title='bbox 1176 5117 1213 5171; x_wconf 85' lang='lat' dir='ltr'><em>u.</em></span> <span class='ocrx_word' id='word_1_419' title='bbox 1232 5112 1342 5169; x_wconf 82' lang='lat' dir='ltr'><em>htrrelir</em></span> <span class='ocrx_word' id='word_1_420' title='bbox 1367 5113 1517 5192; x_wconf 76' lang='lat' dir='ltr'><em>Antonini.</em></span> <span class='ocrx_word' id='word_1_421' title='bbox 1543 5120 1605 5179; x_wconf 81' lang='lat' dir='ltr'><em>quae</em></span> <span class='ocrx_word' id='word_1_422' title='bbox 1626 5117 1703 5160; x_wconf 91' lang='lat' dir='ltr'><em>anno</em></span> <span class='ocrx_word' id='word_1_423' title='bbox 1718 5114 1834 5172; x_wconf 81' lang='lat' dir='ltr'><em>imperit</em></span> 
     </span>
     <span class='ocr_line' id='line_1_45' title="bbox 122 5173 1836 5271; baseline -0.016 -17"><span class='ocrx_word' id='word_1_424' title='bbox 122 5201 202 5271; x_wconf 87' lang='lat' dir='ltr'><em>passi</em></span> <span class='ocrx_word' id='word_1_425' title='bbox 216 5206 285 5254; x_wconf 91' lang='lat' dir='ltr'><em>sunt</em></span> <span class='ocrx_word' id='word_1_426' title='bbox 299 5200 324 5253; x_wconf 81' lang='lat' dir='ltr'><em>S.</em></span> <span class='ocrx_word' id='word_1_427' title='bbox 346 5200 486 5256; x_wconf 84' lang='lat' dir='ltr'><em>Pothinus</em></span> <span class='ocrx_word' id='word_1_428' title='bbox 500 5202 663 5270; x_wconf 86' lang='lat' dir='ltr'><em>episcopus,</em></span> <span class='ocrx_word' id='word_1_429' title='bbox 684 5199 777 5255; x_wconf 88' lang='lat' dir='ltr'><em>etalii</em></span> <span class='ocrx_word' id='word_1_430' title='bbox 794 5197 953 5269; x_wconf 75' lang='lat' dir='ltr'><em>qurunpln-</em></span> <span class='ocrx_word' id='word_1_431' title='bbox 1010 5195 1073 5262; x_wconf 83' lang='lat' dir='ltr'><em>ejus</em></span> <span class='ocrx_word' id='word_1_432' title='bbox 1091 5186 1134 5246; x_wconf 67' lang='lat' dir='ltr'><em>tl„</em></span> <span class='ocrx_word' id='word_1_433' title='bbox 1160 5202 1210 5243; x_wconf 89' lang='lat' dir='ltr'><em>seu</em></span> <span class='ocrx_word' id='word_1_434' title='bbox 1233 5198 1289 5241; x_wconf 83' lang='lat' dir='ltr'><em>aera</em></span> <span class='ocrx_word' id='word_1_435' title='bbox 1315 5179 1365 5239; x_wconf 80' lang='lat' dir='ltr'><em>itt</em></span> <span class='ocrx_word' id='word_1_436' title='bbox 1388 5187 1485 5250; x_wconf 78' lang='lat' dir='ltr'><em>capit,</em></span> <span class='ocrx_word' id='word_1_437' title='bbox 1514 5185 1542 5234; x_wconf 88' lang='lat' dir='ltr'><em>ct</em></span> <span class='ocrx_word' id='word_1_438' title='bbox 1569 5190 1634 5234; x_wconf 91' lang='lat' dir='ltr'><em>cum</em></span> <span class='ocrx_word' id='word_1_439' title='bbox 1662 5181 1752 5231; x_wconf 88' lang='lat' dir='ltr'><em>morte</em></span> <span class='ocrx_word' id='word_1_440' title='bbox 1773 5173 1836 5242; x_wconf 75' lang='lat' dir='ltr'><em>eius</em></span> 
     </span>
    </p>
   </div>
   <div class='ocr_carea' id='block_1_25' title="bbox 122 5245 1837 5413">
    <p class='ocr_par' dir='ltr' id='par_1_25' title="bbox 122 5245 1837 5413">
     <span class='ocr_line' id='line_1_46' title="bbox 122 5245 1836 5341; baseline -0.016 -15"><span class='ocrx_word' id='word_1_441' title='bbox 122 5273 204 5338; x_wconf 90' lang='lat' dir='ltr'><em>rimi,</em></span> <span class='ocrx_word' id='word_1_442' title='bbox 220 5272 388 5340; x_wconf 79' lang='lat' dir='ltr'><em>deonorum</em></span> <span class='ocrx_word' id='word_1_443' title='bbox 406 5272 543 5341; x_wconf 76' lang='lat' dir='ltr'><em>marryrio</em></span> <span class='ocrx_word' id='word_1_444' title='bbox 556 5273 652 5328; x_wconf 80' lang='lat' dir='ltr'><em>caeteri</em></span> <span class='ocrx_word' id='word_1_445' title='bbox 668 5269 847 5327; x_wconf 81' lang='lat' dir='ltr'><em>consessores</em></span> <span class='ocrx_word' id='word_1_446' title='bbox 859 5283 955 5324; x_wconf 86' lang='lat' dir='ltr'><em>carca-</em></span> <span class='ocrx_word' id='word_1_447' title='bbox 1010 5277 1086 5320; x_wconf 88' lang='lat' dir='ltr'><em>anno</em></span> <span class='ocrx_word' id='word_1_448' title='bbox 1117 5257 1168 5315; x_wconf 89' lang='lat' dir='ltr'><em>l80</em></span> <span class='ocrx_word' id='word_1_449' title='bbox 1196 5258 1289 5338; x_wconf 32' lang='lat' dir='ltr'><em>tinem,</em></span> <span class='ocrx_word' id='word_1_450' title='bbox 1313 5255 1433 5324; x_wconf 82' lang='lat' dir='ltr'><em>accepit,</em></span> <span class='ocrx_word' id='word_1_451' title='bbox 1454 5251 1591 5338; x_wconf 29' lang='lat' dir='ltr'><em>&#39;Pothino</em></span> <span class='ocrx_word' id='word_1_452' title='bbox 1626 5248 1654 5303; x_wconf 92' lang='lat' dir='ltr'><em>in</em></span> <span class='ocrx_word' id='word_1_453' title='bbox 1686 5245 1752 5301; x_wconf 85' lang='lat' dir='ltr'><em>sede</em></span> <span class='ocrx_word' id='word_1_454' title='bbox 1771 5245 1836 5327; x_wconf 81' lang='lat' dir='ltr'><em>¹Lu·</em></span> 
     </span>
     <span class='ocr_line' id='line_1_47' title="bbox 122 5315 1837 5413; baseline -0.002 -15"><span class='ocrx_word' id='word_1_455' title='bbox 122 5343 208 5398; x_wconf 90' lang='lat' dir='ltr'><em>ribos</em></span> <span class='ocrx_word' id='word_1_456' title='bbox 230 5343 337 5396; x_wconf 87' lang='lat' dir='ltr'><em>inclusi</em></span> <span class='ocrx_word' id='word_1_457' title='bbox 354 5344 387 5398; x_wconf 91' lang='lat' dir='ltr'><em>ad</em></span> <span class='ocrx_word' id='word_1_458' title='bbox 406 5344 547 5398; x_wconf 76' lang='lat' dir='ltr'><em>Ecclesiae</em></span> <span class='ocrx_word' id='word_1_459' title='bbox 561 5345 635 5399; x_wconf 78' lang='lat' dir='ltr'><em>hsta</em></span> <span class='ocrx_word' id='word_1_460' title='bbox 653 5350 681 5397; x_wconf 87' lang='lat' dir='ltr'><em>et</em></span> <span class='ocrx_word' id='word_1_461' title='bbox 697 5343 825 5413; x_wconf 74' lang='lat' dir='ltr'><em>Phrygius</em></span> <span class='ocrx_word' id='word_1_462' title='bbox 842 5342 953 5395; x_wconf 86' lang='lat' dir='ltr'><em>retute-</em></span> <span class='ocrx_word' id='word_1_463' title='bbox 1011 5334 1152 5407; x_wconf 70' lang='lat' dir='ltr'><em>aslonensi</em></span> <span class='ocrx_word' id='word_1_464' title='bbox 1165 5341 1349 5389; x_wconf 81' lang='lat' dir='ltr'><em>successisse,</em></span> <span class='ocrx_word' id='word_1_465' title='bbox 1372 5339 1434 5381; x_wconf 78' lang='lat' dir='ltr'><em>curn</em></span> <span class='ocrx_word' id='word_1_466' title='bbox 1450 5337 1507 5393; x_wconf 71' lang='lat' dir='ltr'>1²¹¹ss</span> <span class='ocrx_word' id='word_1_467' title='bbox 1523 5328 1634 5377; x_wconf 71' lang='lat'>³⁰¹0³³</span> <span class='ocrx_word' id='word_1_468' title='bbox 1661 5315 1837 5387; x_wconf 54' lang='lat' dir='ltr'><em>¹¹¹⁸anss</em></span> 
     </span>
    </p>
   </div>
   <div class='ocr_carea' id='block_1_26' title="bbox 120 5388 1855 5911">
    <p class='ocr_par' dir='ltr' id='par_1_26' title="bbox 120 5388 1855 5911">
     <span class='ocr_line' id='line_1_48' title="bbox 121 5388 1839 5485; baseline -0.017 -14"><span class='ocrx_word' id='word_1_469' title='bbox 121 5422 202 5471; x_wconf 86' lang='lat' dir='ltr'><em>runt.</em></span> <span class='ocrx_word' id='word_1_470' title='bbox 234 5415 334 5467; x_wconf 84' lang='lat' dir='ltr'><em>Exstat</em></span> <span class='ocrx_word' id='word_1_471' title='bbox 357 5428 388 5468; x_wconf 89' lang='lat' dir='ltr'><em>ea</em></span> <span class='ocrx_word' id='word_1_472' title='bbox 417 5414 452 5469; x_wconf 87' lang='lat' dir='ltr'><em>de</em></span> <span class='ocrx_word' id='word_1_473' title='bbox 478 5428 507 5468; x_wconf 90' lang='lat' dir='ltr'><em>re</em></span> <span class='ocrx_word' id='word_1_474' title='bbox 535 5421 689 5485; x_wconf 63' lang='lat' dir='ltr'><em>martyrum</em></span> <span class='ocrx_word' id='word_1_475' title='bbox 718 5412 952 5483; x_wconf 79' lang='lat' dir='ltr'><em>Lugdunensium</em></span> <span class='ocrx_word' id='word_1_476' title='bbox 1013 5400 1253 5477; x_wconf 73' lang='lat' dir='ltr'><em>Lugdunensibus</em></span> <span class='ocrx_word' id='word_1_477' title='bbox 1270 5399 1383 5452; x_wconf 77' lang='lat' dir='ltr'><em>lionam</em></span> <span class='ocrx_word' id='word_1_478' title='bbox 1412 5397 1518 5450; x_wconf 86' lang='lat' dir='ltr'><em>missus</em></span> <span class='ocrx_word' id='word_1_479' title='bbox 1533 5391 1637 5447; x_wconf 86' lang='lat' dir='ltr'><em>inisset</em></span> <span class='ocrx_word' id='word_1_480' title='bbox 1653 5389 1687 5444; x_wconf 88' lang='lat' dir='ltr'><em>nd</em></span> <span class='ocrx_word' id='word_1_481' title='bbox 1707 5388 1839 5443; x_wconf 88' lang='lat' dir='ltr'><em>Eleuthe-</em></span> 
     </span>
     <span class='ocr_line' id='line_1_49' title="bbox 121 5464 1837 5556; baseline -0.017 -13"><span class='ocrx_word' id='word_1_482' title='bbox 121 5484 246 5556; x_wconf 85' lang='lat' dir='ltr'><em>epistolu</em></span> <span class='ocrx_word' id='word_1_483' title='bbox 267 5485 343 5554; x_wconf 86' lang='lat' dir='ltr'><em>apud</em></span> <span class='ocrx_word' id='word_1_484' title='bbox 360 5486 514 5542; x_wconf 78' lang='lat' dir='ltr'><em>Eusebium</em></span> <span class='ocrx_word' id='word_1_485' title='bbox 532 5486 582 5540; x_wconf 91' lang='lat' dir='ltr'><em>tib.</em></span> <span class='ocrx_word' id='word_1_486' title='bbox 600 5501 624 5549; x_wconf 80' lang='lat' dir='ltr'><em>v,</em></span> <span class='ocrx_word' id='word_1_487' title='bbox 650 5498 710 5553; x_wconf 88' lang='lat' dir='ltr'><em>cap.</em></span> <span class='ocrx_word' id='word_1_488' title='bbox 727 5483 754 5548; x_wconf 73' lang='lat' dir='ltr'><em>i,</em></span> <span class='ocrx_word' id='word_1_489' title='bbox 773 5485 801 5537; x_wconf 93' lang='lat' dir='ltr'><em>in</em></span> <span class='ocrx_word' id='word_1_490' title='bbox 824 5496 880 5552; x_wconf 85' lang='lat' dir='ltr'><em>qna</em></span> <span class='ocrx_word' id='word_1_491' title='bbox 896 5483 952 5538; x_wconf 88' lang='lat' dir='ltr'><em>Po·</em></span> <span class='ocrx_word' id='word_1_492' title='bbox 1011 5481 1088 5534; x_wconf 91' lang='lat' dir='ltr'><em>rium</em></span> <span class='ocrx_word' id='word_1_493' title='bbox 1117 5486 1226 5545; x_wconf 63' lang='lat' dir='ltr'><em>stirpam.</em></span> <span class='ocrx_word' id='word_1_494' title='bbox 1253 5476 1286 5525; x_wconf 89' lang='lat' dir='ltr'><em>ut</em></span> <span class='ocrx_word' id='word_1_495' title='bbox 1315 5474 1391 5538; x_wconf 83' lang='lat' dir='ltr'><em>patet</em></span> <span class='ocrx_word' id='word_1_496' title='bbox 1417 5480 1450 5548; x_wconf 74' lang='lat' dir='ltr'><em>err</em></span> <span class='ocrx_word' id='word_1_497' title='bbox 1477 5464 1643 5547; x_wconf 82' lang='lat' dir='ltr'><em>eorumdem</em></span> <span class='ocrx_word' id='word_1_498' title='bbox 1681 5468 1837 5540; x_wconf 79' lang='lat' dir='ltr'><em>martyrum</em></span> 
     </span>
     <span class='ocr_line' id='line_1_50' title="bbox 121 5528 1838 5626; baseline -0.016 -13"><span class='ocrx_word' id='word_1_499' title='bbox 121 5559 237 5613; x_wconf 88' lang='lat' dir='ltr'><em>thinnrn</em></span> <span class='ocrx_word' id='word_1_500' title='bbox 256 5570 343 5625; x_wconf 92' lang='lat' dir='ltr'><em>prope</em></span> <span class='ocrx_word' id='word_1_501' title='bbox 359 5558 584 5626; x_wconf 70' lang='lat' dir='ltr'><em>rtorragerturiam</em></span> <span class='ocrx_word' id='word_1_502' title='bbox 600 5552 866 5611; x_wconf 86' lang='lat' dir='ltr'><em>diriscrnciutibus</em></span> <span class='ocrx_word' id='word_1_503' title='bbox 879 5567 949 5608; x_wconf 86' lang='lat' dir='ltr'><em>ene·</em></span> <span class='ocrx_word' id='word_1_504' title='bbox 1010 5549 1129 5612; x_wconf 86' lang='lat' dir='ltr'><em>litteris,</em></span> <span class='ocrx_word' id='word_1_505' title='bbox 1147 5558 1219 5616; x_wconf 85' lang='lat' dir='ltr'><em>qttas</em></span> <span class='ocrx_word' id='word_1_506' title='bbox 1238 5539 1324 5597; x_wconf 90' lang='lat' dir='ltr'><em>reiert</em></span> <span class='ocrx_word' id='word_1_507' title='bbox 1346 5538 1487 5595; x_wconf 80' lang='lat' dir='ltr'><em>Eusebius</em></span> <span class='ocrx_word' id='word_1_508' title='bbox 1509 5535 1585 5618; x_wconf 77' lang='lat' dir='ltr'><em>trbro</em></span> <span class='ocrx_word' id='word_1_509' title='bbox 1608 5549 1633 5597; x_wconf 82' lang='lat' dir='ltr'><em>v,</em></span> <span class='ocrx_word' id='word_1_510' title='bbox 1658 5545 1720 5613; x_wconf 82' lang='lat' dir='ltr'><em>cap.</em></span> <span class='ocrx_word' id='word_1_511' title='bbox 1745 5528 1771 5595; x_wconf 77' lang='lat' dir='ltr'><em>t,</em></span> <span class='ocrx_word' id='word_1_512' title='bbox 1788 5529 1838 5586; x_wconf 85' lang='lat' dir='ltr'><em>ubi</em></span> 
     </span>
     <span class='ocr_line' id='line_1_51' title="bbox 120 5603 1838 5696; baseline -0.017 -12"><span class='ocrx_word' id='word_1_513' title='bbox 120 5627 326 5684; x_wconf 72' lang='lat' dir='ltr'><em>conualuisse</em></span> <span class='ocrx_word' id='word_1_514' title='bbox 351 5629 519 5696; x_wconf 64' lang='lat' dir='ltr'><em>perhibent,</em></span> <span class='ocrx_word' id='word_1_515' title='bbox 536 5632 563 5681; x_wconf 92' lang='lat' dir='ltr'><em>et</em></span> <span class='ocrx_word' id='word_1_516' title='bbox 575 5627 656 5681; x_wconf 75' lang='lat' dir='ltr'><em>suddit</em></span> <span class='ocrx_word' id='word_1_517' title='bbox 673 5625 814 5679; x_wconf 86' lang='lat' dir='ltr'><em>Eusebius</em></span> <span class='ocrx_word' id='word_1_518' title='bbox 829 5637 890 5693; x_wconf 86' lang='lat' dir='ltr'><em>cap.</em></span> <span class='ocrx_word' id='word_1_519' title='bbox 911 5623 948 5679; x_wconf 79' lang='lat'><em>5:</em></span> <span class='ocrx_word' id='word_1_520' title='bbox 1010 5625 1141 5683; x_wconf 79' lang='lat' dir='ltr'><em>testatur,</em></span> <span class='ocrx_word' id='word_1_521' title='bbox 1169 5618 1306 5670; x_wconf 84' lang='lat' dir='ltr'><em>lrenaeum</em></span> <span class='ocrx_word' id='word_1_522' title='bbox 1333 5610 1459 5667; x_wconf 90' lang='lat' dir='ltr'><em>nondum</em></span> <span class='ocrx_word' id='word_1_523' title='bbox 1480 5619 1648 5689; x_wconf 83' lang='lat' dir='ltr'><em>episcopum</em></span> <span class='ocrx_word' id='word_1_524' title='bbox 1672 5603 1773 5669; x_wconf 78' lang='lat' dir='ltr'><em>tuisse,</em></span> <span class='ocrx_word' id='word_1_525' title='bbox 1790 5603 1838 5684; x_wconf 81' lang='lat' dir='ltr'><em>sed</em></span> 
     </span>
     <span class='ocr_line' id='line_1_52' title="bbox 123 5674 1840 5769; baseline -0.016 -16"><span class='ocrx_word' id='word_1_526' title='bbox 123 5721 137 5753; x_wconf 72' lang='lat' dir='ltr'><em>a</em></span> <span class='ocrx_word' id='word_1_527' title='bbox 160 5702 253 5769; x_wconf 82' lang='lat' dir='ltr'><em>igitur</em></span> <span class='ocrx_word' id='word_1_528' title='bbox 266 5713 332 5754; x_wconf 89' lang='lat' dir='ltr'><em>cum</em></span> <span class='ocrx_word' id='word_1_529' title='bbox 349 5701 489 5754; x_wconf 83' lang='lat' dir='ltr'><em>Pothinus</em></span> <span class='ocrx_word' id='word_1_530' title='bbox 504 5698 668 5764; x_wconf 88' lang='lat' dir='ltr'><em>(Photinam</em></span> <span class='ocrx_word' id='word_1_531' title='bbox 684 5696 736 5751; x_wconf 89' lang='lat' dir='ltr'><em>alii</em></span> <span class='ocrx_word' id='word_1_532' title='bbox 754 5696 825 5750; x_wconf 84' lang='lat' dir='ltr'><em>mate</em></span> <span class='ocrx_word' id='word_1_533' title='bbox 841 5697 953 5768; x_wconf 72' lang='lat' dir='ltr'><em>tegunt}</em></span> <span class='ocrx_word' id='word_1_534' title='bbox 1011 5692 1103 5747; x_wconf 90' lang='lat' dir='ltr'><em>sotum</em></span> <span class='ocrx_word' id='word_1_535' title='bbox 1127 5687 1333 5769; x_wconf 71' lang='lat' dir='ltr'><em>presbyterum,</em></span> <span class='ocrx_word' id='word_1_536' title='bbox 1360 5684 1427 5739; x_wconf 89' lang='lat' dir='ltr'><em>dum</em></span> <span class='ocrx_word' id='word_1_537' title='bbox 1444 5694 1460 5735; x_wconf 83' lang='lat' dir='ltr'><em>a</em></span> <span class='ocrx_word' id='word_1_538' title='bbox 1476 5676 1651 5763; x_wconf 75' lang='lat' dir='ltr'><em>martyribus</em></span> <span class='ocrx_word' id='word_1_539' title='bbox 1673 5674 1840 5763; x_wconf 72' lang='lat' dir='ltr'><em>Eleutherio</em></span> 
     </span>
     <span class='ocr_line' id='line_1_53' title="bbox 121 5744 1839 5841; baseline -0.01 -15"><span class='ocrx_word' id='word_1_540' title='bbox 121 5785 200 5827; x_wconf 88' lang='lat' dir='ltr'><em>anno</em></span> <span class='ocrx_word' id='word_1_541' title='bbox 220 5770 510 5841; x_wconf 75' lang='lat' dir='ltr'><em>amristtunagesimo</em></span> <span class='ocrx_word' id='word_1_542' title='bbox 526 5783 580 5823; x_wconf 84' lang='lat' dir='ltr'><em>urta</em></span> <span class='ocrx_word' id='word_1_543' title='bbox 595 5782 659 5824; x_wconf 89' lang='lat' dir='ltr'><em>cnm</em></span> <span class='ocrx_word' id='word_1_544' title='bbox 674 5768 833 5824; x_wconf 72' lang='lat' dir='ltr'><em>Gallicanis</em></span> <span class='ocrx_word' id='word_1_545' title='bbox 849 5776 951 5822; x_wconf 84' lang='lat' dir='ltr'><em>murtr-</em></span> <span class='ocrx_word' id='word_1_546' title='bbox 1010 5762 1226 5819; x_wconf 77' lang='lat' dir='ltr'><em>commeritum</em></span> <span class='ocrx_word' id='word_1_547' title='bbox 1238 5759 1307 5815; x_wconf 82' lang='lat' dir='ltr'><em>tuit.</em></span> <span class='ocrx_word' id='word_1_548' title='bbox 1324 5749 1542 5838; x_wconf 74' lang='lat' dir='ltr'><em>VerbnEusebn</em></span> <span class='ocrx_word' id='word_1_549' title='bbox 1556 5757 1644 5810; x_wconf 69' lang='lat' dir='ltr'><em>suni:</em></span> <span class='ocrx_word' id='word_1_550' title='bbox 1658 5767 1671 5799; x_wconf 80' lang='lat' dir='ltr'><em>o</em></span> <span class='ocrx_word' id='word_1_551' title='bbox 1686 5747 1738 5802; x_wconf 70' lang='lat' dir='ltr'><em>bed</em></span> <span class='ocrx_word' id='word_1_552' title='bbox 1751 5744 1839 5799; x_wconf 66' lang='lat' dir='ltr'><em>iidem</em></span> 
     </span>
     <span class='ocr_line' id='line_1_54' title="bbox 122 5817 1855 5911; baseline -0.014 -12"><span class='ocrx_word' id='word_1_553' title='bbox 122 5843 207 5900; x_wconf 91' lang='lat' dir='ltr'><em>ribus</em></span> <span class='ocrx_word' id='word_1_554' title='bbox 221 5856 314 5898; x_wconf 75' lang='lat' dir='ltr'><em>caesus</em></span> <span class='ocrx_word' id='word_1_555' title='bbox 328 5850 412 5911; x_wconf 87' lang='lat' dir='ltr'><em>esset,</em></span> <span class='ocrx_word' id='word_1_556' title='bbox 429 5842 626 5911; x_wconf 85' lang='lat' dir='ltr'><em>episcopatum</em></span> <span class='ocrx_word' id='word_1_557' title='bbox 641 5841 843 5911; x_wconf 74' lang='lat' dir='ltr'><em>Lugdunensis</em></span> <span class='ocrx_word' id='word_1_558' title='bbox 856 5840 951 5895; x_wconf 84' lang='lat' dir='ltr'><em>Eccle-</em></span> <span class='ocrx_word' id='word_1_559' title='bbox 1010 5840 1150 5906; x_wconf 81' lang='lat' dir='ltr'><em>martyres</em></span> <span class='ocrx_word' id='word_1_560' title='bbox 1170 5835 1319 5895; x_wconf 77' lang='lat' dir='ltr'><em>trunsum,</em></span> <span class='ocrx_word' id='word_1_561' title='bbox 1345 5840 1397 5898; x_wconf 86' lang='lat' dir='ltr'><em>qur</em></span> <span class='ocrx_word' id='word_1_562' title='bbox 1420 5830 1490 5881; x_wconf 87' lang='lat' dir='ltr'><em>tunc</em></span> <span class='ocrx_word' id='word_1_563' title='bbox 1504 5819 1651 5892; x_wconf 55' lang='lat' dir='ltr'><em>tessares</em></span> <span class='ocrx_word' id='word_1_564' title='bbox 1672 5817 1855 5874; x_wconf 46' lang='lat' dir='ltr'><em>abanan&amp;-</em></span> 
     </span>
    </p>
   </div>
   <div class='ocr_carea' id='block_1_27' title="bbox 0 0 1969 6132">
    <p class='ocr_par' dir='ltr' id='par_1_27' title="bbox 0 0 1969 6132">
     <span class='ocr_line' id='line_1_55' title="bbox 0 0 1969 6132; baseline 0 0"><span class='ocrx_word' id='word_1_565' title='bbox 0 0 1969 6132; x_wconf 95' lang='lat' dir='ltr'><em> </em></span> 
     </span>
    </p>
   </div>
  </div>
 </body>
</html>
