3892 6136
123 292 177 357 π
597 296 644 354 DB
661 294 832 354 CHRONOL.
851 294 985 355 PONTIF.
1005 295 1136 367 dmin.
1153 297 1197 354 Er
1215 295 1357 361 (tonsol.
1775 308 1830 372 386

119 417 244 476 emicare
252 415 429 487 rumestatem
439 418 687 493 dignitatisrcgiae
697 420 833 493 usquead
850 423 948 477 extre-
962 422 1096 490 Atndini
1108 425 1393 495 praeireattendimus
1406 440 1512 485 morem
1523 431 1828 495 nondissimilemEc-

118 520 165 564 ma
192 511 321 576 tempora
347 520 545 564 successorum
574 509 706 581 daronis,
735 510 810 565 intra
833 510 944 566 eosdem
1003 511 1098 569 etesiae
1112 514 1246 584 iudaicae,
1270 515 1423 572 collectum
1443 530 1479 574 ex
1499 518 1826 596 Annalibusatosepbo

117 609 209 654 annos
221 594 436 668 quinquaginta
449 611 599 667 supremos
611 598 720 655 Christi
731 598 879 655 veritatem
895 612 946 656 sua
1002 601 1129 670 eiusdem
1142 603 1296 675 sacerdote,
1310 608 1396 676 atque
1410 605 1549 664 bistoricc
1562 608 1616 665 sub
1628 611 1690 680 ipsa
1700 617 1827 684 tempora

120 685 213 758 dgura
227 685 426 759 enuntiantes,
445 691 477 744 ut
490 693 602 744 constet
620 689 780 759 Hyrcanum
803 702 945 745 summum
1002 691 1207 761 apostolorum.
1231 695 1257 748 ls
1279 694 1355 749 enim
1379 696 1515 766 epocbam
1538 698 1731 768 pontificalem
1752 703 1828 774 ilyr-

119 774 295 847 pontiilcem,
316 775 386 832 licet
406 777 551 847 captivum
573 790 589 833 a
610 777 724 835 Parthis
753 779 910 849 detentum,
930 790 947 833 a
1001 780 1109 837 caniad
1118 794 1160 850 ca,
1171 782 1380 854 quaediximus,
1393 791 1520 856 tempora
1530 789 1703 856 pertinentis
1713 791 1752 847 ita
1763 805 1828 850 con·

119 864 225 921 lndaeis
237 869 333 921 tamen
348 865 378 920 in
390 865 488 922 eadem
503 867 669 936 captivitate
681 880 747 924 cum
762 867 813 924 illc
827 879 948 924 versan-
1001 869 1097 941 signat
1110 884 1159 940 per
1170 871 1338 929 consulatus
1349 873 1479 930 historiae
1490 890 1549 932 suae
1560 876 1612 932 lib.
1626 893 1701 951 xrrrr,
1714 894 1776 952 cap.
1790 879 1802 937 l
1818 901 1825 939 :

119 954 198 1011 tibus
209 954 257 1012 cis
270 960 300 1010 et
321 954 399 1011 ultra
420 955 605 1029 Euphratem,
629 969 684 1014 non
708 970 793 1014 secum
816 955 946 1013 babitnm
1002 958 1068 1014 Cum
1077 962 1163 1028 ipitur
1171 964 1358 1033 pontificatum
1369 967 1514 1035 accepisset
1525 968 1672 1036 llyrcouus
1682 985 1756 1026 anuo
1767 976 1828 1028 ter-

117 1041 217 1116 inisse,
233 1057 322 1116 quarn
336 1057 440 1117 regem,
454 1051 488 1101 ut
498 1045 621 1102 historia
632 1047 749 1118 losepbi
763 1046 870 1103 diserte
885 1059 949 1102 ιιιθ-
1001 1051 1038 1103 tio
1047 1052 1174 1121 septima,
1187 1068 1220 1107 uc
1231 1056 1435 1123 septuagesima
1444 1070 1530 1126 supro
1542 1059 1714 1114 centesimum
1729 1061 1828 1132 Olym-

119 1141 206 1190 norat
224 1133 304 1190 libro
316 1147 354 1189 xv
365 1133 524 1207 antiquit,
540 1148 602 1205 cap.
619 1132 631 1190 l
647 1142 676 1192 et
689 1134 717 1206 E,
735 1136 764 1192 in
781 1134 833 1192 bac
849 1139 947 1192 nostra
998 1138 1103 1210 piudis,
1121 1139 1152 1205 Q.
1172 1141 1327 1205 Hortensio,
1349 1142 1380 1208 0.
1400 1143 1505 1198 llctcllc
1531 1144 1632 1202 Cretico
1652 1149 1826 1218 consulibus,

119 1222 311 1296 chronologia
330 1223 459 1280 indicato
477 1224 511 1281 ad
529 1236 636 1281 annum
656 1224 764 1282 Christi
782 1222 827 1281 38.
849 1226 949 1282 Lucu·
1001 1232 1095 1285 statim
1111 1230 1210 1285 bellum
1228 1233 1460 1288 contristabatur
1480 1235 1586 1291 intulit.

119 1312 948 1384 lentinsautemapparetexluribusactitulisetbnarcbae
1037 1320 1139 1377 Nescio
1157 1334 1193 1377 an
1216 1321 1263 1377 bis
1287 1323 1462 1380 attenderint
1481 1326 1656 1384 recentiores
1680 1327 1725 1384 illl
1748 1329 1827 1386 scri-

118 1403 191 1458 inter
212 1414 297 1474 snos,
317 1405 348 1458 et
367 1399 494 1473 loederis,
514 1415 547 1458 ac
566 1402 714 1460 societatis
736 1416 801 1458 cum
822 1403 947 1460 Romana
1002 1411 1107 1478 ptores,
1122 1410 1172 1480 qui
1190 1409 1339 1483 imaginati
1351 1417 1420 1468 sunt
1433 1414 1585 1471 consulum
1598 1417 1716 1474 nomina
1728 1421 1827 1488 poste-

117 1490 267 1560 republica
280 1490 339 1562 ipsi
353 1492 498 1548 concessis
511 1496 570 1548 tum
583 1505 600 1548 a
612 1497 723 1563 senatu,
739 1492 947 1548 tumaCaesare
1001 1497 1131 1554 rioribus
1152 1501 1232 1556 curis
1254 1501 1362 1570 adjecta
1385 1499 1476 1559 luisse
1498 1504 1637 1578 catalogis
1657 1507 1826 1576 ponttdcum

117 1580 270 1652 dictatore,
295 1580 396 1637 relatis
409 1581 443 1637 ad
460 1593 567 1636 annum
589 1587 655 1637 ante
668 1593 753 1637 aeram
773 1581 883 1638 Cbristi
898 1579 944 1652 ts,
1001 1589 1216 1645 Romanorum:
1234 1590 1343 1662 quibus
1368 1590 1493 1648 indicavi
1515 1593 1546 1648 in
1567 1594 1735 1664 prelatione
1755 1595 1824 1653 toml

118 1682 149 1726 ex
159 1670 261 1726 eodem
276 1670 418 1740 Josepbo:
433 1671 473 1726 ita
486 1676 519 1726 ut
531 1668 660 1741 pontifex
674 1671 816 1728 maximus
829 1671 946 1728 ludaeo-
1001 1676 1099 1747 primi,
1121 1691 1170 1749 per
1186 1683 1310 1749 quatuor
1326 1680 1422 1748 priora
1438 1682 1543 1736 saecula
1557 1695 1621 1737 arae
1642 1683 1825 1758 Cbristianae,

117 1773 177 1816 rum
189 1765 335 1830 potestate
345 1761 489 1816 sociorum
503 1761 608 1831 populo
618 1761 737 1817 Romani
750 1774 847 1833 regum
861 1759 944 1832 plane
959 1771 985 1835 Β
1000 1766 1087 1822 etiam
1101 1768 1242 1823 Romanos
1256 1768 1427 1839 consignare
1440 1771 1624 1826 consuevisse
1638 1771 1761 1842 epocbas
1775 1786 1827 1829 sa-

117 1848 245 1920 pclieret,
265 1850 406 1922 usquead
423 1849 564 1921 praefinita
580 1852 707 1921 tempora
718 1863 767 1920 per
778 1850 943 1922 propbetas,
999 1855 1146 1911 cerdotum
1166 1856 1197 1911 iu
1216 1870 1268 1913 sua
1288 1854 1410 1928 collegia
1426 1863 1634 1928 cooptatorum,
1656 1861 1773 1930 perinde
1792 1873 1826 1918 ac

117 1938 231 2009 quando
252 1939 291 1995 ad
312 1939 450 1996 ilerodem
469 1938 661 2012 alienigenam
684 1940 823 1996 translato
845 1952 942 2011 regno,
998 1944 1138 2013 toscpbus
1150 1944 1180 2000 in
1195 1944 1269 2001 Urbe
1283 1945 1413 2002 scribens
1429 1946 1514 2002 initia
1530 1947 1651 2018 Hyrcani
1666 1949 1822 2006 distinxit:

119 2028 167 2085 boc
185 2030 288 2099 ipsum
309 2028 452 2086 indicium
471 2027 579 2085 Christi
599 2029 779 2085 advenientis
803 2028 944 2085 edendm
1000 2032 1050 2103 qui
1072 2032 1143 2088 alibi
1165 2047 1280 2105 quoque
1301 2034 1466 2092 dinumerat
1488 2037 1685 2093 successiones
1706 2038 1826 2110 integrae

120 2123 183 2174 erat.
198 2117 345 2189 Perpendi
357 2118 443 2175 velim
457 2132 490 2175 ea
499 2118 751 2189 y‘nray'udiciorum
768 2119 862 2190 gentis
873 2131 943 2189 suae,
1000 2121 1086 2178 seriei
1101 2137 1278 2181 summorum
1299 2125 1479 2196 pontiacum,
1494 2129 1522 2181 et
1536 2138 1627 2183 annos
1640 2126 1825 2198 singulorum

121 2206 308 2279 tributorum,
318 2208 505 2279 decimarum,
517 2208 711 2266 successionis
722 2209 849 2279 llyrcano
862 2220 946 2264 sum·
1000 2226 1092 2283 usqne
1106 2215 1139 2270 ad
1154 2214 1299 2271 excidium
1315 2215 1426 2286 templi,
1442 2222 1471 2271 et
1484 2214 1687 2286 Hierosolyma
1699 2214 1754 2272 sub
1767 2216 1826 2273 Ve-

120 2310 159 2353 no
177 2296 330 2369 pontiflci,
350 2308 383 2353 ac
403 2296 506 2354 liberis
526 2299 589 2369 ejus
611 2298 642 2354 in
661 2296 805 2368 Capitolio
823 2301 941 2368 asserta,
998 2303 1142 2372 spasiano.
1153 2304 1316 2360 Mirandum
1330 2305 1428 2374 potins
1439 2303 1521 2374 loret,
1533 2304 1558 2359 si
1572 2302 1624 2360 boc
1637 2317 1693 2360 non
1708 2304 1826 2374 prasti-

116 2388 261 2459 aeneisqnc
276 2385 388 2445 tabulis
403 2392 462 2444 tum
474 2388 504 2444 in
516 2387 588 2444 Urbe
598 2388 728 2445 omnium
738 2387 865 2457 domina,
882 2393 942 2443 tum
1000 2391 1103 2447 tissent
1119 2393 1229 2463 priores
1245 2392 1289 2449 illi
1301 2392 1497 2464 apostolorum
1511 2392 1663 2463 discipuli,
1677 2394 1825 2463 quiPetrn

116 2478 143 2534 in
162 2477 285 2535 duabus
303 2477 341 2534 ab
369 2478 422 2534 bac
443 2479 585 2551 dignitate
609 2478 750 2549 proximis
773 2478 942 2534 civitatibus
1004 2486 1031 2538 et
1054 2481 1142 2537 Paulo
1167 2483 1352 2538 convixerant
1376 2482 1480 2551 Romae,
1505 2487 1533 2538 et
1559 2483 1648 2539 ritum
1677 2495 1824 2539 sacrorum

116 2565 340 2639 (Alexandriam
350 2566 642 2638 Egypto,Antiocbia
654 2566 818 2638 inorientc)
830 2565 945 2637 publice
999 2570 1824 2643 scriptorumprobenovcrentannosdiligenterenume-

116 2656 220 2726 positis
234 2659 344 2712 testata
359 2655 483 2712 inveniri
498 2674 505 2711 ι
521 2660 550 2712 et
563 2669 678 2713 causam
698 2657 762 2724 eius
779 2653 944 2711 bonorideae
999 2660 1094 2730 randi,
1106 2673 1121 2715 a
1132 2662 1236 2732 Moyse,
1248 2673 1281 2717 ac
1292 2660 1440 2731 propbetis
1452 2661 1642 2731 insinuatum,
1654 2674 1670 2717 a
1680 2662 1824 2732 Stepbano

115 2745 316 2803 concessionis
341 2759 512 2817 expressam,
544 2746 618 2817 quod
646 2745 793 2817 pontilicis
821 2744 943 2815 ilyrcani
1000 2749 1029 2804 in
1040 2749 1825 2822 concionibusadbibitum,aPauloinepistolisreten-

116 2836 286 2892 auctoritati
310 2841 443 2906 parentes
462 2835 552 2893 tudaei
576 2840 635 2891 tum
659 2834 710 2906 qni
732 2835 762 2890 in
781 2833 942 2904 Palaestina,
999 2843 1071 2910 tum,
1095 2851 1112 2894 a
1133 2841 1206 2898 Luca
1232 2840 1262 2896 in
1285 2839 1439 2911 Evangelio
1462 2848 1615 2910 servatum,
1638 2847 1666 2897 et
1690 2841 1720 2896 in
1743 2841 1824 2898 Actis

117 2928 174 2981 tum
184 2926 238 2998 qni
249 2926 283 2981 in
293 2926 413 2998 AEgypto
424 2924 573 2998 degebant,
585 2925 734 2995 suppetias
744 2924 849 2981 Caesari
863 2923 945 2980 tulis·
998 2927 1204 2998 apostolorum.
1225 2929 1367 2986 videbant
1388 2930 1418 2985 in
1440 2929 1513 2987 Urbe
1532 2928 1696 2999 tosepbum,
1723 2930 1824 3000 paucis

116 3020 177 3070 sent
190 3015 224 3072 in
238 3013 437 3072 Alexandrina
451 3014 613 3072 obsidione.
998 3018 1114 3074 annisa
1130 3019 1266 3090 martyrio
1282 3020 1425 3090 principis
1439 3020 1634 3092 apostolurum
1650 3018 1824 3076 scribentem

148 3103 253 3160 Umitti
269 3104 332 3160 baec
345 3109 422 3161 certe
436 3117 493 3161 ncn
515 3108 647 3174 poterant
661 3103 735 3160 citra
758 3102 943 3174 dispendium
958 3121 982 3185 G
1001 3106 1151 3164 bistoriam
1166 3110 1260 3182 gentis
1271 3125 1341 3182 suae,
1355 3110 1534 3167 sacerdotum
1549 3110 1738 3167 maximorum
1751 3112 1825 3164 aeta-

117 3191 239 3249 luminis
251 3192 321 3249 inde
331 3192 481 3250 obtenturi
495 3193 624 3250 bistoriae
640 3192 799 3273 pontificali
810 3192 944 3249 Ecclesia
1000 3201 1054 3252 tem
1068 3196 1240 3269 singillatim
1252 3196 1357 3254 reterre
1368 3199 1403 3253 ad
1414 3211 1505 3254 annos
1516 3199 1680 3267 principum
1692 3209 1823 3267 suorum,

116 3282 299 3340 Christianae
316 3280 437 3351 Quando
455 3283 531 3339 enim
548 3283 578 3339 in
601 3283 657 3339 ista
683 3282 807 3355 legimus
821 3291 944 3339 erectam
999 3300 1032 3342 ac
1045 3286 1248 3342 Romanorum.
1264 3285 1405 3342 videbant
1420 3285 1450 3340 in
1463 3284 1537 3340 Urbe
1551 3283 1686 3354 quaelibet
1700 3283 1824 3355 collegia

118 3370 208 3431 inisse
231 3372 271 3430 ab
293 3373 490 3444 apostolorum
517 3374 648 3445 principe
671 3374 766 3430 sedern
788 3374 944 3430 Romanam
999 3374 1179 3431 sacerdotum
1195 3374 1334 3444 majorum
1350 3374 1465 3444 signare
1479 3370 1660 3444 consulibus,
1675 3371 1823 3441 ctepocba

118 3463 228 3519 ceteris
249 3462 457 3534 praestituram,
478 3475 589 3534 suoque
612 3464 727 3520 nomine
748 3464 787 3519 ita
809 3462 944 3518 fundatas
1000 3463 1084 3522 Urbis
1102 3465 1226 3522 condito
1249 3465 1445 3535 cooptationcs
1468 3462 1659 3534 singulorum,
1681 3460 1824 3532 quemad-

119 3550 355 3624 dlcxandrinam,
370 3555 399 3608 et
410 3552 628 3623 Antiochenam,
643 3557 676 3608 ut
691 3552 828 3623 proxime
842 3551 945 3624 digni·
999 3554 1114 3612 modum
1131 3559 1264 3610 testatum
1279 3552 1362 3609 nobis
1374 3551 1485 3607 iaciunt
1498 3555 1540 3606 tot
1553 3554 1666 3606 vetusta
1681 3562 1823 3608 marmora

120 3645 174 3697 tate
187 3641 369 3699 baberentur
382 3647 445 3714 post
460 3644 625 3708 itomanam,
641 3643 741 3714 inqua
755 3654 812 3699 una
827 3655 946 3698 succes·
999 3658 1033 3701 ex
1049 3643 1100 3699 illa
1114 3647 1196 3699 aetate
1212 3641 1320 3698 nostris
1336 3641 1431 3697 oculis
1451 3645 1620 3712 proservata
1634 3640 1663 3695 in
1680 3638 1774 3711 lastis,
1792 3641 1823 3698 in

120 3730 235 3788 roribus
256 3731 392 3804 contulit,
408 3738 441 3789 ut
455 3733 611 3789 Ecclesiam
628 3736 758 3804 regerent
780 3732 944 3814 nniversam
999 3731 1190 3799 Kalendariis,
1208 3732 1237 3787 in
1251 3729 1541 3802 Actiscollegiorurn,
1558 3729 1610 3785 bac
1626 3728 1824 3787 nostracbro-

120 3818 201 3892 (guod
221 3820 351 3894 legimus
374 3822 403 3879 ln
426 3822 579 3895 Clemente)
599 3843 608 3897 ς
627 3822 725 3880 statim
750 3823 888 3893 occurrit,
915 3822 945 3878 in
1000 3822 1114 3894 nologia
1129 3835 1203 3891 saepe
1221 3819 1414 3892 producendis
1428 3819 1465 3875 ad
1484 3819 1757 3876 demonstrationem
1770 3833 1825 3877 eo-

121 3911 244 3968 mimo
256 3911 381 3983 ilyrcani
393 3913 554 3969 sacerdotio
569 3913 693 3983 spectari
709 3925 770 3968 eam
786 3915 946 3969 consuetu·
1000 3909 1130 3968 rumdem
1142 3907 1356 3978 consulatuum,
1370 3911 1398 3963 et
1410 3907 1481 3963 certi
1499 3907 1627 3977 ipsorum
1642 3907 1824 3977 temporisac

121 3999 226 4073 dinem,
239 4005 275 4059 nt
285 4000 410 4058 Coloniae
423 4003 551 4060 deductae
565 4015 600 4060 ex
613 4004 719 4074 populo
734 4003 768 4059 ad
783 4015 882 4059 rerum
894 4000 945 4057 Uei
999 3999 1174 4058 documenti.
1200 3998 1315 4069 Stupidi
1341 3997 1545 4069 propemodum
1567 3993 1693 4053 luissent
1717 3995 1824 4052 notarii

123 4088 230 4148 cultum
253 4092 445 4150 exercendum
470 4093 570 4165 electo,
595 4092 756 4150 bierarcbae
779 4104 891 4150 summo
915 4090 945 4147 in
1000 4096 1106 4161 septem
1121 4102 1137 4146 a
1151 4088 1293 4145 Clemente
1306 4086 1447 4157 instituti,
1463 4085 1589 4157 diaconi,
1604 4097 1637 4142 ac
1652 4083 1824 4143 subdiaconi

123 4179 250 4237 omnium
266 4192 415 4239 sacrorum
426 4181 540 4255 legibus
553 4183 594 4239 ita
609 4188 750 4254 parerent.
764 4185 821 4239 Nec
835 4183 946 4254 species
1000 4181 1120 4238 totidem
1138 4192 1155 4235 a
1175 4178 1301 4235 Fabiano
1322 4182 1387 4249 post
1404 4176 1504 4234 duteri
1523 4189 1621 4233 curam
1644 4174 1767 4247 delegati
1788 4173 1824 4230 ad

124 4266 219 4339 dispar
233 4269 410 4328 imitationis
419 4271 587 4331 obversatur
599 4273 696 4330 animo
710 4273 868 4331 attendenti
882 4272 948 4344 pri·
1001 4276 1079 4344 gesta
1095 4274 1251 4342 martyrum
1267 4268 1417 4325 scribenda
1431 4273 1460 4324 et
1477 4267 1638 4339 colligenda
1651 4267 1734 4339 (quos
1750 4265 1825 4322 inter

127 4372 200 4416 num
211 4372 229 4416 c
240 4359 420 4418 Cbristianis
441 4363 665 4434 imperatoribus
678 4364 898 4422 Constantinum
915 4364 946 4420 in
1001 4362 1128 4418 eminent
1139 4360 1283 4432 dignitate
1296 4362 1383 4430 atque
1396 4357 1524 4429 exemplo
1540 4355 1659 4413 Romani
1676 4354 1826 4427 pontifices

127 4447 181 4506 rita
190 4449 324 4508 silvestri
335 4452 425 4525 regiis
434 4454 628 4524 patrimoniis,
640 4459 668 4509 et
680 4454 845 4527 insignibus
855 4453 949 4510 boue·-
963 4479 990 4542 D
1002 4452 1064 4522 elus
1082 4451 1177 4507 atatis
1197 4447 1255 4506 iere
1274 4461 1372 4505 omncs
1394 4448 1532 4520 martyrio
1553 4445 1702 4518 coronati),
1723 4446 1750 4502 si
1767 4450 1825 4502 mm

129 4543 243 4596 mntem
258 4540 355 4612 regale
369 4543 562 4600 sacerdotium
577 4556 656 4600 novae
677 4541 749 4614 legis
770 4543 801 4599 in
822 4543 947 4599 maximo
1001 4539 1117 4610 celebri,
1142 4544 1198 4596 tam
1219 4537 1375 4609 communi,
1399 4542 1455 4594 tam
1478 4535 1604 4607 probatae
1620 4533 1825 4591 consuetudini

130 4626 250 4695 ciusdem
265 4629 412 4702 pontiilce,
428 4643 461 4688 ac
476 4632 602 4689 Romana
623 4632 689 4688 sede
706 4631 792 4702 buius
807 4631 924 4703 propria
938 4649 945 4704 3
1003 4629 1059 4701 ipsi
1072 4625 1448 4686 tantummododeluissent.
1461 4627 1565 4682 Verum
1576 4636 1611 4680 nc
1622 4621 1784 4679 relabamur
1795 4621 1826 4678 in

131 4717 462 4791 tunvideatabimperii
473 4722 592 4778 Romani
605 4720 833 4791 institutoribus,
845 4720 948 4792 primis
1002 4720 1172 4777 documenta
1197 4714 1390 4789 cbrcnolcgiae
1418 4713 1573 4786 pontificiae
1595 4716 1639 4769 tot
1662 4710 1826 4768 rationibus

132 4802 794 4882 lolio,etdugusto,ilcetetbnieisprincipibus,
801 4823 946 4884 concessa,
1000 4810 1059 4880 iam
1073 4813 1199 4879 assertae,
1214 4806 1409 4863 convertimus
1428 4805 1463 4862 ad
1482 4804 1612 4861 bistoriae
1630 4801 1825 4874 probationes,

134 4898 541 4972 Ummiumludiciorum,
551 4901 738 4973 decimarum,
751 4913 784 4956 ac
797 4901 948 4972 principa·
1001 4910 1036 4954 ex
1047 4898 1151 4956 iisdem
1166 4897 1250 4953 annis
1269 4894 1482 4968 quinquaginta
1496 4893 1531 4950 de
1546 4890 1692 4950 industria
1708 4902 1757 4962 per
1773 4901 1826 4947 nos

135 4991 176 5042 tus
186 4987 216 5043 in
232 4994 344 5061 gentem
356 5003 437 5047 snam
450 4990 612 5048 iudeorum
625 4990 759 5047 Ecclesia
774 4990 947 5047 moderatori
1001 4988 1146 5046 collectas.

135 5088 246 5148 mnne,
268 5083 298 5135 et
318 5080 411 5138 totins
431 5081 552 5139 levitici
574 5080 688 5139 ordinis
704 5080 863 5138 bierarcbac
884 5092 949 5138 ma·
1038 5076 1140 5151 Negari
1150 5087 1329 5148 nequaquam
1338 5077 1440 5146 potest,
1451 5071 1522 5145 quin
1532 5071 1578 5128 bis
1588 5085 1662 5145 quae,
1674 5072 1709 5129 de
1719 5072 1823 5143 primo,

134 5165 213 5224 rinc.
1002 5174 1032 5226 et
1049 5168 1139 5225 altero
1158 5168 1282 5224 adventu
1301 5163 1445 5236 principis
1462 5162 1657 5234 apostolorum
1679 5163 1709 5219 ln
1725 5161 1827 5218 Urbem

163 5255 317 5315 Observare
347 5273 463 5332 quoque
487 5263 579 5333 Juvat,
610 5262 641 5319 in
672 5261 812 5335 catalogis
841 5261 950 5318 nostris
1003 5259 1123 5331 eSyria,
1138 5272 1172 5315 ac
1183 5258 1219 5314 dc
1235 5255 1359 5314 consilio
1371 5254 1513 5311 cathedrae
1523 5253 1630 5313 summi
1644 5250 1827 5325 pontificatus

134 5346 351 5417 pemmatibus,
369 5351 445 5407 unde
454 5352 520 5408 ritae
534 5351 675 5425 originem
689 5354 817 5423 trabunt,
832 5350 949 5408 exordia
1005 5348 1053 5405 bic
1063 5347 1220 5405 statuendae
1233 5346 1277 5402 illi
1289 5345 1433 5403 divinitus
1445 5345 1596 5417 inspirato,
1610 5339 1762 5414 perfecisse
1772 5343 1827 5397 tra-

133 5436 294 5503 pontidcum
307 5441 473 5512 consignari
485 5456 535 5513 per
544 5442 721 5514 consulatus,
734 5455 880 5513 annosque
890 5455 949 5497 nn·
1003 5441 1085 5497 ditur
1106 5438 1231 5497 sectione
1251 5437 1352 5510 prima,
1374 5437 1448 5493 viam
1469 5431 1678 5508 quodammodo
1699 5435 1830 5488 sternant

132 5529 229 5586 nemci
241 5530 409 5588 eorumdem
426 5533 592 5602 pontibcum
612 5534 698 5590 etiam
715 5547 763 5603 per
779 5533 838 5588 baec
853 5532 950 5601 priora
1004 5536 1093 5606 gesta,
1107 5543 1170 5601 quae
1180 5520 1771 5599 pertinentadannumanterristiaeram
1779 5516 1823 5591 lb,

130 5618 637 5688 ominorsaecalaaerccbristlanae.
650 5621 812 5680 Euicenim
822 5634 948 5681 consue-
1005 5621 1119 5699 quando
1128 5617 1423 5690 cousulmdntonius,
1437 5629 1470 5674 ac
1479 5611 1623 5673 bolebeba
1633 5616 1826 5685 postmortem
