3892 6136
116 241 186 302 ldis

115 437 296 561 deffiffisn
309 536 343 545 —
360 508 445 559 Juaia
457 504 594 573 patritium
603 503 789 557 Neronianum
803 502 832 553 iit
854 499 938 552 Voti-

116 592 194 630 eeuo.
212 578 249 631 lie
263 576 370 645 palatio
384 574 505 630 Neronis
515 575 543 627 in
557 575 692 628 Vaticano
704 572 793 628 altum
808 569 937 651 silentim

116 648 192 716 apud
209 649 367 716 scriptores
385 646 505 702 Neronis
516 649 593 711 aesta
607 649 765 698 iiiirrantes.
779 642 858 697 iioiii
876 655 939 709 qui·

116 718 179 772 dem
195 717 235 772 ibi
251 723 342 781 erant,
360 717 408 771 ubi
426 715 561 770 inimiinis
574 714 652 781 prior
670 714 718 768 illa
732 716 825 768 hornae
838 721 939 793 marep-

118 802 180 843 rum
202 795 264 844 acta
292 789 416 849 laniena,
439 787 474 840 de
502 800 558 854 qua
582 786 700 839 Tacitus
725 785 776 839 lib.
804 782 938 838 xviirbis

119 858 935 925 incenitiumNeronisjussuperpetratumeoinmemorans,

119 930 277 984 hacuddit:
290 950 303 980 u
312 925 863 999 braoabolendorumoriNerosubdidit
876 936 938 978 reus

116 1006 146 1054 et
168 1000 384 1069 quaesitissimis
411 999 512 1068 poenis,
529 1012 602 1066 quos
628 1010 676 1064 per
691 997 801 1065 flagitia
828 995 937 1049 invisos

117 1070 221 1139 culpus
234 1070 416 1125 Christianos
437 1067 570 1138 appellat.
596 1068 690 1122 Primo
707 1068 798 1137 igitur
812 1064 936 1133 correpti

117 1140 347 1208 euiiatebaniur,
363 1140 467 1195 deinde
484 1139 701 1193 indicioeornm
720 1137 876 1192 inuititudo
890 1137 940 1189 in-

117 1206 940 1280 gerishaudperindeiucrimiiieincendii,quainoiiiohu·

118 1282 194 1335 mani
209 1283 322 1351 generis
344 1280 468 1337 convicti
483 1286 561 1334 sunt.
584 1283 616 1333 Et
639 1277 879 1348 pretereuntibus
892 1277 939 1330 ad·

115 1351 176 1406 dita
189 1351 328 1419 ludibria,
338 1357 370 1406 ut
379 1352 503 1406 terarum
517 1349 747 1420 tergisconteeti,
765 1349 875 1403 laniatu
888 1360 940 1400 ca-

119 1435 185 1477 num
198 1418 939 1487 interirent,autcrucibusaliixi,autindainmandi,

116 1500 203 1562 atque
222 1492 270 1548 ubi
284 1491 497 1547 defuissetdies
513 1492 541 1546 in
558 1505 641 1545 usum
663 1491 796 1545 nocturni
819 1489 940 1544 luminis

118 1569 277 1618 urerentur.
294 1566 396 1619 liortos
408 1577 476 1618 snos
485 1562 511 1617 ei
523 1561 686 1631 spectaculo
699 1563 772 1615 Nero
785 1560 938 1626 obtulerat,

115 1631 940 1701 etcircenseiudicrnmedebathabituanrigaepermistus

116 1704 203 1774 plebi,
216 1705 414 1760 veicurriculo
429 1705 576 1759 insistens.
588 1722 600 1751 u
612 1702 705 1771 Quare
719 1705 744 1757 si
760 1703 857 1757 hortos
867 1700 940 1755 inibi
954 1698 979 1758 B
997 1700 1137 1755 nociores
1150 1701 1228 1769 regni
1246 1701 1394 1765 emiorum,
1407 1708 1435 1756 et
1449 1715 1553 1756 euram
1581 1703 1720 1758 uniuersi

114 1776 434 1841 exstructosiudorum
448 1788 564 1843 pompas
581 1780 722 1842 ειεειιιιε,
732 1771 963 1842 spleiuiiiiissi-.

116 1848 440 1902 maseoenasiustructas
450 1842 540 1901 luisse
553 1851 729 1914 compertum
742 1851 794 1900 est:
805 1857 869 1898 cum
884 1844 941 1897 inec

114 1918 210 1972 omnia
234 1931 268 1972 ex
295 1933 349 1972 usu
375 1923 487 1985 recepto
504 1916 600 1985 perlici
631 1928 685 1969 non
702 1922 816 1981 possent
831 1914 941 1982 absque

116 1988 269 2056 tricliniis,
291 1988 412 2053 balneis,
435 1987 561 2058 aliisque
576 1985 710 2054 oliiiiinis,
727 2000 790 2055 ilua
816 1984 939 2053 amplam

115 2049 232 2114 adiicit
248 2059 350 2115 molem
372 2059 567 2127 expostulant,
583 2057 651 2111 hinc
666 2063 709 2112 εει
730 2057 806 2127 quod
824 2063 941 2125 potuere

116 2128 218 2184 rudera
228 2131 370 2185 exstantia
382 2129 536 2184 Neroniani
550 2127 648 2197 palatii
660 2141 759 2183 nomen
773 2127 938 2196 promereri,

114 2199 938 2268 adquorumiieiniarecondunturapostolorumcorpora.

739 239 898 296 hNiiThSii
915 234 1185 293 BiiiLIOTiiliCdlili

118 360 489 429 insuishartisasdiculam,
499 360 654 417 sireeliam
662 357 799 429 temidum
809 355 936 427 hpoiliui
949 354 980 415 A

1308 353 1494 411 sinuentur

1248 475 1325 518 nore
1339 473 1566 517 ennououosrce.

1027 567 1148 623 Servabo
1165 568 1238 623 hanc
1254 568 1417 623 methodum
1431 567 1505 624 meis
1521 567 1553 622 in
1566 566 1650 622 notis
1665 565 1815 639 afferendis,

994 644 1025 693 ut
1039 638 1258 705 chronologicas
1270 639 1450 706 praemittam,
1461 638 1554 694 deind
1566 655 1575 692 e
1598 644 1729 694 attexam
1746 639 1816 697 histo

994 710 1082 764 rivas.
1096 708 1317 779 Chronologiam
1334 710 1574 780 uniuscuiusque
1597 708 1750 778 pontilicis
1771 714 1816 768 di-

994 780 1062 849 piici
1077 781 1253 835 indicatione
1263 780 1441 849 iasiiigimus,
1455 786 1517 835 tnui
1533 793 1572 835 ex
1587 779 1813 847 bibliothecario,

992 857 1052 905 tuni
1063 864 1097 905 ει
1110 851 1265 922 catalogis:
1285 864 1384 919 nenipe
1397 864 1432 906 ει
1443 851 1638 909 consulibus.
1649 864 1717 921 quae
1741 852 1815 921 prim

991 928 1050 989 est,
1065 928 1093 977 ει
1103 936 1138 977 ει
1153 935 1271 978 numero
1283 935 1436 990 annorum,
1449 922 1611 988 mensium,
1644 934 1682 976 ac
1708 921 1814 995 dieras,

993 1006 1056 1063 quie
1071 992 1160 1047 altera
1173 1000 1216 1047 εει
1231 992 1381 1048 indicatio.
1393 994 1425 1048 in
1439 992 1622 1049 consulibus
1643 992 1814 1065 assignandis

994 1063 1075 1119 video
1089 1063 1257 1133 plerumque
1268 1063 1295 1118 id
1309 1063 1452 1133 placuisse
1460 1064 1670 1133 scriptoribus
1683 1065 1815 1137 catalogo-

994 1147 1057 1189 rum
1070 1147 1103 1188 ac
1120 1136 1265 1199 i'itarum3
1282 1140 1312 1190 ut
1324 1148 1373 1190 eos
1397 1135 1535 1191 eonsules
1548 1135 1746 1207 assignarent
1758 1150 1814 1205 pon·

995 1205 1078 1272 tidci,
1090 1206 1141 1275 qui
1168 1205 1367 1276 magistratum
1394 1205 1521 1271 obirent,
1537 1206 1612 1261 dum
1631 1219 1733 1261 annus
1752 1220 1815 1263 sica

995 1276 1093 1343 iniret,
1117 1290 1134 1330 a
1161 1276 1295 1331 l’assioue
1320 1276 1446 1343 Domini,
1477 1276 1541 1332 sive
1568 1278 1757 1345 ai’asehate,
1777 1292 1815 1347 pro

996 1359 1072 1401 more
1086 1347 1174 1401 veteri
1199 1346 1331 1401 Rornanae
1348 1346 1482 1403 Ecclesia
1496 1355 1706 1416 computatus.
1721 1349 1751 1405 id
1763 1362 1815 1419 per

994 1417 1127 1485 spicuum
1140 1423 1184 1471 est
1204 1417 1232 1471 in
1244 1419 1318 1472 Petri
1327 1418 1451 1487 apostoli
1461 1417 1641 1488 pontificatu
1656 1418 1812 1477 inchoante

993 1488 1106 1542 Certum
1118 1494 1161 1542 est
1171 1494 1334 1557 susceptum
1349 1487 1440 1544 tuisse
1449 1490 1616 1545 maximum
1633 1491 1814 1547 sacerdotii·

995 1559 1049 1612 aii.
1063 1561 1142 1613 i‘etro
1162 1559 1289 1613 Paschaii
1306 1566 1441 1627 tempore,
1474 1561 1555 1615 inter
1578 1560 1814 1619 Resurrectionem

995 1630 1184 1697 bominicam,
1201 1637 1229 1684 ει
1240 1629 1451 1695 ascensionem,
1467 1632 1669 1687 contradente
1679 1631 1724 1687 iili
1740 1633 1817 1689 boul·

996 1771 1151 1836 bominici,
1170 1779 1200 1825 ut
1215 1784 1278 1825 euin
1297 1778 1433 1839 pasceret,
1448 1778 1478 1827 et
1503 1772 1703 1829 conilrmaret
1730 1718 1815 1830 framiniae⁸

996 1856 1074 1897 suos.
1091 1842 1219 1910 Contigit
1234 1842 1332 1912 itaque
1344 1842 1459 1898 duobus
1487 1841 1630 1900 Geminis
1645 1844 1811 1912 consulibus,

996 1914 1030 1968 ad
1041 1927 1112 1983 quos
1128 1911 1227 1967 reterri
1241 1914 1502 1969 Passionischristi
1515 1915 1678 1984 epocham,
1700 1916 1814 1973 hesum

996 1984 1112 2049 titionis,
1125 1990 1153 2038 et
1163 1985 1361 2053 ascensionis,
1378 1998 1412 2040 ex
1424 1983 1564 2040 Patribus
1576 1987 1694 2055 passim
1706 1988 1814 2057 probari·

997 2070 1061 2109 mus
1075 2068 1162 2124 supra
1172 2055 1260 2122 opus.
1276 2069 1315 2121 ιι,
1335 2069 1397 2123 cap.
1416 2052 1441 2122 i,
1462 2069 1541 2111 auno
1558 2058 1701 2129 vulgaris
1713 2056 1811 2115 aereffi

994 2127 1055 2181 Non
1069 2127 1114 2180 his
1127 2126 1413 2191 tamenconsuiibus
1430 2127 1479 2182 sed
1496 2128 1637 2195 proxime
1649 2130 1813 2186 secedenti·

995 2199 1059 2263 bus,
1089 2199 1195 2251 Vt'itt'di'o
1219 2198 1319 2250 scilicet
1351 2213 1383 2250 uc
1409 2198 1544 2265 Loupiuc,
1570 2212 1642 2255 aerae
1669 2200 1812 2257 cummunis

151 2271 238 2324 Linea
257 2267 299 2325 i3.
323 2273 424 2324 —Per
438 2286 541 2324 irienses
567 2271 744 2324 becrinbrios.
770 2272 839 2323 Curti
865 2267 940 2322 iiber
992 2266 1183 2323 mtrtbuttur
1196 2269 1313 2323 initium
1331 2268 1424 2323 Petri:
1447 2268 1562 2338 qulbus
1582 2271 1705 2328 scillcet
1724 2286 1814 2328 ωιιιι-

116 2339 294 2395 Pontidcaiis
316 2340 457 2396 coaluerit
482 2355 514 2395 ει
538 2341 660 2396 vetustis
674 2339 838 2410 apostolicae
862 2339 940 2394 sedis
995 2340 1073 2394 libus
1087 2341 1212 2408 primum
1225 2339 1354 2393 Paschaa
1368 2339 1608 2397 christivicario
1624 2342 1812 2413 interrisper-

116 2410 267 2479 eatansis,
284 2418 344 2467 tum
363 2412 411 2480 iis,
429 2412 457 2466 in
471 2411 579 2480 quibus
598 2411 743 2467 successio
758 2410 937 2481 designatur,
993 2412 1141 2481 agebatur.
1153 2411 1229 2464 itanc
1240 2411 1375 2478 epocham
1391 2410 1460 2464 anni
1475 2412 1554 2467 sacri
1571 2425 1588 2466 a
1621 2425 1721 2469 mense
1740 2415 1811 2469 Nisae

117 2486 177 2536 tum
188 2481 297 2547 illis,in
307 2482 634 2552 quibusordinaiiones,
644 2496 659 2536 a
669 2481 939 2551 quolibetponiiiice
993 2482 1068 2549 apud
1080 2481 1211 2536 liebraeos
1224 2481 1351 2535 inchoati
1369 2481 1494 2537 Ecclesia
1509 2482 1691 2540 Christiana
1706 2484 1812 2541 retiarii

117 2551 222 2607 habitae
234 2560 431 2622 recensentur,
440 2553 505 2608 inde
516 2554 546 2607 iit
558 2554 632 2622 quod
641 2555 727 2607 etiam
736 2553 797 2607 istie
809 2554 837 2606 in
850 2552 938 2620 gestis
996 2553 1085 2608 multo
1094 2552 1242 2607 lubentius
1253 2569 1261 2622 3
1272 2565 1337 2606 eum
1348 2551 1674 2621 separationisnosirae
1681 2557 1811 2627 mysteria-

117 2622 275 2691 cujuslibet
285 2625 468 2678 adnotentur.
485 2624 551 2677 Teia
564 2638 629 2678 iero
646 2625 675 2677 iii
691 2624 741 2677 har
759 2629 824 2677 nota
837 2636 938 2676 occur·
994 2625 1061 2678 inde
1077 2624 1237 2692 repetentia,
1253 2636 1286 2677 ac
1301 2629 1360 2677 tum
1374 2624 1513 2691 temporis
1530 2625 1692 2682 recolenda
1716 2640 1811 2699 eogno-

117 2695 464 2749 runtaniinadiertenda.
494 2695 618 2748 Primum
632 2702 684 2760 est,
705 2693 780 2762 quod
799 2692 936 2762 usquead
993 2694 1204 2762 sceret.Quaie
1225 2700 1347 2748 testatur
1375 2694 1457 2763 Beda,
1487 2695 1559 2749 dum
1589 2696 1691 2753 Romae
1712 2698 1811 2755 etesia

115 2764 297 2832 Simplicium
313 2764 511 2819 ordinationes
528 2762 589 2817 lieri
606 2770 813 2819 consueverunt
830 2765 858 2816 in
874 2763 939 2817 Sab
993 2766 1084 2821 cereis
1097 2771 1201 2820 sanctie
1217 2766 1312 2819 hiariie
1323 2780 1436 2818 canosa
1455 2767 1589 2820 Passionc
1615 2770 1757 2824 Deraiaiee
1775 2769 1812 2824 si-

117 2835 183 2889 hato
199 2836 376 2902 jejuniorum
398 2851 414 2890 ιι
439 2835 545 2889 mensis
570 2834 627 2889 :de
651 2848 707 2904 qua
728 2834 938 2889 consuetudine
995 2837 1076 2906 gerari
1088 2836 1281 2891 consuevisse.
1295 2836 1329 2889 Ei
1351 2850 1416 2891 cum
1433 2849 1482 2905 per
1508 2838 1631 2892 eosdem
1656 2840 1750 2896 Patres
1768 2852 1813 2909 ap·

117 2905 199 2974 plura
212 2906 296 2961 habet
307 2908 404 2961 bechi.
417 2906 445 2960 in
456 2905 638 2960 sermonibus
646 2905 770 2973 ejusden
782 2906 841 2959 diei
856 2922 862 2957 :
885 2910 939 2958 iost
995 2913 1072 2963 tetur
1086 2908 1178 2962 eidem
1195 2908 1315 2975 tempori
1331 2907 1461 2962 Paschaii
1476 2909 1589 2976 epocha
1602 2910 1759 2967 Dominicis
1772 2912 1814 2965 ia-

115 2919 938 3045 Simpliciumvercaittstemportnusordinattotuttaifiia
994 2978 1171 3033 carnationis
1181 2991 1231 3032 vin
1245 2978 1307 3032 ital.
1324 2978 1454 3049 aprilis3
1481 2978 1552 3033 hinc
1574 2981 1669 3036 etiam
1684 2976 1812 3038 mos'ino·

117 3052 148 3100 ut
162 3061 215 3102 suo
231 3047 293 3103 loco
306 3049 471 3104 dicendum.
483 3048 644 3102 Secundum
660 3052 714 3113 εει,
726 3045 801 3115 quod
815 3046 937 3100 iiiriuuia
954 3078 978 3139 C
993 3050 1064 3104 levit
1090 3049 1260 3103 numerandi
1281 3061 1371 3104 annos
1400 3065 1417 3101 a
1440 3051 1587 3104 Demintca
1615 3053 1810 3107 immundae:

116 3118 171 3171 isia
186 3134 237 3186 pei·
255 3134 358 3172 incuses
374 3118 543 3171 Decembrios
567 3119 700 3187 designat
725 3118 937 3173 ordinationem
993 3134 1057 3191 quaa
1068 3119 1247 3175 consuetudo
1260 3119 1384 3175 nondum
1396 3119 1550 3191 antiquata
1559 3126 1607 3176 est
1622 3124 1701 3192 apud
1712 3123 1812 3194 aitqua

115 3186 247 3256 quolibet
256 3202 331 3244 anno
348 3192 376 3244 iu
386 3188 549 3244 Decembris
559 3188 681 3243 Sabbuto
692 3190 852 3256 repetitam.
867 3189 939 3242 ier·
993 3192 1082 3248 italia
1097 3191 1240 3252 civitates,
1253 3190 1384 3246 venetias
1396 3192 1570 3260 praesertim,
1582 3205 1620 3248 ac
1633 3193 1810 3253 Florentiam:

115 3259 189 3313 rium
213 3265 267 3328 εει,
297 3261 371 3329 quod
400 3259 576 3329 assignatur,
608 3260 778 3329 quandoque
801 3272 938 3313 numerus
993 3261 1425 3318 iicetuniversuschristianus
1445 3261 1633 3319 orbisairam
1647 3278 1811 3322 communen

114 3329 322 3386 determinatus
343 3331 571 3386 ordinationum.
592 3330 633 3385 iln
650 3343 716 3385 iero
731 3344 795 3385 cuin
809 3329 937 3385 clericali
992 3333 1145 3389 delituerit
1165 3332 1356 3387 aNatirttate.
1372 3333 1522 3388 Praemissa
1534 3332 1590 3389 hac
1607 3338 1757 3393 notatione
1768 3348 1812 3391 me

115 3401 298 3457 ordinatione
317 3402 413 3457 eadem
426 3402 685 3471 dieepiscoporum
707 3402 938 3456 consecrationes
994 3405 1037 3458 ris
1050 3402 1245 3474 caciiogorum
1267 3403 1296 3457 in
1314 3403 1436 3473 collegio
1460 3404 1618 3459 consulum
1651 3408 1712 3465 assi
1733 3407 1812 3463 nando

116 3470 225 3541 ilerent,
242 3472 318 3528 inira
334 3472 563 3541 disceptandum.
995 3473 1191 3545 pontificibus,
1207 3474 1256 3544 qui
1278 3475 1411 3529 Paschaie
1426 3472 1544 3537 testum,
1564 3488 1627 3530 non
1643 3492 1711 3536 vero
1760 3478 1811 3535 iea-

993 3549 1045 3601 das
1062 3545 1192 3600 ianuarii
1210 3545 1264 3600 sub
1285 3560 1318 3601 eo
1331 3546 1484 3601 consulatu
1498 3547 1727 3617 celebraverint,
1738 3561 1811 3619 eapr-

379 3613 461 3668 BiNit
487 3628 520 3668 er
544 3613 673 3668 chaber.
993 3616 1810 3691 diemuschronologiamconsularem.B.Petrihocprlao

994 3701 1112 3742 numero
1128 3687 1168 3741 ita
1180 3687 1402 3755 disponendam.

151 3755 201 3827 (Ex
225 3756 300 3826 Brn’.)
326 3756 412 3812 Linea
436 3753 464 3810 2.
497 3786 532 3794 -
556 3758 650 3810 Petrus
679 3755 750 3809 sedit
782 3755 939 3809 cathedram
1028 3758 1443 3827 DuobusGeruiuiscorisiiiibus,
1469 3771 1522 3814 viii
1547 3763 1699 3820 Kalendas
1711 3760 1810 3834 Aprili!-

115 3826 938 3896 episcopitidsalnit'Odliiae.Ecclesitiinilnlloiilleiidmbeatus
992 3844 1053 3883 aerae
1075 3829 1176 3882 Christi
1197 3831 1344 3883 eommunis
1368 3827 1413 3894 28,
1442 3845 1516 3884 aurio
1535 3833 1689 3901 bissextili,
1717 3836 1810 3905 serui,

116 3897 936 3966 Petrusinstituendamsuseepii,eamquesepteiuannis,
991 3901 1079 3969 piinic
1101 3900 1144 3952 die
1168 3900 1343 3967 Azpmorum,
1366 3902 1494 3955 Dominus
1518 3903 1601 3960 Jesus
1628 3906 1754 3962 Gla-istus
1768 3919 1811 3958 iu-

116 3980 172 4023 non
190 3974 355 4021 tamencum
381 3967 455 4031 letis,
472 3967 696 4021 administravit.
711 3969 778 4023 vide
789 3969 851 4023 Bar.
869 3981 935 4022 anu.
993 3986 1134 4024 coriscum
1148 3970 1291 4039 discipulis
1303 3973 1812 4046 suispostquumsuicorperisetrm·

114 4037 224 4093 Christi
239 4033 283 4104 37,
307 4050 335 4091 n.
356 3982 376 4092 g
394 4045 514 4107 etsedq.
537 4056 545 4105 ς
572 4038 704 4093 Beliarm.
726 4038 776 4093 tib.
802 4040 837 4094 dc
856 4038 936 4093 lloin.
992 4044 1419 4111 pulicissaciuiurritoputrefecit,
1436 4043 1611 4101 attinentem
1633 4048 1812 4113 clamart

117 4110 208 4176 Pani.,
225 4122 249 4162 c.
270 4106 297 4162 6.
996 4113 1142 4177 Eooiipciiu
1153 4118 1248 4165 suiectu
1259 4117 1404 4174 testeiiiur,
1419 4128 1594 4184 praecessius,
1620 4120 1718 4190 ibique
1728 4120 1811 4174 deleu-

152 4179 239 4232 Linea
254 4175 328 4232 i.-
347 4179 443 4232 Aurios
455 4178 556 4246 oipinii‘
573 4179 702 4246 quinque.
718 4180 749 4232 it.
770 4181 883 4234 Petrum
908 4181 937 4236 ln
994 4183 1246 4245 tiisesiciudaci's,
1271 4184 1394 4237 tradente
1419 4186 1567 4255 discipulo.
1597 4188 1811 4256 Debiucrtleria

118 4249 171 4305 hac
199 4248 335 4303 cathedra
363 4250 487 4303 iiiimana
512 4251 654 4317 usquead
679 4257 796 4304 moriem
817 4251 935 4319 sedisse,
993 4254 1223 4321 submurmuraret
1238 4260 1277 4308 est
1293 4269 1330 4307 ιιι
1355 4255 1470 4309 destruit.
1493 4260 1605 4327 Aprilis
1625 4264 1811 4332 ammaum

118 4318 338 4389 intelligendum
358 4326 402 4374 est
414 4319 449 4374 de
459 4320 642 4382 auctoritate,
656 4326 802 4388 potestate.
816 4336 849 4375 iic
863 4336 939 4391 prie-
994 4331 1019 4378 et
1037 4326 1168 4392 sepultus.
1184 4326 1275 4379 Tertia
1289 4325 1343 4394 die,
1358 4325 1405 4379 hue
1415 4333 1455 4381 cst
1469 4342 1499 4382 ι.
1513 4330 1578 4397 liet,
1594 4333 1719 4402 Aprilis,
1737 4332 1811 4388 beni

118 4389 938 4457 iecturagubernandiiicclesiasuniversas,nondesitu
993 4398 1066 4463 iiico,
1092 4397 1249 4449 surrectio
1282 4398 1408 4450 incitate.
1438 4397 1602 4467 (Victorius
1631 4403 1809 4475 Aquitania

118 4461 215 4517 locali.
240 4463 446 4516 Constatenim
469 4475 533 4515 eum
554 4462 627 4516 hanc
641 4461 806 4517 cathedram
831 4472 937 4533 septem
959 4463 1061 4523 Deum
1076 4466 1183 4536 Priscu.)
1207 4466 1229 4521 Α
1251 4467 1469 4524 Resurrectione
1495 4485 1548 4527 sua
1571 4487 1640 4528 eum
1667 4472 1809 4543 discipulis

117 4535 202 4588 annis
214 4533 455 4600 administrasset,
473 4545 549 4587 anno
567 4533 674 4587 Christi
691 4531 722 4587 iii
741 4541 769 4589 et
783 4533 937 4601 9Ciaudii,
994 4543 1183 4605 versaturper
1197 4537 1259 4592 dies
1272 4540 1463 4609 quadraginta
1484 4556 1632 4611 apparens
1655 4548 1712 4611 eis,
1726 4551 1754 4601 ει
1773 4543 1809 4598 io-

116 4604 202 4673 quus
213 4603 308 4659 edicto
332 4616 429 4663 annes
442 4604 532 4659 iudaei
552 4616 585 4657 ac
602 4605 761 4659 Christiani
775 4606 861 4660 homa
885 4620 939 4660 en·
994 4622 1085 4678 quens
1095 4609 1130 4662 de
1144 4622 1231 4677 regno
1244 4610 1309 4675 Dei,
1329 4624 1428 4680 nempe
1442 4625 1476 4667 ex
1491 4614 1542 4669 die
1556 4612 1595 4670 28
1610 4617 1711 4673 blartii
1721 4616 1808 4671 boui-

118 4675 307 4745 pellebantur,
324 4675 437 4730 Petrum
451 4675 536 4729 etiam
549 4675 700 4745 expulsum
714 4676 938 4746 iherosolymam

117 4746 249 4813 rediisse,
264 4751 292 4800 ει
314 4746 573 4815 hierosolymitano
598 4746 723 4801 coneilio
743 4749 828 4802 tertio
845 4750 938 4804 inter-

116 4816 227 4873 fuisse:
257 4825 369 4872 mortuo
394 4823 487 4871 tamen
510 4816 631 4872 Claudio
655 4818 771 4873 Romam
793 4820 890 4889 rediit,
911 4825 961 4875 et·

118 4888 224 4945 ibidem
237 4888 325 4942 vitam
342 4886 446 4942 dniiit.

153 4960 238 5013 Linea
261 4956 304 5013 id.
330 4987 367 4999 —
381 4962 514 5027 Murtprio
527 4974 587 5013 eum
611 4960 695 5013 Paulo
711 4966 866 5016 coronirtiir.
884 4963 939 5016 Pe-

117 5036 181 5085 trus
195 5038 223 5084 et
236 5029 342 5085 Paulus
360 5043 435 5084 anno
459 5031 566 5085 christi
579 5029 624 5101 68,
641 5031 815 5095 ueronisre,
830 5034 858 5088 in
875 5047 938 5088 ear-

117 5113 208 5154 cerem
231 5100 376 5169 conjecti:
404 5101 453 5156 iiie
483 5103 557 5170 cuod
584 5102 726 5156 simonem
748 5105 859 5174 hiagum
890 5118 939 5173 per

117 5184 209 5225 aerem
226 5172 364 5225 volantem
379 5171 558 5227 iiivoeatione
573 5173 665 5227 divini
681 5174 940 5245 nominisdejecis-

118 5249 160 5295 set
176 5241 241 5309 3tiie
255 5244 330 5311 quod
349 5242 476 5311 pellicem
503 5245 667 5298 Neronisad
685 5244 879 5301 Christianam
893 5260 941 5301 re-

119 5309 459 5380 ligionemeourertisset.
471 5320 499 5368 ει
513 5328 547 5369 ει
559 5314 705 5383 impudica
719 5326 824 5371 castam
839 5319 941 5372 reddi·

118 5382 217 5435 disset.
228 5385 308 5439 Anno
317 5392 453 5454 sequente
461 5385 726 5456 ambarirgisciesi,
738 5389 939 5456 postoseulunr

118 5450 175 5504 sibi
193 5459 292 5509 mutuo
305 5457 404 5510 datum
416 5455 590 5511 occiduntur
606 5474 612 5510 ε
627 5461 726 5513 Ρειιιιε
749 5460 828 5514 cruci
846 5460 940 5526 iiaiiite

119 5521 148 5575 in
165 5526 268 5601 terram
282 5526 408 5581 demisso
435 5524 585 5596 alligitur,
605 5528 709 5584 i’aulus
731 5537 826 5585 autem
843 5530 941 5600 gladio

118 5591 486 5663 gloriosissinieoecubult.

152 5662 209 5744 (iix.
224 5666 311 5789 casui)
325 5667 411 5721 Linea
434 5665 478 5723 td.
500 5696 537 5707 -
557 5667 647 5722 Aiiiiis
668 5671 783 5736 triptota
801 5676 867 5726 octo.
883 5673 940 5727 De-

118 5741 273 5790 suntine.
305 5776 311 5788 .

995 4681 1059 4735 nica
1070 4680 1104 4734 ad
1117 4680 1193 4734 diem
1207 4678 1224 4734 6
1237 4680 1303 4736 hiaii
1320 4679 1371 4736 ler.
1389 4698 1414 4751 ι,
1432 4697 1488 4753 qua
1499 4685 1562 4741 iilis
1574 4686 1747 4744 videntibus
1760 4689 1805 4741 eie

994 4758 1077 4805 ratiis
1089 4750 1220 4805 ascendit
1236 4752 1265 4804 in
1279 4752 1381 4807 calum
1394 4771 1400 4806 :
1419 4768 1476 4824 quo
1488 4762 1620 4826 tempore
1632 4767 1807 4816 numerantur

994 4822 1210 4876 communitera
1226 4823 1359 4878 Patribus
1372 4834 1399 4879 ει
1424 4825 1637 4898 interpretibus
1660 4831 1756 4887 decem
1768 4842 1807 4895 ap·

996 4893 1155 4962 paritiones
1170 4893 1330 4962 praecipue,
1346 4895 1375 4949 in
1403 4898 1494 4953 sacris
1522 4898 1635 4956 litteris
1653 4902 1805 4957 recensita:

994 4977 1116 5034 quarum
1128 4965 1157 5018 in
1168 4963 1372 5034 septiniaapud
1386 4966 1589 5036 capharnaum
1601 4973 1750 5041 pontilicis
1765 4982 1809 5025 ma·

993 5036 1065 5090 nimi
1083 5049 1197 5104 niunus,
1217 5048 1267 5090 seu
1297 5038 1430 5093 Ecclesiae
1447 5040 1625 5098 universalis
1641 5046 1809 5115 reginensi

993 5107 1200 5176 episcopatum,
1216 5111 1300 5162 antea
1315 5111 1498 5179 promissum,
1525 5111 1667 5170 Christus
1682 5116 1808 5172 beatius

996 5179 1075 5232 Petro
1090 5177 1226 5244 contulit,
1245 5177 1363 5233 dicens:
1388 5181 1470 5234 Pasce
1484 5197 1545 5236 oues
1558 5199 1637 5239 meris
1649 5184 1733 5255 (iouia
1745 5182 1806 5247 iti-3

996 5255 1028 5303 ut
1040 5261 1073 5301 ει
1088 5247 1210 5304 epistola
1227 5245 1272 5313 si,
1288 5250 1337 5303 lib.
1355 5263 1381 5303 ιι
1408 5253 1503 5321 magni
1516 5253 1668 5326 Gregorii,
1696 5258 1809 5325 aliisque

995 5318 1128 5373 Patribus
1138 5319 1335 5375 continuatur.
1348 5319 1432 5375 Gesta
1443 5327 1512 5377 sunt
1526 5324 1588 5381 iiaec
1610 5327 1719 5382 duobus
1730 5327 1809 5383 durii·

995 5394 1038 5443 iris
1053 5404 1125 5442 eous.
1143 5389 1183 5443 itii
1198 5390 1244 5444 his
1256 5392 1379 5459 proximi
1397 5394 1532 5450 eonsules
1567 5398 1694 5455 Vinicius
1708 5404 1735 5454 ei
1750 5402 1810 5452 iou·

995 5464 1076 5527 pinus
1093 5459 1230 5516 Kalendis
1245 5462 1375 5516 ianuarii
1389 5465 1457 5519 anni
1467 5461 1504 5519 29
1518 5468 1726 5538 magistratum
1743 5469 1809 5524 inii.-

996 5539 1074 5587 runt.
1099 5532 1167 5586 dum
1184 5534 1284 5586 Petrus
1307 5546 1413 5589 nonum
1439 5549 1564 5591 mensem
1588 5540 1638 5595 sui
1671 5537 1809 5612 regiminis

996 5601 1152 5656 inchoaret.
1170 5603 1282 5658 Primus
1294 5603 1386 5673 igitur
1396 5619 1490 5662 annus
1502 5608 1578 5663 Petri
1593 5612 1809 5679 pontiheiseon-

1016 5671 1091 5727 tetur
1101 5671 1177 5727 cirea
1194 5672 1277 5729 linem
1289 5677 1396 5730 mensis
1419 5677 1531 5746 Aprilis
1546 5680 1655 5739 iisdem
1670 5697 1742 5740 coss.
1757 5691 1810 5735 aar

995 5687 1103 5811 &bristi
1116 5744 1279 5800 eommunis
1292 5758 1368 5802 anno
1378 5744 1423 5802 29.
1439 5749 1620 5811 Postremum
1636 5754 1743 5811 Pascha
1753 5757 1809 5807 ante
