3892 6136
196 307 248 368 475

592 308 639 364 ab
657 307 872 363 antisbastum
891 301 1147 359 abbandonam
1168 304 1257 358 buta.
1279 303 1494 361 boat-valle.

1847 294 1900 354 tiu

198 457 211 488 ι
233 436 310 506 plius
325 437 389 490 sitit
404 435 559 491 curiositas
573 439 730 502 temporum
746 428 978 489 sacerdotalium,
991 423 1061 482 uta
1076 427 1123 481 sed
1146 427 1318 496 approbator
1335 429 1485 485 duntaxat.
1509 427 1616 482 Auctor
1640 428 1733 480 tamen
1756 423 1833 478 vixit
1845 421 1902 477 sub

198 547 211 578 ι
236 524 309 595 quod
325 525 445 594 dignum
459 530 510 588 est,
532 526 744 591 cognoscatur,
761 518 835 588 qnod
855 516 1016 582 indignum,

198 634 211 664 ι
233 617 394 681 respuatur.
405 613 601 666 Verumtamen
617 613 693 680 gesta
707 606 884 676 pontificum.
898 616 960 672 qum
974 615 1019 670 po

197 720 210 752 ι
230 699 340 755 tuimus
362 699 486 768 reperire
506 698 535 751 in
550 697 627 751 sedis
642 701 745 750 nostrae
766 693 874 762 studio,
890 691 923 745 ad
939 695 1016 743 tuam

197 807 210 839 ι
231 788 399 842 charitatem
418 786 573 856 gaudentes
592 784 762 839 direximus.
785 781 841 836 Ora
864 793 914 849 pro
935 777 1018 832 nobis

197 897 210 927 ι
230 866 1015 939 adsanctamresurrectionem,irateretcompresbyter.

197 984 210 1016 ι
230 965 297 1020 Vale
320 965 348 1017 in
368 962 483 1017 cbristo
501 962 558 1016 Deo
579 965 607 1015 et
623 960 744 1016 Domino
767 965 875 1013 nostro.
898 958 972 1011 Dat'
986 968 1014 1008 ι.

196 1051 368 1107 «Kalendas
392 1049 482 1118 lunii,
509 1055 538 1104 et
563 1055 676 1118 accepta
697 1047 837 1102 Kalendas
854 1043 986 1101 Octobris
1008 1061 1014 1097 :

196 1160 209 1193 ι
230 1141 318 1197 missa
332 1139 368 1194 de
380 1141 467 1194 Homa
483 1138 717 1208 Hierosolymam.
735 1155 748 1185 ι

227 1229 255 1286 2.
277 1229 388 1285 Primos
414 1227 464 1282 bas
478 1225 616 1296 epistolas
642 1226 719 1295 typis
740 1224 896 1293 descripsit
921 1212 1022 1277 code-'

193 1318 288 1374 fridus
300 1316 496 1372 Henscbenins
513 1321 609 1370 :tomo
622 1315 699 1369 enim
714 1315 806 1383 primo
820 1311 930 1382 Aprilis
950 1316 1016 1365 ante

191 1407 341 1477 catalogos
356 1407 548 1461 Romanorum
568 1403 736 1472 pontiacum
760 1415 808 1457 eas
830 1415 864 1455 ιι
884 1399 1016 1468 antiquis

193 1509 261 1552 mss.
280 1494 383 1561 edidit,
399 1507 432 1548 ac
445 1507 496 1562 pro
513 1492 656 1563 germanis
671 1490 781 1559 babuit,
796 1490 916 1545 laudans
938 1490 1016 1542 Har-

193 1584 267 1638 tium
277 1581 422 1637 Milesium
435 1581 618 1635 sarazanium
628 1579 655 1632 J.
666 1578 697 1633 C.
711 1580 879 1644 Romanum,
891 1590 923 1631 eo
940 1573 1014 1645 quod

193 1669 506 1740 typisvatieanisanno
520 1665 589 1722 4638
606 1667 780 1734 intercpera
796 1664 887 1719 sancti
901 1662 1014 1718 Damasi

1076 515 1199 586 liberio,
1222 522 1254 572 ut
1275 518 1381 572 Petarii
1406 516 1571 572 testimonio
1593 512 1794 568 Henscbenius
1818 525 1902 567 com-

1075 604 1192 672 probat:
1208 626 1220 657 a
1231 606 1333 661 Sancto
1343 606 1420 660 Joiio
1435 604 1577 673 liberius,
1589 603 1673 671 cujns
1684 607 1812 670 tempore
1822 599 1901 656 bunc

1074 699 1193 748 veterem
1209 694 1371 750 indiculum
1386 695 1576 749 Romanorum
1594 690 1761 761 pontitlcum
1777 694 1902 744 contex-

1074 790 1133 835 tum
1152 782 1251 842 inisse,
1272 783 1377 837 asserit
1395 781 1551 851 Dionysius
1573 779 1706 834 Petavius
1722 777 1773 833 lib.
1799 792 1826 841 v,
1848 777 1899 847 qui

1072 883 1136 923 cum
1151 884 1234 938 penes
1249 885 1278 925 se
1292 872 1403 925 babuit.
1419 871 1485 925 Post
1498 869 1609 925 obitum
1626 866 1734 923 Liberii
1749 867 1901 923 constitu-

1072 963 1119 1012 tus
1134 964 1177 1012 est
1192 957 1319 1027 pontifex
1340 959 1484 1014 Romanus
1497 958 1524 1013 S.
1540 959 1689 1023 Damasus,
1706 956 1758 1026 qui
1781 960 1899 1027 rogatus

1071 1053 1201 1102 asancto
1222 1049 1402 1117 Hieronymo,
1420 1055 1497 1118 gesta
1518 1043 1697 1115 pontitlcum,
1718 1057 1783 1115 quae
1804 1043 1900 1113 potuit

1072 1135 1197 1202 reperire
1213 1135 1241 1189 in
1265 1149 1324 1191 suae
1339 1136 1416 1190 sedis
1431 1135 1539 1199 studio,
1559 1132 1593 1188 ad
1609 1145 1674 1188 eum
1690 1132 1810 1188 direxit.
1830 1128 1898 1198 Qua

1070 1223 1184 1278 Damasi
1198 1224 1283 1279 verba
1297 1224 1474 1279 arbitramur
1488 1214 1676 1292 intelligenda
1691 1221 1726 1276 de
1738 1221 1799 1289 jam
1816 1219 1898 1276 indi-

1071 1316 1134 1366 cato
1148 1312 1281 1382 catalogo
1299 1326 1391 1382 usqne
1412 1313 1445 1367 ad
1463 1310 1610 1366 Liberium
1635 1296 1698 1378 e'jus
1717 1308 1896 1365 decessorem

1070 1399 1203 1455 deducto.
1220 1400 1363 1469 Epistolas
1379 1401 1533 1469 utriusque
1549 1399 1602 1453 bac
1614 1397 1651 1452 de
1666 1411 1696 1452 re
1710 1397 1778 1452 ets.
1793 1396 1898 1453 lliero-

1071 1489 1148 1558 nymi
1164 1494 1192 1544 et
1206 1489 1233 1543 S.
1250 1491 1362 1544 Damasi
1381 1503 1415 1544 ex
1430 1487 1581 1544 codicibus
1596 1485 1805 1554 manuscriptis
1821 1499 1898 1555 prae-

1072 1577 1216 1645 ponimus.
1231 1579 1306 1631 ldem
1320 1578 1347 1633 s.
1361 1577 1551 1646 Hieronymus
1573 1573 1822 1644 descriptoribus
1842 1574 1896 1629 Hc-

1071 1664 1243 1719 clesiasticis
1260 1666 1353 1735 capite
1369 1663 1402 1720 45
1414 1665 1518 1720 statuit
1532 1664 1559 1717 S.
1572 1663 1744 1718 Clementem
1761 1666 1895 1732 quartum

191 1757 265 1813 alias
276 1756 413 1826 epistolas
426 1756 472 1811 bis
483 1755 566 1825 plane
576 1754 688 1809 similes
696 1753 820 1808 ediderit
836 1770 844 1819 3
859 1765 921 1822 pag.
938 1751 1014 1805 enim
1030 1737 1058 1798 Β
1071 1757 1135 1821 post
1147 1754 1259 1808 Petrum
1272 1753 1429 1808 ιιιιιιιιιι
1442 1752 1614 1821 pontidcem,
1631 1750 1777 1822 siquidem
1788 1751 1896 1821 inquit.

110 1837 121 1853 '
193 1843 240 1900 tal
258 1851 287 1900 et
305 1844 452 1914 sequentis
466 1842 549 1899 babet
566 1842 716 1912 epistolam
732 1841 846 1895 Damasi
860 1841 894 1895 ad
911 1840 1015 1895 Hiero-

192 1947 317 2005 nymum,
336 1945 436 2003 exqua
451 1945 538 2001 supra
559 1934 732 1986 memoratus
754 1928 950 1984 Henscbenius
967 1941 1015 1982 se-

192 2020 310 2092 quentia
329 2020 480 2088 excerpsit.

228 2109 400 2162 «Damasus
431 2107 584 2177 episcopus
611 2105 694 2161 tratri
722 2111 750 2162 et
785 2105 1014 2176 compresbytero

194 2215 207 2248 ι
227 2195 397 2265 Hieronymo
408 2195 437 2250 ιι
450 2196 571 2250 Domino
586 2195 718 2251 salutem.

229 2306 243 2337 ι
262 2286 336 2340 Ιιιιι
358 2284 447 2338 multa
464 2295 581 2352 corpora
605 2284 745 2339 librorum
763 2285 791 2338 ιι
813 2297 875 2339 men
892 2282 1015 2338 arbitrio

193 2394 207 2427 ι
227 2370 451 2438 allataluissent,
461 2370 595 2441 contigit,
606 2370 1013 2426 utetlibrumPsalmorumin

193 2481 207 2514 ι
229 2473 291 2516 meo
305 2458 402 2514 animo
415 2457 539 2513 festinus
551 2471 749 2529 cognoscerem
764 2459 899 2528 detineri,
911 2463 938 2512 ιι
953 2471 1016 2512 ιιι-

193 2569 207 2602 ι
228 2548 349 2604 moriam
364 2545 533 2615 capacitatis
549 2559 615 2600 meae
632 2546 759 2602 imbuere
774 2547 910 2617 cogitavi,
927 2545 1015 2602 irater

192 2656 205 2688 ι
226 2634 433 2700 amantissime,
449 2639 477 2689 et
499 2634 529 2688 ιι
544 2633 658 2690 Cbristo
675 2648 785 2704 semper
800 2636 943 2704 sacerdos,
965 2649 1016 2690 se-

192 2745 205 2777 ι
226 2723 352 2779 cundum
363 2721 545 2791 septuaginta
561 2723 777 2788 interpretes...
793 2722 921 2778 invenire
932 2724 1015 2778 vcsti-

1070 1842 1214 1897 secundus
1228 1841 1316 1896 linus
1329 1840 1395 1906 tuit,
1411 1848 1439 1895 et
1452 1841 1557 1896 tertius
1571 1839 1736 1907 anacletus,
1752 1845 1781 1894 et
1794 1840 1819 1894 si
1834 1839 1897 1908 ple-

1071 1930 1154 2000 rique
1166 1930 1334 1985 Latinorum
1350 1930 1507 1985 secundum
1523 1933 1586 1999 post
1598 1929 1714 1984 Petrum
1726 1926 1894 1996 apostolum

1070 2023 1172 2086 putent
1182 2015 1271 2072 luisse
1281 2018 1450 2072 clementem
1462 2034 1468 2070 ι
1481 2017 1533 2072 Ubi
1548 2017 1702 2086 opinamur
1713 2015 1830 2071 nomine
1842 2016 1896 2070 La-

1070 2106 1197 2161 tinorum
1229 2106 1351 2161 indicari
1378 2106 1456 2161 bunc
1480 2105 1648 2175 catalogum
1673 2118 1689 2159 a
1717 2104 1744 2159 S.
1775 2104 1895 2159 Damaso

1071 2194 1191 2248 missum
1214 2194 1247 2248 ad
1269 2200 1399 2250 sanctum
1418 2178 1631 2263 Hieronymum,
1649 2193 1698 2263 qni
1715 2191 1804 2247 etlam
1821 2190 1894 2247 libro

1071 2283 1164 2351 primo
1195 2283 1333 2338 adversus
1362 2283 1545 2338 toriniacum
1572 2281 1698 2351 appellat
1722 2280 1894 2336 clementem

1070 2383 1262 2426 successorem
1285 2371 1407 2440 apostoli
1431 2371 1516 2426 Petri.
1537 2371 1575 2425 Et
1596 2370 1625 2425 in
1641 2374 1728 2439 caput
1747 2368 1829 2424 Isaiae
1845 2382 1893 2436 cn,

1070 2458 1199 2513 scribens
1221 2459 1272 2527 ait,
1295 2471 1359 2514 eum
1385 2464 1449 2528 post
1467 2460 1580 2513 Petrum
1606 2458 1761 2513 Romanam
1787 2457 1894 2512 rexisse

1070 2546 1236 2614 Ecclesiam,
1257 2548 1369 2603 scilicet
1386 2547 1606 2617 interpositnad
1631 2545 1757 2603 medium
1782 2551 1894 2614 tempus

1069 2635 1095 2689 S.
1112 2635 1192 2699 Lino,
1214 2635 1261 2688 cui
1278 2634 1451 2690 successisse
1465 2634 1646 2704 clementem,
1667 2633 1787 2688 tradunt
1803 2630 1895 2702 Opta-

1070 2728 1117 2778 tus
1149 2722 1332 2778 Hilevitanus
1370 2722 1420 2777 lib.
1448 2737 1479 2788 ιι,
1512 2727 1540 2778 ιι
1570 2727 1687 2777 sanctus
1712 2720 1894 2793 Augustinus

192 2832 205 2863 ι
226 2811 284 2883 gia.
308 2811 375 2865 Peto
396 2809 482 2864 etiam
505 2809 673 2865 charitatem
692 2816 780 2877 tuam,
801 2815 833 2866 ut
849 2812 1013 2867 Graecorum
1069 2812 1152 2880 epist.
1175 2808 1234 2866 lcb'.
1255 2829 1268 2860 ι

191 2919 205 2950 ι
226 2897 407 2968 psallentiam
420 2897 454 2952 ad
469 2911 520 2952 nos
534 2897 660 2969 dirigere
675 2901 723 2952 tua
740 2897 1014 2954 fraternitasdelec-
1105 2896 1130 2952 l.
1145 2900 1287 2954 Hactenus
1308 2899 1516 2968 Henscbenius,
1533 2899 1583 2969 qui
1602 2914 1635 2956 ex
1651 2899 1760 2955 litteris
1779 2911 1796 2953 a
1816 2898 1894 2952 blar-

192 3007 206 3040 ι
226 2992 335 3042 ιιιιι...
349 2986 414 3040 Peto
428 2998 495 3056 ergo
512 2999 560 3055 per
576 2985 690 3040 tratrem
704 2991 733 3040 et
751 2987 1011 3056 compresbyterum
1069 2988 1110 3043 ιιι
1135 2988 1247 3044 Hilesio
1263 2987 1419 3057 publicatis
1443 2989 1561 3059 probare
1595 2989 1702 3045 nititur
1728 2987 1893 3043 litterarum

192 3096 206 3128 ι
227 3079 357 3131 nostrum
369 3072 559 3144 Bonilacium,
577 3079 609 3129 ut
618 3073 718 3144 jubeat
731 3073 898 3130 fraternitas
911 3082 959 3131 ιιι
971 3076 1012 3130 ιιι
1029 3067 1054 3131 C
1068 3077 1269 3132 commercium
1284 3077 1359 3133 inter
1369 3079 1521 3132 Damasum
1533 3090 1632 3147 papam
1646 3082 1674 3132 et
1683 3077 1781 3133 dirum
1790 3075 1895 3131 Hiero·

193 3185 206 3218 ι
227 3164 316 3232 bajus
335 3162 419 3219 nobis
447 3163 558 3232 aperire
579 3163 709 3234 vestigia.
732 3164 818 3218 blissa
843 3178 868 3217 v.
893 3164 1012 3219 Kalend.
1069 3166 1228 3234 nymumde
1238 3165 1386 3221 similibus
1400 3166 1538 3236 materiis,
1551 3174 1583 3222 ut
1597 3165 1715 3221 facilius
1725 3164 1895 3235 persuadeat

192 3273 205 3305 ι
224 3251 402 3308 Novembris.
424 3269 437 3300 ι
1070 3252 1181 3308 litteras
1195 3254 1230 3308 de
1243 3255 1331 3324 gestis
1343 3254 1534 3311 Romanorum
1556 3254 1722 3324 pontiilcnm
1738 3266 1755 3309 a
1774 3266 1805 3308 se
1830 3251 1895 3322 pri-

225 3339 375 3396 Subnectit
390 3338 605 3408 responsionem
623 3339 787 3410 Hieronymi
805 3340 961 3410 presbyteri
977 3340 1012 3396 ad
1070 3353 1146 3394 mum
1161 3341 1263 3410 editas,
1278 3348 1306 3397 et
1322 3356 1470 3414 germanas
1485 3357 1556 3411 esse,
1578 3347 1607 3398 et
1626 3344 1747 3398 Damaso
1764 3354 1844 3411 papae
1861 3353 1894 3395 ac

190 3430 352 3485 Damasum.
1067 3428 1238 3500 Hieronymo
1251 3430 1412 3500 presbytero
1426 3429 1516 3486 tribui
1532 3444 1623 3500 posse.
1640 3431 1741 3485 Verum
1758 3429 1787 3484 in
1800 3428 1894 3498 prima

227 3517 1013 3587 aBeatissimopapaeDamasosedisapostolicaeurbis
1067 3517 1258 3586 antiquitatis
1283 3517 1580 3573 illustmtaeditione
1603 3518 1725 3573 miratus
1749 3515 1792 3573 lui
1816 3515 1891 3587 quod
1934 3510 1938 3517 ’

192 3625 205 3656 ι
226 3606 320 3659 Homae
335 3604 524 3672 Hieronymus
535 3605 664 3673 supplex.
1066 3604 1263 3660 Henscbenius
1280 3620 1336 3661 non
1353 3606 1544 3662 observarerit
1561 3606 1699 3676 epistolas
1713 3606 1749 3661 de
1763 3605 1893 3675 psalmo-

228 3691 328 3762 «Legi
348 3692 459 3745 litteras
487 3695 665 3759 apostolatus
687 3696 784 3763 vestri,
807 3703 954 3765 poscentes
980 3701 1013 3753 ut
1066 3694 1115 3748 dia
1131 3695 1248 3750 basileae
1264 3708 1339 3751 onno
1365 3694 1434 3751 4546
1457 3696 1618 3765 publicatas
1641 3694 1731 3751 inisse
1746 3708 1796 3765 per
1820 3696 1893 3750 Era-

191 3800 204 3829 ι
226 3777 382 3834 secundum
395 3776 609 3846 simplicitatem
624 3784 806 3851 septuaginta
821 3787 1010 3853 tmerpretum
1067 3796 1170 3852 smum,
1195 3784 1296 3854 quide
1320 3785 1412 3854 priori
1437 3785 1513 3840 circa
1530 3783 1718 3854 psalmodiam
1738 3784 1892 3853 epistolaa

192 3887 205 3918 a
226 3864 383 3921 cauendum
394 3864 1008 3935 Psalmograpbuminterpretarifestinem...
1065 3873 1186 3927 Damaso
1201 3873 1235 3926 ad
1252 3873 1453 3942 Hieronymum
1465 3874 1627 3943 conscripta
1643 3879 1809 3943 sequentem
1823 3885 1893 3929 cen-

192 3975 206 4002 «
223 3955 358 4008 Precatur
369 3950 614 4021 ergociienstuus
634 3957 664 4006 ut
679 3968 732 4008 von
749 3955 804 4010 ista
827 3957 1011 4024 psallentium
1067 3959 1251 4014 suramtnlit:
1271 3980 1283 4010 ι
1299 3960 1413 4016 Clarius
1427 3966 1606 4031 estquamut
1619 3961 1768 4017 admoneri
1780 3960 1891 4028 debeat,

191 4062 204 4092 ι
226 4041 256 4096 ιι
272 4041 337 4096 sede
352 4044 401 4096 ιιι
422 4039 547 4094 Humana
564 4039 612 4094 die
628 4045 771 4112 noctuque
785 4051 914 4113 canatur,
931 4051 958 4101 ιι
982 4047 1010 4101 ιι
1068 4047 1140 4103 ιιιι
1164 4046 1314 4116 epistolam
1336 4050 1462 4118 ejusdem
1478 4064 1540 4106 esse
1560 4050 1682 4106 artiticis
1696 4051 1783 4120 cujus
1806 4055 1850 4106 est
1862 4063 1893 4106 ea

191 4151 204 4180 ι
225 4128 441 4199 dnecuy'uslibet
451 4126 552 4196 psalmi
563 4129 699 4199 conjungi
710 4131 1014 4203 praecipiatetaposto-
1068 4150 1130 4205 qnae
1155 4137 1282 4205 proxime
1302 4138 1443 4207 sequitur,
1460 4143 1488 4193 ct
1502 4140 1597 4195 eadem
1621 4138 1697 4195 febri
1720 4139 1892 4195 laborantis.

191 4237 203 4269 ι
224 4217 300 4273 latus
313 4216 357 4272 tui
379 4216 449 4271 ordo
466 4233 472 4270 :
490 4215 583 4269 Gloria
607 4217 694 4278 Pul-ri,
711 4223 736 4271 ιι
749 4220 828 4281 Filio,
852 4226 877 4274 ιι
895 4224 1013 4291 Spiritui
1067 4225 1154 4280 Deum
1170 4225 1357 4280 immortalem
1375 4225 1381 4279 ι
1400 4242 1462 4296 qum
1484 4227 1540 4284 ιιιιι
1561 4228 1752 4298 impudentia,
1769 4226 1822 4284 boc
1836 4228 1895 4283 tri-

191 4324 205 4357 “
224 4309 328 4365 ⁸⁰²²⁶²⁰2
345 4305 482 4358 Similem
496 4306 526 4357 io
541 4306 690 4374 Ριῑηθῑιιῖθι
706 4323 719 4354 ’²
734 4310 788 4361 elc.
1068 4314 1154 4368 buere
1169 4314 1287 4368 Damaso
1306 4314 1320 4368 ‘i
1337 4333 1349 4365 ι
1364 4316 1451 4371 addit
1464 4318 1499 4372 de
1516 4330 1651 4386 responso
1674 4317 1842 4386 Hieronymi
1857 4316 1892 4371 ad

224 4391 251 4447 3.
268 4392 364 4447 Editis
380 4392 458 4447 bisce
477 4391 591 4447 duabus
612 4392 754 4462 epistulis,
781 4396 914 4468 adiungit
937 4400 1010 4456 idem
1025 4409 1052 4469 Ι)
1066 4405 1218 4457 Damasum
1233 4403 1576 4461 :rallirqmestinveqtqm
1587 4404 1689 4474 fuisse,
1704 4405 1755 4475 qui
1767 4405 1894 4475 speravit

189 4479 404 4536 Henscbenius:
422 4499 435 4531 ι
448 4481 509 4535 Νιι
522 4480 636 4535 ιιιιιιι
648 4486 743 4536 atatem
759 4483 786 4538 S.
799 4486 936 4541 Damasus
950 4489 1011 4557 ipse
1066 4488 1196 4544 futurum
1216 4496 1247 4545 ut
1263 4489 1461 4560 bmcepistola,
1476 4505 1533 4561 qua
1548 4491 1623 4547 nibil
1642 4493 1711 4564 trogi
1730 4493 1828 4562 potnit
1844 4493 1894 4548 in-

186 4567 396 4655 conscripslsse
412 4568 535 4637 priorem
556 4568 722 4640 catalogum
745 4571 780 4626 de
794 4573 869 4628 l'itis
891 4577 1011 4644 pontiti-
1065 4577 1186 4643 sulsius,
1197 4592 1246 4634 nec
1258 4579 1414 4650 indoctius,
1426 4593 1476 4634 ιιι
1488 4579 1667 4651 infantissa
1682 4594 1826 4653 quoquam
1842 4594 1892 4650 pro

188 4671 264 4727 cum,
282 4658 329 4712 sed
346 4657 438 4713 solum
457 4656 508 4712 bas
520 4658 553 4712 ad
572 4657 716 4714 Liberium
734 4660 907 4718 decessorem
925 4681 1008 4722 suum
1063 4669 1284 4739 llieronymiana
1303 4669 1454 4739 legeretur.
1482 4686 1495 4717 ι
1520 4671 1553 4723 Ει
1570 4684 1605 4725 ιι
1628 4671 1735 4725 Erasmi
1763 4670 1893 4726 auctoris

188 4758 205 4802 a
222 4744 313 4801 variis
332 4745 470 4800 deductas
482 4745 654 4814 approbasse
666 4755 694 4802 ιι
714 4749 748 4803 ad
763 4756 892 4806 sanctum
907 4754 1011 4811 Hiero-
1065 4757 1191 4825 suspecti
1205 4756 1318 4824 judicio
1340 4757 1395 4811 niti
1411 4756 1482 4812 velie
1496 4757 1654 4826 videamur,
1675 4771 1816 4814 censuras
1829 4759 1892 4827 ey’us

188 4848 303 4906 nymum
327 4833 480 4890 direxisse.
506 4834 599 4905 igitur
625 4849 689 4892 cum
716 4838 886 4897 Ptolomaeus
907 4843 1011 4898 Lucen-

188 4921 239 4986 sis,
255 4922 331 4990 apud
353 4922 496 4978 Hilesium
514 4935 575 4994 pag.
598 4920 643 4994 at,
663 4925 736 4981 dicit
756 4928 830 4997 quod
848 4943 938 4999 usque
952 4931 1011 4985 Da-

188 5020 299 5061 masum
319 5009 461 5067 Chronica
489 5025 667 5069 summorum
693 5016 861 5084 pontillcum
886 5019 1009 5089 vigorem

188 5093 344 5162 recipiunt,
377 5098 497 5154 Damaso
522 5101 675 5167 scribente,
704 5103 801 5157 eodem
824 5106 1008 5178 approbante,

187 5196 239 5238 seu
252 5178 451 5240 subscribente
467 5184 495 5238 id
512 5186 573 5241 Heri
595 5186 796 5258 intelligimus,
820 5194 848 5244 et
861 5196 935 5260 quod
952 5196 1007 5265 ipsi

189 5267 444 5340 l'itaepoutidcum,
460 5275 739 5343 ntprimoscriptori
756 5279 862 5345 passim
873 5282 1011 5340 tribuan-

189 5366 268 5413 tura
291 5356 442 5423 sabellico,
460 5357 597 5415 Ριιιιιιι
612 5367 640 5416 ιι
657 5361 734 5428 ιιιιι,
752 5364 850 5421 aninus
864 5373 1009 5439 approba-

189 5457 253 5499 mus
287 5463 300 5494 ι
326 5448 389 5514 lpso
412 5445 510 5514 itaque
530 5445 707 5501 llenscbenio
731 5448 846 5523 latente,
870 5458 1008 5516 Damasus

189 5545 244 5590 uon
260 5532 315 5587 erit
329 5534 442 5603 proprie
456 5536 557 5588 auctor
573 5533 659 5603 buy'us
673 5538 849 5610 antiquioris
867 5547 1005 5620 catalogi,

1066 4844 1891 4902 novissimecontinnattomoHcollectionisconciliorum

1066 4931 1095 4986 in
1118 4934 1195 4988 notis
1217 4932 1426 5002 marginalibus
1445 4933 1566 4988 adduas
1587 4933 1726 5002 epistolas
1746 4932 1892 4990 altilesio

1066 5019 1225 5089 publicatas
1241 5019 1392 5089 Philippus
1404 5020 1550 5075 Labbeus:
1568 5041 1581 5071 ι
1597 5021 1809 5090 supposititiae,
1820 5035 1892 5092 apo-

1064 5109 1176 5178 crypbae
1198 5113 1227 5162 et
1251 5108 1437 5177 ineptissimas
1459 5111 1531 5164 viris
1551 5108 1646 5165 doctis
1668 5109 1811 5166 babentur
1834 5118 1893 5166 tau·

1065 5201 1183 5265 tumque
1195 5207 1211 5248 a
1224 5195 1297 5264 stylo
1308 5196 1421 5250 Damasi
1438 5202 1466 5251 et
1479 5197 1643 5266 Hieronymi
1659 5197 1780 5263 distant,
1795 5211 1893 5268 quan-

1065 5289 1125 5339 tum
1140 5282 1243 5337 colum
1258 5296 1273 5337 a
1286 5288 1371 5354 terra,
1386 5291 1414 5338 et
1430 5284 1513 5353 polus
1527 5286 1688 5341 antarticus
1702 5284 1738 5343 ab
1753 5287 1857 5342 artico.
1876 5305 1888 5335 ι

1063 5374 1160 5441 Neque
1180 5371 1311 5427 ulteriori
1328 5371 1496 5441 probatione
1519 5374 1577 5430 osc
1600 5375 1740 5445 indigent,
1758 5389 1825 5430 cum
1847 5376 1889 5431 vel

1063 5460 1174 5515 litteras
1191 5460 1356 5528 inspicienti
1371 5460 1465 5515 cadem
1485 5464 1568 5530 plarm
1580 5467 1728 5532 occurant,
1755 5470 1843 5533 prout
1856 5478 1890 5519 ιι

1062 5550 1193 5620 epistolis
1204 5562 1252 5618 per
1264 5550 1398 5605 blartinm
1409 5551 1552 5607 llilesium
1566 5552 1723 5622 publicatis
1735 5554 1891 5611 adeoclare
