3884 6126
68 251 141 315 4553
444 301 446 305 ,
493 253 655 314 hisacius
674 255 719 313 he
737 255 826 314 vifis
845 254 929 315 hom.
948 255 1050 316 Poris.
1071 288 1105 300 -
1124 260 1153 316 S.
1168 261 1364 321 SILVESTER.
1706 266 1776 327 4554

66 376 148 434 vocis
160 377 276 433 omousii
297 375 475 461 probassent,
494 391 544 449 per
558 379 708 450 epistolam
721 379 894 453 encyclicam
913 378 941 441 A
955 380 1065 438 sionem
1080 382 1273 441 Ariminensls
1287 386 1405 443 concilii
1427 387 1489 445 sine
1503 389 1693 462 ambiguitate
1709 391 1780 447 mit-

65 449 180 506 decreta
195 449 399 506 denuntiantes
426 450 522 520 episco
544 464 626 508 orum
648 451 809 509 absentium
833 451 899 509 suf·
955 452 1045 509 tendi.
1064 454 1259 513 »blittebatur
1274 458 1633 527 proptereaformularium
1646 461 1778 519 subscri-

65 518 374 605 fragianpostularunt.
393 490 472 590 Quod
485 465 571 579 reffert
583 523 795 596 philostorgius
806 524 836 579 in
848 535 900 579 sua
955 524 1096 593 ptionum,
1110 539 1144 581 ne
1155 527 1185 581 in
1202 527 1264 584 illis
1278 528 1397 584 edendis
1409 531 1531 586 varietas
1546 537 1717 604 occurreret,
1734 532 1779 590 uti

64 591 238 663 ilistoria(l.
253 605 271 656 l,
289 596 333 647 tn.
356 589 383 663 7,
400 605 462 664 pag.
476 591 519 664 6):
544 596 642 650 «Ante
666 595 805 665 synodum
824 607 900 666 qno-
954 597 1081 652 ostendit
1092 596 1669 672 factumhureliiCarthaginensisepisco
1691 605 1711 673 i,
1726 605 1777 688 qul

64 676 123 734 que
137 664 280 748 Nlcaenam
292 663 496 748 'Alexandrum
518 664 699 723 Alexandriae
720 666 898 736 episcopum,
955 665 984 721 in
999 667 1127 734 plenario
1139 669 1277 726 adsersus
1292 670 1460 742 Pelagianos
1476 677 1573 729 coacto
1588 619 1723 743 concisio,
1737 680 1777 732 ita

63 746 132 790 cum
151 734 325 791 Nicomedia
346 741 520 792 versaretur.
547 742 575 793 et
599 737 629 792 in
644 737 744 793 Osium
761 736 899 794 Cordubae
954 735 1201 808 subscriptionum
1229 742 1395 799 seruandam
1415 741 1450 798 ab
1477 743 1645 800 absentibus
1659 744 1779 802 formam

63 804 196 878 quinque
206 806 739 877 cumeoerant,episcopusincidisset,
752 809 899 880 synodicis
953 809 1091 865 decernit.
1105 810 1365 879 «Quemadmodum
1382 812 1564 871 subscribere
1575 817 1777 887 unusquisque

63 875 215 950 suffragiis
244 877 412 934 conuenisse
439 879 473 934 de
501 880 681 948 praedicando
716 879 789 936 Filio
818 880 896 935 Patri
953 881 1199 951 restrumdebeat,
1216 883 1335 940 dilectio
1345 890 1437 940 vestra
1452 887 1698 957 cognoscat3siiic
1711 901 1779 957 quo·

62 949 208 1018 omousio,
222 948 351 1020 hrioque
371 948 600 1006 condemnando:
616 970 628 1001 n
652 953 751 1007 Exstat
772 950 897 1007 flexan—
953 965 1017 1007 rum
1031 953 1219 1020 synodalibus
1227 956 1316 1026 gestis
1329 955 1505 1026 subscriptio
1516 957 1574 1026 jani
1588 962 1710 1025 tenetur,
1720 957 1778 1014 sive

61 1018 143 1076 drini
157 1020 293 1090 synodica
309 1021 338 1076 in
359 1032 415 1090 qua
430 1019 530 1077 relatis
543 1021 606 1077 hrii
621 1023 721 1092 impiis
735 1022 896 1094 conatibus,
953 1023 1004 1092 qui
1016 1035 1072 1079 non
1083 1024 1221 1094 potuistis
1232 1027 1323 1082 eidem
1336 1025 1465 1096 plenario
1476 1029 1567 1084 totius
1579 1027 1681 1084 Africae
1691 1029 1778 1085 inter·

62 1096 92 1146 et
104 1093 248 1148 sententia
258 1092 372 1162 synodi,
391 1091 433 1148 sic
446 1091 480 1147 ad
496 1105 555 1148 reni
569 1092 650 1150 orbis
664 1095 898 1164 episcoposcom-
952 1105 1014 1148 esse
1028 1095 1163 1152 concilio.
1186 1114 1198 1145 »
1223 1098 1320 1168 Neque
1344 1097 1425 1154 locus
1446 1104 1506 1154 erat
1523 1097 1685 1169 refragandi
1704 1098 1777 1156 sub-

63 1160 152 1231 pellat
166 1162 201 1219 ad
225 1162 466 1232 subscriptionem
486 1161 565 1233 (tom.
583 1165 593 1219 Ι
608 1163 700 1229 donc,
724 1171 789 1221 ante
801 1165 897 1221 Nicae-
952 1165 1116 1233 scriptioni,
1134 1167 1192 1222 nisi
1214 1181 1279 1223 cum
1307 1169 1436 1237 periculo
1449 1173 1478 1225 et
1499 1174 1566 1225 nota
1578 1171 1776 1226 contumacia.

63 1245 133 1289 num
147 1232 262 1304 conci:
280 1254 293 1286 u
310 1235 392 1304 istos,
411 1234 539 1304 inquam,
562 1233 665 1292 fratres
680 1236 856 1307 charissimi,
868 1241 896 1293 et
951 1236 1074 1292 Faustus
1086 1244 1233 1307 propterca
1244 1239 1374 1295 liciensis
1383 1240 1546 1310 episcopus,
1557 1241 1625 1296 dum
1636 1241 1776 1298 Lucidum

61 1302 120 1360 ilde
137 1303 286 1361 nobiscum
306 1306 518 1361 consentientes
533 1307 656 1362 aversati
671 1319 727 1364 una
743 1307 894 1363 nobiscum
950 1306 1237 1364 Praedeslinatianum
1257 1310 1399 1380 bortatur,
1413 1316 1443 1366 ut
1451 1311 1540 1366 editis
1552 1324 1601 1366 sex
1611 1310 1775 1368 anathema-

59 1379 162 1431 contra
176 1376 307 1432 insanam
325 1389 422 1432 eorum
435 1378 622 1433 temeritatem
634 1378 782 1462 adjungite
792 1377 896 1434 suffra·
950 1377 1046 1434 tismis
1065 1378 1270 1447 subscriberet,
1283 1381 1390 1450 quibus
1403 1381 1508 1452 reliqui
1517 1382 1575 1451 y'am
1594 1381 1778 1452 subscripse-

80 1445 121 1513 ia,
136 1459 192 1504 non
205 1446 291 1504 aliter
309 1461 342 1503 ac
352 1447 405 1503 alii
428 1447 544 1520 collegae
566 1450 670 1516 nostri,
684 1464 734 1520 qui
751 1462 809 1504 rem
821 1462 895 1520 aegre
950 1454 1015 1504 rant
1026 1450 1163 1520 episcopi,
1179 1451 1219 1506 ita
1235 1452 1443 1507 comminatur:
1458 1471 1471 1504 c
1487 1451 1567 1522 Quod
1584 1453 1609 1508 si
1627 1466 1688 1510 cain
1703 1453 1776 1509 sub·

72 1522 169 1587 erunt,
195 1519 245 1590 qui
268 1517 406 1590 epistolas
429 1524 528 1576 contra
551 1520 623 1576 istos
651 1521 775 1591 scriptas
798 1520 832 1576 ad
852 1532 895 1576 me
949 1520 1132 1591 scriptam...
1160 1523 1356 1579 transmittere
1369 1522 1506 1590 volueris,
1531 1530 1627 1593 aperte
1643 1525 1738 1583 adhuc
1752 1529 1779 1582 te

61 1588 215 1656 miserunt,
232 1591 281 1661 qui
296 1589 396 1646 libello
408 1590 546 1647 aduersus
559 1605 608 1648 eos
620 1591 698 1648 edito
709 1591 892 1660 subscripse-
950 1590 980 1646 in
991 1604 1087 1648 errore
1099 1591 1258 1649 subsistere
1274 1595 1336 1663 ipso
1351 1593 1469 1650 silentio
1484 1593 1695 1664 comprobabis.
1712 1594 1779 1651 »Li-

61 1665 148 1716 ront:
175 1661 349 1730 quaomnia
368 1674 417 1731 per
433 1660 522 1717 hlium
538 1676 631 1718 meum
657 1663 815 1733 appionem
826 1662 894 1718 dia·
936 1661 1000 1718 'ber
1015 1662 1083 1719 hinc
1095 1664 1303 1721 conficiebatur
1316 1664 1417 1721 harum
1432 1665 1633 1736 epistolarum,
1649 1665 1777 1722 subscri·

57 1743 165 1788 conum
175 1731 209 1787 ad
221 1732 346 1788 iosmisi
359 1751 366 1800 3
379 1746 411 1788 ac
425 1733 549 1802 primum
562 1734 699 1803 epistolas
706 1733 892 1805 collegarum,
905 1751 932 1814 Β
950 1735 1090 1803 ptionum,
1115 1741 1166 1791 aut
1189 1734 1403 1808 suffragiorum,
1420 1737 1504 1806 cuius
1522 1735 1621 1806 aliqua
1647 1736 1775 1808 exempla

61 1801 196 1873 quisunt
212 1803 242 1859 in
257 1808 317 1861 tota
331 1803 450 1875 Egypto
461 1808 489 1859 et
511 1804 664 1873 Thebaide,
677 1806 781 1861 deinde
793 1818 892 1862 eorum
948 1818 1035 1873 supra
1047 1806 1191 1862 dedimus.
1207 1809 1240 1862 Et
1259 1807 1312 1863 hoc
1339 1808 1402 1876 ipso
1415 1807 1530 1876 saeculo,
1551 1808 1580 1862 in
1594 1820 1681 1864 causa
1695 1808 1774 1863 blar-

59 1874 114 1943 qul
127 1872 254 1943 Libyam,
269 1875 457 1945 Pentapolim,
474 1875 595 1944 Syriam,
611 1877 736 1947 Lyciam,
751 1876 895 1946 Pamphy-
948 1875 1024 1941 celii,
1035 1890 1100 1933 cum
1111 1882 1177 1933 ante
1190 1877 1371 1934 Sardiciense
1382 1878 1629 1944 essetdamnatus,
1643 1879 1673 1934 in
1684 1891 1774 1934 unum

60 1941 142 2015 liam,
161 1944 269 2001 hsiam
294 1946 513 2015 Cappadociam,
530 1952 558 2002 et
579 1947 653 2002 alias
666 1949 797 2019 regiones
814 1945 893 2004 hisce
948 1946 1081 2003 volumen
1102 1948 1332 2019 subscriptiones
1346 1954 1374 2006 et
1388 1949 1526 2020 sufragia
1542 1949 1655 2006 redacta
1667 1949 1775 2006 dicun-

60 2013 203 2072 finitimas
214 2016 723 2088 incolunt;quorumexemplumios
735 2018 891 2089 imitantes,
949 2023 997 2074 tur
1017 2018 1046 2073 in
1062 2020 1183 2089 epistola
1199 2020 1336 2091 synodica
1359 2020 1540 2078 sardicensis
1551 2020 1682 2090 concilii,
1717 2021 1772 2077 uod

60 2098 231 2157 persuasum
246 2088 334 2145 habco
347 2088 381 2144 ad
399 2102 451 2144 nos
465 2088 566 2145 itidem
581 2090 700 2146 daturos
716 2089 839 2146 litteras.
858 2090 894 2146 Et
948 2089 1049 2145 Ariani
1070 2098 1223 2163 coegerunt
1237 2091 1315 2164 (tom.
1345 2092 1354 2146 l
1383 2091 1473 2161 donc,
1491 2105 1555 2163 pag.
1575 2089 1683 2164 639):«
1728 2105 1772 2146 am

59 2170 128 2214 cum
156 2158 252 2214 multae
273 2158 339 2215 aliae
354 2160 518 2215 curationes
533 2160 567 2216 ad
588 2161 640 2216 hos
666 2161 819 2229 sanandos,
843 2160 892 2231 qui
949 2159 1023 2216 liber
1034 2161 1245 2219 Sententiarum
1255 2167 1348 2219 exstat
1361 2162 1390 2217 in
1402 2162 1541 2246 ipsumab
1553 2162 1699 2233 episcopis
1711 2174 1776 2218 con·

61 2227 116 2285 hoc
132 2241 228 2285 errore
240 2229 381 2287 uulnerati
394 2239 473 2298 sunt,
487 2230 626 2287 adhiblta
643 2233 720 2299 sint3
737 2238 797 2288 tuin
815 2230 891 2288 istud
949 2232 1075 2301 scriptus
1087 2250 1095 2299 ς
1107 2234 1137 2288 in
1151 2247 1208 2305 quo
1221 2233 1297 2290 libro
1311 2236 1397 2290 etlam
1414 2235 1463 2290 isti
1478 2234 1527 2304 qui
1540 2246 1617 2290 nunc
1630 2246 1695 2290 cum
1711 2233 1774 2303 ipso

58 2299 148 2356 etiam
161 2302 317 2358 remedium
338 2301 373 2357 ad
397 2302 566 2358 medicinam
582 2303 687 2373 populo
705 2303 741 2359 ab
760 2303 827 2359 istis
839 2301 894 2358 de·
949 2303 1453 2375 sunthlarcelloatqueillifaient.in
1466 2304 1528 2374 ipsa
1536 2310 1615 2362 sente
1624 2304 1678 2360 itia
1688 2317 1774 2360 manu

58 2376 144 2441 cepto
157 2368 316 2429 faciendam
329 2373 475 2429 inventum
493 2378 536 2430 est
551 2374 770 2444 obtemperanti,
787 2379 892 2431 etcum
949 2374 1066 2500 propria
1084 2375 1329 2447 subscripserunt.
1347 2394 1361 2426 i
1384 2378 1416 2432 ln
1429 2376 1569 2433 archiviis
1580 2375 1772 2432 Ecclesiarum

57 2453 231 2499 consensum
246 2443 419 2515 collegarum
432 2449 595 2503 nostrorum
608 2445 782 2518 intelligant,
793 2458 892 2502 eorum
961 2445 1115 2503 stiusmodl
1127 2446 1357 2519 subscriptiones
1366 2446 1604 2505 custodiebantur
1612 2458 1724 2503 summa
1733 2446 1776 2502 di·

57 2514 235 2570 auctorltate
265 2514 299 2569 ad
328 2516 525 2585 poenitentiam
553 2529 583 2572 se
603 2530 667 2574 sero
692 2517 842 2588 recipient.
876 2533 889 2567 i
947 2515 1077 2600 ligentia¹
1096 2518 1143 2573 Sic
1157 2518 1402 2577 Antiochensium
1423 2519 1625 2590 episcoporum
1638 2516 1772 2574 subscri·

55 2582 212 2657 sufragia,
241 2584 380 2657 epistolae,
401 2591 429 2643 et
453 2586 684 2657 subscriptiones
712 2586 890 2659 episcopales
946 2592 1059 2657 ptiones
1073 2594 1150 2646 tomo
1164 2590 1279 2646 Damasi
1294 2590 1477 2647 authenticas
1498 2591 1528 2644 in
1539 2590 1670 2645 archiviis
1688 2604 1705 2644 o
1741 2602 1773 2644 e-

56 2660 198 2713 vocantur
220 2657 380 2714 curationis
393 2671 493 2730 geniis,
520 2658 684 2717 adhibitum
699 2659 735 2715 ab
760 2658 889 2716 Ecclesia
944 2659 1485 2718 toticaseiiisiescrearttestaturcodex
1500 2661 1642 2786 antifluus
1655 2602 1771 2716 bibffoi.

55 2727 93 2784 ad
122 2739 293 2784 consensum
319 2731 537 2802 ostendendum,
556 2735 587 2786 ut
608 2743 642 2787 ex
664 2736 809 2800 pastorum
832 2730 888 2787 do-
944 2729 1087 2786 Vaticanae
1106 2730 1142 2786 ab
1156 2731 1302 2789 llolstenio
1323 2732 1352 2787 in
1367 2731 1541 2789 collectione
1586 2742 1688 2787 omana
1704 2728 1772 2786 edi-

55 2798 184 2855 centlum
196 2799 323 2857 eamdem
333 2800 494 2857 doctrinam
508 2815 628 2859 assensu
645 2802 757 2859 aduersi
775 2815 886 2859 errores
943 2805 1000 2858 ius.

54 2877 274 2929 evacuarentur.
298 2872 413 2929 Pondus
429 2874 591 2944 argumenti
606 2874 770 2944 expendens
793 2873 887 2930 hare-
976 2873 1037 2928 Alii·
1058 2874 1205 2929 imbecilles
1222 2871 1287 2943 208,
1316 2876 1365 2944 prii·
1383 2876 1567 2944 coposuerunt
1587 2872 1669 2943 fidem
1695 2873 1770 2927 inte-

54 2941 172 3000 siarcha
193 2944 289 3014 tirius,
314 2945 383 3001 dum
410 2944 504 3013 primo
527 2945 702 3016 impietatem
724 2958 758 3001 cx
775 2943 885 3001 nefario
939 2960 1028 3014 gram.
1047 2947 1203 3002 Numerum
1227 2947 1357 3019 assignat
1370 2947 1583 3015 episcoporum,
1598 2944 1648 3014 qui
1669 2941 1769 3013 aliquo

52 3027 108 3072 ore
134 3017 285 3088 eructarit,
315 3015 427 3073 similes
453 3016 631 3086 episcopales
654 3016 884 3086 subscriptiones
942 3016 1147 3087 impedimento
1172 3017 1291 3088 detenti,
1319 3018 1418 3073 adesse
1446 3028 1502 3072 non
1524 3019 1641 3084 potuere
1667 3015 1769 3082 synodi

53 3087 358 3158 studuitextorquere3
370 3092 398 3143 et
415 3101 450 3144 nc
460 3086 555 3157 plebes
571 3088 660 3143 etalii
670 3089 883 3158 deciperentur,
901 3074 926 3138 G
941 3089 1055 3143 Nicenae
1065 3087 1264 3158 celebrationi,
1276 3102 1310 3144 ex
1322 3089 1368 3145 liis
1382 3086 1529 3144 confectus
1542 3085 1772 3159 cataloguseub-

56 3157 886 3226 iisdemdenuntiarithlexandcr,basfallaciterfuisseab
941 3159 1143 3228 scribentium,
1165 3164 1315 3232 exstatque
1328 3159 1403 3230 apud
1429 3157 1578 3214 Gelasium
1604 3158 1768 3215 cizicenam

55 3229 248 3316 heresiarcha
260 3229 496 3314 extortaslibid.).
511 3230 641 3299 synodus
662 3230 759 3302 itaque
771 3232 886 3315 Nicana
940 3230 1068 3288 dehetis
1086 3231 1213 3287 Nicaenis
1228 3229 1278 3287 lib.
1301 3245 1332 3302 ii,
1355 3236 1442 3314 caput
1456 3229 1604 3297 ultimum,
1624 3243 1690 3288 cunr
1703 3231 1769 3300 epi-

56 3301 886 3454 ihiliiiiii'‘alliiili'PEiiiiillmiiiiii
940 3301 1671 3445 silli?·.l.iii.¹isli.ihdliiililitdd
1689 3316 1771 3430 ilii

56 3458 116 3503 riou
130 3442 294 3510 adfuerant,
306 3443 379 3499 illud
401 3445 550 3512 intimans,
563 3444 810 3514 requiritsubscri
834 3446 886 3501 tio·
940 3443 1075 3501 omnibus
1106 3445 1135 3499 iu
1158 3449 1217 3500 toto
1242 3444 1310 3502 orbe
1333 3450 1474 3502 terrarum
1503 3444 1554 3502 liei
1575 3445 1713 3502 Ecclesiis
1736 3458 1769 3501 ea

60 3531 121 3575 nes.
135 3514 747 3588 PhilostorginssectaEunomianus,ethrii
757 3462 884 3585 perfora
941 3530 1004 3587 que
1014 3515 1049 3571 ab
1062 3516 1144 3585 ipsis,
1157 3517 1358 3586 perspiritum
1369 3525 1511 3586 sanctum,
1525 3518 1555 3573 in
1568 3530 1600 3574 ea
1613 3517 1772 3574 constituta

55 3589 203 3656 addictus,
213 3592 360 3659 nonnegat
371 3586 549 3657 reliquorum
560 3587 884 3657 episcoporumconsen·
939 3593 1045 3645 sunt.»
1062 3587 1172 3643 Exinde
1186 3588 1311 3644 solvitur
1325 3590 1520 3645 controversia
1531 3589 1568 3645 de
1583 3602 1703 3646 numero
1713 3589 1772 3658 cpi·

56 3674 126 3719 suni
144 3659 309 3728 accessisse,
324 3659 373 3714 sed
389 3671 466 3714 more
479 3657 566 3714 solito
578 3671 637 3715 rem
651 3658 818 3730 obtegendo,
834 3674 885 3716 ae·
939 3671 1102 3730 scaporum,
1130 3659 1180 3730 qui
1198 3658 1288 3715 veluti
1308 3666 1461 3729 presentes
1480 3659 1606 3717 concilio
1626 3660 1769 3717 celebrate

56 3733 360 3791 seritcircumyentos
381 3728 473 3786 fuisse
499 3728 594 3801 (ibid,
626 3728 743 3801 n.9):‹
769 3731 885 3788 Fatetur
939 3735 1139 3800 numerantur,
1173 3744 1239 3786 cum
1262 3736 1340 3788 certo
1368 3736 1479 3788 constet
1505 3731 1596 3789 multo
1614 3730 1768 3790 inferiores

55 3818 157 3862 omnes
172 3803 238 3860 fidei
252 3801 383 3859 formuiae
396 3803 519 3858 Nicaenae
536 3803 793 3866 convenisse......,
809 3803 886 3859 reli·
939 3801 1127 3859 celebrationi
1143 3800 1282 3859 adfuisse.
1298 3805 1369 3859 Nam
1384 3803 1544 3875 Ephesinos
1566 3804 1663 3860 Patres
1676 3802 1769 3861 fuisse

55 3889 203 3949 quamque
216 3875 363 3931 eohortem
388 3874 422 3929 ad
439 3874 578 3945 synodum
595 3873 765 3929 traductam.
784 3893 797 3924 n
819 3875 884 3931 hri-
940 3874 974 3931 ad
1002 3887 1050 3929 sex
1068 3872 1161 3928 millia
1180 3873 1301 3944 dicitur,
1317 3888 1382 3931 cum
1406 3881 1500 3932 tamen
1526 3875 1643 3932 ducenti
1657 3881 1769 3932 tantum

56 3948 203 4004 minenses
212 3945 341 4016 episcopi
353 3952 415 4017 post
423 3944 546 4015 lapsum,
558 3944 844 4002 cumcircumientos
855 3959 886 4002 se
940 3944 1104 4002 adfuerint:
1128 3949 1156 3999 et
1175 3945 1418 4003 chalcedonenses
1433 3946 1515 4003 mille
1535 3946 1685 4018 ducentos,
1703 3960 1768 4004 cunr

55 4018 189 4076 siderent
204 4017 378 4074 brianonum
394 4021 464 4083 arte,
481 4015 608 4072 uniuersi
623 4016 653 4071 in
670 4017 792 4087 epistola
804 4030 886 4089 ency·
939 4022 1051 4073 tantum
1075 4016 1201 4072 sexcenti
1218 4017 1338 4100 triginta
1349 4018 1507 4074 astiterint.
1534 4019 1677 4076 Numerus
1690 4019 1768 4074 enim

54 4089 133 4146 cllca
150 4088 309 4157 subscripti
332 4088 395 4144 orbi
412 4088 545 4143 universo
559 4087 736 4143 Palinodiam
753 4093 886 4145 recanta-
941 4087 991 4145 ille
1002 4086 1162 4143 exuberans
1176 4087 1382 4160 intelligendus
1393 4089 1428 4144 dc
1442 4089 1626 4159 episcopiset
1640 4103 1768 4161 prasen-

55 4165 138 4231 runt,
157 4173 191 4216 ex
210 4158 325 4216 Liberio
350 4159 435 4229 epist.
462 4158 497 4213 ad
523 4158 685 4215 orientales
707 4158 796 4231 (epist.
821 4156 881 4231 lli:
939 4158 1020 4216 tibus
1032 4166 1061 4215 et
1075 4158 1256 4220 absentibus.
1270 4160 1321 4242 qui
1336 4165 1429 4216 tamen
1444 4160 1487 4216 iel
1512 4168 1579 4218 ante
1593 4161 1768 4220 celebratio-

56 4232 192 4289 «Omnes
203 4229 248 4286 illi
257 4229 316 4287 fere
325 4229 464 4302 episcopi,
480 4231 529 4301 qui
543 4230 883 4304 ariminiccniencrunt,
940 4244 1014 4300 nem,
1032 4229 1076 4286 iel
1103 4235 1200 4300 postea
1220 4230 1286 4287 fidei
1305 4230 1429 4288 articulo
1443 4232 1685 4304 subscripserant.
1709 4233 1770 4303 Qua

56 4303 221 4430 quieuerel
233 4301 387 4359 fallacibus
400 4302 519 4358 inescati
536 4300 691 4372 illecebris,
703 4302 749 4359 iel
762 4305 790 4360 il
803 4318 886 4360 com-
939 4302 1132 4372 explicatione
1153 4301 1224 4358 bene
1247 4316 1372 4374 expensa
1387 4301 1472 4360 facile
1494 4304 1636 4362 enodatur
1656 4305 1768 4362 dictum

57 4373 126 4447 puls
142 4415 149 4442 ‚
165 4374 325 4430 addetum
342 4374 458 4445 quidem
479 4373 678 4438 desciuerunt3
700 4387 777 4430 nunc
791 4379 885 4431 tamen
939 4374 1076 4431 Dalmatii
1101 4374 1280 4430 sanctissimi
1302 4375 1546 4440 archimandritae,
1573 4376 1624 4446 qui
1645 4376 1769 4433 audiens

54 4446 94 4503 ad
109 4458 207 4502 sanam
219 4449 338 4502 mentem
351 4444 468 4513 reversi,
479 4444 544 4500 fidei
556 4442 687 4501 formulae
694 4443 728 4500 ab
739 4446 885 4517 episcopis
901 4485 927 4548 D
941 4444 1005 4501 fidei
1021 4446 1153 4514 iacturas
1170 4459 1219 4516 per
1232 4447 1418 4503 Nestorianos
1431 4447 1589 4510 immissas,
1603 4451 1631 4502 et
1660 4446 1691 4503 iii
1703 4447 1767 4504 dies

53 4517 183 4574 Arimini
197 4517 361 4574 convocatis
372 4517 456 4572 editae
467 4515 846 4588 anathemadenuntiarunt,
858 4523 886 4574 et
940 4522 1049 4588 auctas,
1063 4517 1256 4573 Theodosium
1269 4517 1305 4572 ab
1319 4517 1424 4572 aulicis
1439 4518 1677 4586 circumventum,
1692 4522 1720 4574 et
1736 4518 1766 4574 in

55 4587 336 4656 fideicatholicae,et
350 4587 515 4657 apostolicae
527 4587 887 4645 Nicaeaecoiiflrmataesub·
941 4590 1037 4646 Patres
1058 4588 1219 4658 Ephesinos
1239 4587 1378 4643 offensum
1393 4588 1576 4658 conveniens,
1596 4593 1624 4644 et
1647 4602 1765 4645 eorum-

56 4661 250 4730 scripserunt,
264 4665 291 4715 et
310 4659 460 4716 nobiscum
474 4660 533 4729 y'am
549 4670 605 4715 una
629 4660 853 4717 communicant.
871 4679 884 4712 i
939 4662 1002 4718 dem
1027 4660 1223 4717 defensionem
1236 4658 1400 4728 suscipiens
1423 4659 1452 4715 in
1465 4658 1606 4731 Apologia
1617 4658 1694 4717 dixit
1707 4658 1763 4730 (up.

54 4729 150 4803 (Erue.
166 4728 193 4801 2,
210 4743 273 4803 pag.
291 4728 381 4802 ⁴3⁴9.)
400 4732 476 4786 luter
497 4729 655 4801 fragmenta
673 4733 768 4802 operis
792 4732 887 4790 histo-
940 4733 1046 4786 lieltuo.
1070 4745 1095 4800 p.
1113 4727 1185 4802 tos),
1203 4732 1401 4800 imperatorem
1421 4729 1625 4800 interpellans:
1642 4751 1656 4785 u
1675 4731 1768 4787 Cate-

55 4801 114 4859 rici
125 4802 304 4872 deperditis.
315 4801 419 4858 llilarii
433 4806 525 4858 exstat
537 4800 659 4871 epistola
670 4803 759 4859 ltalia
771 4804 888 4873 episco-
942 4816 1004 4858 rurn
1041 4815 1072 4858 ro
1087 4801 1189 4872 altera,
1206 4800 1259 4857 hoc
1273 4806 1316 4857 est
1347 4814 1379 4857 ro
1392 4807 1472 4872 parte
1483 4800 1652 4874 cyrilliana,
1668 4815 1764 4860 coram

57 4886 161 4944 porum
171 4873 206 4928 ad
223 4873 362 4944 illyricos,
373 4873 422 4945 qui
434 4872 585 4929 Ursaciiet
595 4871 722 4931 Valentis
733 4873 886 4932 fraudibus
941 4817 1075 4930 omnibus
1095 4873 1177 4930 dixi:
1205 4885 1254 4929 sex
1276 4815 1369 4928 milfia
1395 4886 1429 4928 ne
1448 4873 1648 4944 episcoporum
1663 4874 1766 4931 audire

57 4945 166 5001 irretiti
181 4945 276 5001 adhuc
291 4944 425 5002 inerrore
437 4943 651 5015 detinebantur,
663 4950 691 5002 et
706 4951 738 5003 ut
751 4947 793 5002 eis
806 4959 887 5002 rese-
941 4945 1032 5013 malit,
1046 4958 1082 5000 an
1096 4959 1185 5002 unum
1198 4949 1310 5001 tantum
1321 4944 1476 5011 hominem,
1487 4958 1610 5016 eumque
1621 4944 1767 5016 implumi

56 5021 157 5073 rarent
173 5013 313 5084 fraudem,
332 5016 457 5073 aliorum
476 5018 676 5088 episcoporum
696 5017 887 5074 subscriben-
939 5017 993 5073 Sex
1008 5015 1102 5072 millia
1121 5022 1216 5073 autem
1230 5030 1279 5074 ces
1294 5016 1415 5087 aiebam,
1432 5018 1482 5088 qui
1503 5016 1557 5074 sub
1573 5016 1769 5088 metropolita·

57 5087 133 5144 tium
147 5084 287 5145 formulas
300 5088 443 5161 dirigunt,
465 5094 496 5144 ut
511 5093 562 5145 aut
576 5088 704 5158 exempla
716 5094 885 5161 sequantur,
940 5100 1042 5145 norum
1067 5089 1318 5146 sanctissimorum
1334 5102 1349 5145 e
1371 5089 1534 5157 iscoporum
1552 5092 1690 5158 potestate
1712 5090 1768 5146 de-

55 5163 111 5216 aut
138 5159 182 5215 uti
198 5161 323 5229 separati
345 5173 361 5216 a
376 5159 556 5230 reliquorum
571 5169 656 5230 coetu,
678 5161 883 5218 declarentur:
940 5165 1020 5288 {um'
1038 5177 1052 5208 »
1067 5158 1189 5215 Sanctus
1197 5161 1272 5217 enim
1282 5104 1408 5232 cyril'ius
1419 5166 1483 5229 post
1492 5161 1637 5230 duplicem
1647 5160 1768 5218 Alexan·

56 5248 72 5284 e
92 5229 416 5288 Ariminensisconcilii
430 5237 539 5288 statuta
550 5233 739 5301 quorumdam
748 5232 887 5306 tergiver-
962 5231 1054 5287 rimam
1069 5230 1209 5301 synodum
1221 5236 1287 5288 ante
1301 5232 1451 5303 Ephesinae
1468 5231 1700 5299 celebrationem,
1716 5249 1765 5304 sy-

56 5301 171 5359 satione
193 5310 339 5372 corrupta,
351 5303 417 5371 jure
432 5303 644 5359 rescindimus:
663 5319 785 5376 quorum
799 5305 886 5360 ctiam
942 5303 1075 5359 nodioam
1089 5302 1282 5372 metropolitis
1296 5304 1414 5368 direxit,
1429 5308 1457 5359 ct
1469 5303 1606 5360 consonis
1618 5302 1768 5374 suffragiis

54 5372 234 5442 exemplaria
248 5373 469 5429 transmittenda
483 5375 660 5445 censuimus,
677 5382 709 5431 ut
719 5389 770 5432 nec
786 5377 817 5432 in
833 5375 887 5432 fide
941 5375 1092 5430 Nestorius
1108 5374 1289 5445 proscriptus
1303 5381 1356 5430 est.
1377 5374 1485 5430 Laudat
1500 5375 1548 5430 hic
1562 5374 1590 5430 S.
1606 5375 1767 5432 Dalmatius

56 5443 220 5510 retinenda,
245 5454 296 5497 nec
313 5444 344 5498 in
359 5443 533 5501 confutando
560 5447 736 5503 Ariminensi
761 5447 886 5503 concilio
942 5459 1092 5501 numerum
1107 5459 1218 5508 eorum,
1233 5445 1284 5516 qui
1300 5445 1476 5515 Ephesinum
1498 5446 1643 5502 decretum
1659 5459 1769 5516 appro-

55 5512 155 5585 aliqua
166 5512 602 5572 ridereturessecondissensio.
613 5516 785 5586 Quicunque
797 5517 888 5590 igitur
942 5516 1077 5573 baieraitt
1096 5516 1175 5589 (tom.
1194 5519 1217 5573 ll
1235 5519 1326 5586 Gonu,
1341 5530 1371 5587 p.
1388 5513 1458 5587 iss).
1485 5517 1521 5572 Et
1536 5517 1566 5572 in
1583 5516 1666 5587 plena
1678 5517 1768 5575 Chal-

59 5592 165 5642 nostrae
180 5584 383 5641 unanimitatis
398 5590 477 5654 optat
492 5585 595 5643 habere
611 5589 800 5657 consortium,
817 5590 888 5660 qui·
941 5588 1094 5644 cedonensi
1122 5589 1230 5660 synodo
1246 5594 1301 5645 act.
1318 5586 1503 5659 lcecropius
1526 5589 1679 5660 episcopus
1701 5605 1767 5647 cum

57 5669 174 5727 cunque
187 5655 366 5713 individuam
382 5669 478 5728 pacem
496 5656 645 5715 nobiscum
661 5658 764 5716 habere
778 5661 888 5718 deside·
940 5660 1035 5716 deceni
1051 5660 1248 5732 AEgyptiorum
1263 5661 1463 5731 episcoporum
1490 5662 1541 5734 qui
1554 5661 1692 5719 Dioscoro
1714 5676 1769 5720 eo-

59 5732 115 5796 rat,
126 5742 189 5856 3⁰³⁸
200 5733 386 5812 suntunostrae
400 5729 549 5786 sententiae
564 5731 748 5801 comprobare
758 5731 885 5807 festinet,
942 5744 1035 5804 usque
1053 5733 1262 5790 contumaciter
1288 5731 1402 5789 stabant
1434 5703 1673 5807 refugiebantque
1692 5735 1767 5791 sub-

62 5797 127 5857 utfi
147 5813 174 5858 ei
187 5813 204 5857 a
216 5799 300 5858 nobis
314 5806 475 5860 memorata
487 5801 730 5875 subscriptionem
744 5811 773 5864 et
786 5807 886 5866 rescis-
941 5803 1068 5863 scribere
1079 5804 1210 5877 epistolae
1223 5805 1392 5878 dogmatica
1406 5804 1435 5862 S.
1456 5805 1570 5879 Leonis,
1593 5806 1770 5880 tergiuersa-
