3892 6136
146 221 170 293 il
526 208 528 212 ’
870 215 1061 287 emutio.
1770 219 1808 297 aa

155 347 235 508 dimis
250 342 489 499 raginis‘rggmen
504 357 570 413 emm
586 342 708 422 legerem
720 320 913 419 compositum
926 356 992 403 cum
1007 343 1160 411 consulatu
1175 344 1266 413 ilarii
1277 344 1416 415 wenni,
1432 345 1480 413 bit
1492 351 1658 415 murrone
1669 346 1700 409 iu
1713 346 1808 408 Fastis

142 447 250 503 caunos
329 446 345 490 e
427 474 435 503 ,

821 531 932 589 sacnti
949 531 1100 591 masiliis

716 604 792 659 hee.
814 603 910 659 IVSTI.
930 602 962 659 V.
983 603 1046 659 ihs.
1066 603 1202 662 musae

720 676 803 731 aius.
823 671 993 730 SEVERINO
1012 675 1044 732 V.
1063 676 1092 732 C.
1113 676 1201 735 GONS

141 791 225 849 sonuit
251 791 319 862 pius
349 791 484 848 sacerdos
517 791 604 862 buius
623 791 722 862 tempii
748 790 932 862 Propositus,
946 788 973 849 A
988 790 1145 863 Arvalium,
1166 792 1336 859 Pontificum
1353 793 1503 866 italorum,
1524 791 1685 867 Augurum,
1701 791 1811 864 Epulo-

138 894 197 938 sacra
218 879 274 936 baec
299 884 483 937 monumenta
512 880 585 937 mihi
615 879 757 950 indicans,
793 884 931 951 repertam
988 880 1226 950 nnmsodattnm
1241 882 1394 950 Titlorum,
1410 879 1626 954 Augustalium,
1642 879 1809 948 isiacorum,

138 970 204 1028 inisse
230 971 303 1027 hauc
327 975 499 1041 postremam
525 969 652 1028 tabulam
684 983 868 1029 marmoream
893 970 934 1025 ita
986 967 1131 1026 cultorum
1153 970 1296 1041 iterculis,
1316 970 1401 1042 Solis,
1423 970 1544 1037 liithrae,
1565 969 1687 1041 ailaeque
1704 968 1812 1039 hujus-

136 1060 276 1134 inscriptam
289 1060 345 1116 sub
357 1059 491 1119 columna
502 1058 631 1116 ecciesiae
641 1059 710 1117 dum
726 1060 820 1129 parics
833 1057 933 1114 redoc-
988 1058 1064 1113 modi
1078 1071 1158 1114 sacra
1174 1058 1316 1129 protossae,
1332 1064 1359 1116 et
1372 1058 1402 1115 in
1414 1058 1547 1116 decurias
1563 1057 1732 1128 plerumque
1745 1055 1812 1114 dis-

135 1158 201 1221 relur,
219 1148 375 1207 occludens
392 1146 519 1207 loculum
535 1147 566 1204 iu
582 1147 670 1218 topho
689 1139 864 1219 excavatum,
882 1147 932 1205 ubi
987 1144 1114 1211 tributa.
1139 1151 1172 1204 ut
1197 1148 1330 1205 observat
1360 1147 1510 1204 Fabrettus
1539 1147 1670 1216 inscript.
1697 1159 1758 1215 cap.
1781 1142 1810 1216 d,

132 1239 296 1295 cernebantur
317 1239 405 1293 tustae
427 1236 552 1309 virginis
573 1250 638 1293 ossa
663 1237 782 1308 integra,
803 1236 933 1307 deposita
988 1248 1050 1306 pag.
1066 1232 1118 1291 tae
1130 1243 1158 1292 et
1173 1233 1235 1307 tte,
1250 1236 1379 1293 solebant
1392 1234 1560 1292 marmoreis
1573 1232 1682 1290 tabulis
1698 1231 1812 1290 inscul-

131 1328 241 1397 nanibos
258 1325 426 1382 cancellatis
445 1338 510 1381 cum
530 1325 637 1382 lamina
659 1325 790 1396 plumbea
812 1324 934 1396 pedibus
988 1331 1035 1395 pta
1049 1325 1342 1399 attigeretcmpiorum
1355 1325 1449 1397 adytis
1463 1331 1493 1381 ct
1504 1323 1666 1380 uestibulis.
1680 1322 1732 1380 iiis
1745 1334 1811 1380 tero

128 1417 248 1487 apposita,
266 1416 364 1486 inqua
378 1415 513 1471 visuntur
527 1413 641 1486 litterae,
655 1427 768 1487 nornen,
782 1418 931 1471 aestatum
986 1412 1067 1471 lctis
1082 1414 1197 1485 publica
1212 1415 1384 1472 auctoritate
1406 1412 1566 1485 propositis
1579 1411 1615 1468 ab
1630 1411 1810 1469 ethnicorum

127 1504 230 1576 virginis
265 1504 426 1561 indicentes
458 1502 513 1561 suh
547 1508 787 1576 monogrammate
823 1502 931 1560 Christi
987 1504 1194 1574 superstitione
1212 1505 1273 1560 visa
1293 1508 1336 1560 est
1358 1503 1486 1560 indicere
1505 1500 1653 1574 singulare
1671 1505 1816 1558 certamen

125 1593 245 1650 bomini:
987 1599 1092 1648 nostrae
1106 1592 1360 1665 reiigiontsalieo
1380 1596 1506 1664 protecta
1526 1590 1660 1647 virtuset
1675 1592 1813 1647 coustan-

345 1678 452 1751 ΑΜ
469 1678 571 1737 iiisih
592 1678 698 1743 mireo
986 1681 1027 1736 tia
1050 1694 1100 1751 per
1118 1695 1246 1739 summos
1265 1680 1432 1738 hierarchas
1449 1678 1583 1737 Ecclesiae
1600 1677 1710 1734 christi
1730 1674 1814 1733 mili-

146 1769 183 1826 ibi
199 1769 286 1825 etiam
309 1769 452 1826 numisma
467 1768 574 1826 Licinii
595 1772 736 1840 repertum
757 1766 847 1825 tuisse
862 1781 932 1824 nar·
989 1770 1096 1827 tantis:
1114 1774 1146 1827 ut
1159 1769 1228 1826 tcta
1244 1770 1302 1827 reri
1319 1768 1472 1827 sacerdotii
1487 1767 1659 1825 christianae
1671 1765 1745 1839 legis
1758 1776 1815 1822 aare

120 1859 191 1916 rasit.
988 1859 1142 1930 perennius
1154 1858 1245 1915 incisa
1259 1858 1367 1915 uostris
1378 1857 1409 1913 in
1422 1856 1562 1926 basilicis,
1576 1855 1672 1912 titulis
1681 1857 1711 1910 et
1721 1851 1814 1910 coilo-

143 1945 185 2003 te.
201 1947 267 2002 iiaec
282 1945 378 2002 omnia
399 1958 467 2002 cum
481 1949 592 2015 reputo,
609 1949 675 2016 post
687 1944 785 2001 Nolam
800 1958 816 2001 a
829 1944 933 2001 Gothis
988 1946 1046 2021 giis
1066 1947 1256 2017 triumphales
1276 1946 1365 2002 veluti
1386 1944 1476 2002 iactos
1495 1947 1670 2016 opponerent
1685 1943 1715 1997 in
1735 1938 1812 1997 Petri

117 2041 216 2106 captam
227 2038 256 2090 et
266 2039 415 2107 vastatam,
427 2033 522 2098 adhuc
531 2032 654 2105 reperiri
665 2034 754 2090 unius
765 2036 795 2090 in
805 2034 933 2091 ecciesiae
986 2036 1129 2107 capitolio
1141 2032 1271 2107 profanis
1282 2032 1466 2102 ethnicorum,
1477 2029 1697 2101 initiationibus
1707 2033 1738 2086 et
1749 2040 1814 2099 my-

117 2123 228 2193 ambitu,
243 2136 307 2193 quae
319 2121 413 2179 iuerat
427 2135 443 2178 a
458 2123 488 2185 ll.
502 2121 624 2180 mulino
637 2123 772 2183 restituta
786 2128 814 2178 et
825 2122 934 2193 ampli·
949 2112 975 2174 B
988 2126 1087 2191 stertis
1101 2125 1268 2201 impietatis.
1284 2123 1355 2179 Nam
1369 2124 1503 2178 Romanae
1514 2119 1648 2177 Ecclesiae
1664 2115 1814 2190 pontiaces

116 2213 200 2280 icata,
217 2215 305 2282 atque
321 2211 350 2268 in
375 2209 567 2273 marmoribus
586 2210 683 2282 quinti
699 2216 727 2267 et
745 2212 818 2268 sexti
834 2212 932 2268 seculi
987 2216 1022 2272 ad
1047 2215 1252 2286 perennitatem
1279 2211 1434 2282 memoria,
1460 2214 1489 2266 et
1513 2207 1644 2264 historie
1670 2203 1765 2276 ddem,
1786 2208 1814 2262 et

115 2301 188 2357 rideo
212 2300 341 2368 nomina,
368 2304 475 2369 etates,
506 2299 702 2370 depositiones
734 2300 933 2370 episcoporum
987 2304 1190 2360 documentum
1213 2300 1336 2372 posteris
1360 2297 1615 2356 transmittendum
1638 2295 1738 2352 eterni
1764 2306 1814 2352 sa·

114 2389 272 2461 consignari
282 2387 518 2458 percensuimus,
531 2399 640 2444 necnon
652 2388 801 2444 memorari
814 2388 936 2460 presby·
989 2391 1112 2449 cerdotii
1126 2390 1242 2447 christo
1262 2387 1361 2445 collati
1380 2399 1396 2443 a
1411 2388 1503 2450 Patre,
1518 2385 1659 2457 abeoquo
1680 2395 1815 2441 commu-

116 2482 236 2536 taturum
267 2476 478 2547 ordinationes,
506 2476 647 2538 diaconos
673 2476 760 2533 etiam
788 2473 878 2547 (uque
902 2491 935 2534 ac
989 2481 1078 2539 nicati
1101 2480 1184 2537 Petro
1205 2484 1232 2536 et
1251 2476 1467 2536 successoribus
1489 2475 1566 2532 vices
1587 2486 1655 2531 suas
1676 2473 1708 2529 in
1727 2469 1815 2530 terris

114 2565 314 2635 subdiaconos,
338 2571 367 2621 ct
388 2578 484 2622 sacras
508 2564 646 2636 virgines)
672 2564 778 2622 ibidem
802 2566 935 2623 conditos
990 2568 1174 2640 obeuntibus,
1199 2566 1305 2625 ibidem
1327 2571 1433 2636 tropea
1453 2563 1660 2636 apostolorum,
1676 2566 1705 2618 ct
1720 2573 1822 2619 meras

114 2653 210 2721 inisse,
227 2668 284 2711 non
301 2654 439 2727 neglectis
454 2658 614 2733 temporum
629 2653 716 2718 notis,
733 2655 867 2715 universa
881 2656 936 2713 de-
990 2659 1076 2731 teges,
1097 2670 1130 2713 ac
1149 2654 1342 2717 successionis
1358 2655 1436 2725 iura,
1457 2659 1486 2710 ct
1507 2652 1610 2710 scriem
1632 2650 1815 2722 spectandam

114 2757 187 2799 num
218 2747 316 2812 aptata
347 2742 431 2804 rideo
462 2743 498 2801 ad
529 2741 676 2815 exemplar
707 2744 934 2801 coemeteriorum
990 2750 1201 2817 proposuerunt
1216 2757 1356 2801 marmore
1370 2749 1399 2799 et
1412 2755 1467 2799 acre
1480 2740 1611 2809 incisam,
1629 2739 1679 2797 ubi
1696 2738 1732 2795 ab
1746 2738 1815 2797 ido·

113 2830 203 2895 Urbis,
221 2845 335 2888 necesse
349 2835 392 2886 est
407 2836 440 2887 ut
455 2830 522 2898 inde
535 2830 670 2903 colligam
684 2831 743 2888 duo
757 2831 931 2889 corollaria:
990 2833 1084 2892 lorum
1100 2834 1203 2906 mystis
1217 2833 1430 2903 diligentissimo
1451 2831 1643 2902 superstitione
1662 2826 1814 2882 hebebatur

114 2921 234 2991 primum
249 2925 302 2989 est,
319 2920 349 2975 B.
365 2920 519 2978 Paulinum
534 2921 597 2989 ejus
612 2919 740 2978 basilicae
756 2921 936 2979 instaurato·
990 2923 1129 2979 collectum
1154 2922 1295 2994 quidquid
1315 2935 1432 2990 usquam
1456 2921 1550 2988 merui
1572 2917 1652 2971 vonis
1676 2914 1817 2970 umoribus

115 3023 180 3075 rem,
205 3009 257 3080 qui
279 3009 392 3080 origine
412 3009 566 3080 Romanus,
588 3007 657 3066 licet
676 3009 705 3065 ln
725 3009 819 3066 Gallia
839 3016 934 3080 natus,
990 3015 1147 3070 institutum
1160 3031 1170 3081 ‚·
1185 3010 1423 3085 quemadmodum
1438 3007 1570 3066 observat
1583 3007 1610 3063 S.
1627 3007 1681 3063 Leo
1696 3005 1819 3078 Magnus

116 3098 264 3154 maximam
290 3099 385 3157 aetatis
413 3103 519 3169 partem
545 3098 575 3157 in
597 3097 671 3159 Urbe
695 3104 880 3171 transegerat,
906 3100 936 3155 in
991 3116 1075 3169 serm.
1094 3099 1120 3173 i,
1136 3103 1171 3160 de
1184 3102 1230 3159 ss.
1247 3099 1387 3172 apostolis
1405 3100 1486 3155 Petro
1506 3101 1535 3153 ct
1548 3094 1647 3152 Paulo.
1662 3096 1702 3151 ita
1718 3104 1819 3164 nempe

116 3199 167 3256 qua
183 3187 270 3243 etiam
291 3186 366 3243 inter
380 3191 525 3249 senatores
540 3186 648 3249 relatus
666 3187 847 3251 consulatum
863 3201 939 3259 ouo-
992 3207 1043 3264 par
1066 3196 1137 3262 erat,
1160 3195 1192 3249 ut
1213 3189 1291 3247 omni
1310 3202 1412 3263 genere
1436 3187 1673 3244 documentorum
1696 3181 1813 3240 evidens

116 3290 167 3346 quc
188 3283 315 3347 gesserat
340 3290 416 3332 anno
443 3275 550 3335 Christi
576 3273 642 3346 375,
667 3290 732 3334 cum
763 3282 938 3348 perspectam
992 3281 1168 3351 redderetur,
1187 3279 1334 3336 christun
1352 3279 1452 3348 iteum
1471 3277 1586 3350 negem
1603 3277 1631 3329 et
1648 3270 1818 3330 sacerdotem

117 3362 229 3421 haberet
264 3365 502 3422 consuetudinem
532 3365 667 3432 moleste
701 3366 842 3439 Romanas,
879 3367 939 3424 haee
991 3370 1141 3427 secundum
1155 3369 1277 3424 moinum
1297 3365 1492 3423 Melchisedech
1513 3361 1653 3420 mminort
1666 3359 1752 3416 etiam
1769 3370 1820 3427 per

116 3451 268 3524 diligenter
282 3453 412 3510 curantis
427 3467 477 3524 per
495 3455 625 3521 uomrtos
648 3455 837 3526 regionarios,
856 3456 940 3512 intu-
953 3465 978 3529 c
992 3472 1089 3516 seruos
1110 3471 1179 3516 suos
1196 3457 1323 3513 inmedio
1340 3457 1513 3510 inimicorum
1531 3463 1641 3505 suorum
1658 3445 1744 3515 (Prot.
1760 3442 1818 3515 cx).

117 3538 181 3596 iisse
193 3541 321 3597 eamdem
332 3543 569 3599 consuetudinem
581 3543 614 3599 in
624 3543 778 3601 Ecclesiam
789 3542 937 3616 Nolanam,
992 3549 1022 3606 ld
1038 3547 1148 3604 otarius
1162 3552 1195 3603 ut
1209 3543 1397 3616 percipiatur,
1414 3539 1489 3611 quod
1506 3534 1665 3605 plurimum
1681 3530 1768 3589 reiert
1781 3528 1816 3588 ad

118 3628 156 3684 ret
177 3633 262 3685 antea
283 3629 428 3686 inductam
450 3631 643 3689 conflrmasse.
665 3631 795 3689 Alterum
814 3633 940 3689 corolla-
992 3635 1173 3693 asserendam
1193 3632 1357 3689 drmitatem
1380 3625 1546 3683 historicam
1567 3635 1663 3679 rerum
1681 3622 1713 3691 in
1732 3619 1819 3687 Libro

119 3717 189 3772 num
207 3722 261 3786 est,
278 3723 360 3773 etate
378 3718 492 3775 Paulini
511 3724 541 3779 et
555 3719 695 3790 proxima,
717 3733 817 3790 nempe
835 3720 940 3777 seculo
992 3721 1152 3782 Pontidcali
1176 3720 1412 3793 memoratarum,
1432 3717 1548 3786 prestat
1568 3709 1730 3781 obseruare,
1747 3709 1819 3767 ubi·

119 3811 229 3874 quarto,
257 3806 371 3874 quando
398 3806 551 3878 Camioguu
580 3807 630 3867 illc
659 3808 739 3879 prior
772 3809 939 3879 pontiacum
993 3824 1058 3868 nam
1076 3813 1187 3880 reperta
1203 3806 1313 3864 tuerint
1329 3804 1399 3861 lota
1415 3802 1466 3860 iiia
1481 3801 1649 3873 paniosate
1662 3800 1820 3856 memorata

120 3893 307 3951 Romanorum
325 3894 381 3957 suin
394 3895 510 3956 tiberio
522 3895 767 3967 comoribebatur,
778 3898 940 3954 abundasse
993 3897 1207 3972 cooptaticnum
1217 3894 1340 3953 ethnicae
1350 3891 1538 3965 professionis
1546 3889 1736 3948 sacerdotum.
1747 3886 1820 3943 tira-

120 3986 157 4037 tot
166 3982 349 4039 documentis
362 3983 540 4056 genuiniset
552 3983 680 4065 publicis
689 3984 841 4043 historiam
852 3985 940 4056 hujus
993 3994 1071 4046 trum
1085 3986 1243 4057 Arvalium,
1259 3989 1288 4040 ct
1301 3984 1446 4040 cattorum
1466 3979 1563 4050 isidis,
1583 3976 1703 4049 timidis,
1718 3974 1820 4032 Hatris

122 4071 251 4127 Ecclesiae
272 4072 414 4145 Romane,
435 4078 469 4145 ut
481 4074 545 4137 sota
562 4087 597 4143 eg
612 4075 790 4146 inspectione
810 4075 939 4132 brevium
993 4080 1111 4151 btagnae,
1126 4075 1249 4145 biitbrae,
1265 4076 1294 4129 et
1308 4071 1395 4143 soils,
1414 4067 1522 4144 quihus
1542 4072 1650 4126 nostrae
1668 4063 1820 4140 religionis

122 4161 351 4233 inscriptionum,
367 4177 431 4234 quas
445 4162 613 4235 legebam,ur
626 4164 656 4221 iu
669 4165 842 4225 cemeteriis
852 4165 941 4221 Chri·
994 4165 1141 4224 antistites
1153 4163 1212 4220 neri
1227 4160 1381 4220 sacerdotii
1394 4157 1556 4216 Christiani
1571 4157 1642 4228 icta
1652 4168 1715 4213 esse
1727 4166 1821 4235 oppo-

119 4249 220 4306 silanis
234 4249 421 4321 chronologia
432 4251 648 4313 antiochaenis
660 4255 852 4311 Romanorum
867 4266 942 4324 pon·
996 4255 1088 4313 nenda
1106 4255 1290 4310 censuerunt.

121 4337 227 4396 tticum
261 4338 475 4411 colligeretur,
497 4345 549 4411 aut
572 4347 652 4415 certe
677 4341 718 4412 ita
744 4341 841 4399 luxata
866 4342 942 4399 ratio
1029 4340 1075 4399 28.
1098 4340 1300 4412 cooptationcs
1322 4336 1506 4401 decuriarum
1529 4332 1613 4391 iilius
1633 4329 1820 4389 sacerdotalis

122 4431 278 4496 temporum
289 4427 824 4509 pontideiotitm,pentemimemuaquam
837 4435 940 4501 posset,
995 4429 1112 4502 collegii
1125 4428 1317 4496 ethnicorum,
1331 4425 1379 4484 cui
1395 4424 1573 4487 Neroeaesar
1587 4421 1731 4492 ascriptas
1744 4418 1820 4490 iegi-

122 4516 202 4583 cujus
227 4516 389 4572 emendatio
417 4530 478 4582 nom,
500 4523 576 4583 esset
601 4517 699 4583 tuellis
719 4519 795 4591 apud
819 4532 867 4575 eos
891 4518 941 4590 qui
996 4527 1045 4578 tur
1059 4520 1113 4576 sub
1126 4517 1248 4586 Claudia
1263 4517 1444 4587 immature,
1461 4511 1584 4573 affirmat
1597 4510 1740 4567 Grumrus
1754 4521 1818 4580 pag.

123 4608 227 4659 attente
262 4604 444 4665 consulerent
473 4606 577 4667 auios
608 4606 784 4677 sepulcrales
806 4593 943 4664 'Romanae
996 4621 1050 4680 ccc,
1071 4614 1198 4679 repertas
1216 4605 1311 4673 tutem
1330 4603 1469 4671 Beate-'m
1485 4601 1545 4667 uu
1560 4615 1632 4665 runo
1650 4599 1679 4654 S.
1697 4597 1772 4652 Petet
1790 4598 1820 4650 m

123 4690 262 4762 Ecclesiae,
295 4693 454 4761 presertim
477 4695 504 4751 si
526 4695 733 4753 adhiberentur
762 4697 848 4753 etiam
873 4697 943 4752 Acta
1000 4699 1133 4755 Vaticano
1162 4711 1236 4751 annuo
1267 4691 1346 4763 4596,
1374 4707 1465 4748 meuse
1487 4692 1579 4747 tunic.
1605 4688 1675 4745 icta
1698 4684 1819 4756 collegii

124 4786 288 4852 martyrum,
300 4780 430 4838 uersibus
445 4781 557 4847 inclusa
570 4798 620 4867 per
631 4785 793 4855 Damasum,
808 4789 836 4841 et
852 4786 943 4843 incisa
958 4821 984 4882 D
997 4788 1127 4843 Fratrum
1146 4784 1297 4847 Arretium,
1315 4781 1369 4845 sub
1387 4781 1566 4850 contemno,
1584 4791 1647 4848 qum
1667 4775 1697 4830 V.
1715 4775 1746 4828 C.
1763 4773 1821 4827 iia-

124 4870 284 4925 eorumdem
310 4870 468 4938 memoriis,
490 4885 579 4957 eaque
601 4871 800 4930 conferrentur
813 4887 878 4930 cum
895 4874 944 4930 in-
997 4874 1108 4930 hrettus
1139 4873 1276 4943 produxit
1307 4870 1535 4951 inscriptionum
1561 4879 1622 4945 pte·
1651 4858 1713 4928 tta,
1737 4858 1820 4914 ‘¹⁰⁰2‘

123 4958 331 5028 scriptionibus
350 4959 493 5034 Caeeurmnt
515 4966 542 5017 et
567 4963 787 5034 magistratuum
804 4976 820 5019 a
835 4962 944 5034 quibus
997 4959 1138 5019 asservari
1157 4959 1187 5014 in
1204 4958 1324 5023 archivo
1343 4956 1472 5024 basilice
1490 4952 1642 5020 vaticanae,
1664 4946 1714 5005 ubi
1731 4944 1818 5003 etiam

124 5045 238 5115 publico
261 5048 380 5121 judicio
402 5047 517 5125 iuomaot
542 5050 670 5124 demasii
696 5056 725 5121 et
751 5063 802 5121 pro
828 5051 944 5109 Christo
998 5047 1214 5109 custodiebatur
1236 5045 1425 5116 fragmentum
1448 5041 1520 5099 iliud
1542 5043 1625 5096 state
1646 5050 1698 5095 sua
1720 5048 1820 5105 reper-

123 5135 219 5192 occisi.
999 5145 1071 5206 tum,
1087 5137 1162 5209 quod
1182 5132 1315 5192 exhibuit
1333 5131 1383 5189 iot.
1401 5127 1462 5187 tet.
1483 5129 1666 5187 initiationes
1684 5123 1821 5183 sacerdo-

156 5221 201 5280 ti.
222 5223 322 5282 Redeo
336 5239 415 5283 nunc
428 5227 470 5283 ad·
488 5227 682 5285 humuimam
703 5227 943 5298 comparationem
998 5232 1059 5285 tum
1075 5222 1336 5283 mithraccrioholio
1348 5220 1568 5293 taurobolioque
1584 5214 1706 5288 perlecto
1718 5213 1748 5268 iu
1760 5210 1825 5268 aris

124 5311 264 5391 kilhiele
286 5328 354 5393 ittam
377 5329 501 5396 carpum
522 5316 586 5393 sire
611 5316 779 5393 sedulii&
805 5314 854 5387 (ui
876 5315 944 5383 Gaio
999 5315 1134 5390 pluribus
1146 5312 1306 5383 insculptas,
1317 5309 1426 5369 additis
1435 5308 1642 5375 coruoulibueel
1652 5299 1821 5367 dismilit-

125 5402 248 5472 appellat
267 5394 344 5474 apud
369 5405 496 5462 Tullium
519 5405 555 5462 de
579 5405 737 5479 Senectute)
765 5403 951 5464 ethnicorum
999 5403 1211 5472 umioedossee
1220 5407 1288 5467 mni
1300 5395 1588 5473 wucronin&
1596 5389 1818 5461 Viti'whdttm

127 5493 275 5548 numinum
289 5493 383 5549 cultui
400 5495 430 5549 in
445 5494 518 5551 Urbe
532 5495 675 5566 ascriptae,
691 5495 823 5567 hairum
833 5493 946 5561 sollium
1000 5480 1820 5563 innoauemaiacerentnrmeridionaitslateeistramrer·
