3892 6136
127 288 195 347 tiss

732 282 910 341 ANASTASll
942 280 1213 338 ututtoxttticllhlt

1760 279 1828 339 4456

126 411 203 466 4444
219 409 343 466 subinde
359 409 489 475 missum,
503 411 531 463 et
550 406 587 461 od
603 408 796 476 praefecturam
815 405 894 459 Urbis
908 419 949 457 re·
963 402 993 462 A
1007 403 1147 473 plemento
1158 404 1382 474 Scripturarum,
1398 408 1427 461 et
1441 404 1611 476 figurarum,
1624 418 1689 475 quae
1700 376 1830 474 444444-

125 485 248 537 missum.

197 602 327 643 surientis.
340 602 378 642 tn.
395 593 595 642 chunimundi
610 596 842 640 Thlvhefltthtuvs.

196 673 379 714 oehxunsxts.
400 671 563 712 tichonium.
582 670 712 711 44440444]-
731 669 789 709 tate.

196 744 325 785 CAESARE.
341 744 461 784 audisio
477 742 649 791 insensiles,
665 735 716 783 9444.

197 816 278 856 4444440.
296 817 334 857 ih'.
347 815 446 855 uentu.
463 813 664 854 anthracites.
676 812 757 853 inuis
768 811 825 852 444Ρ.
837 809 947 850 CAESAR.

196 888 259 928 AVG.
276 886 468 928 tuschstxh'vs.
484 885 595 926 44444444.
612 884 668 925 COS.
687 883 772 925 indit.

162 982 224 1036 llaec
245 985 338 1035 autem
362 978 495 1048 attigisse
512 991 567 1033 non
591 976 677 1047 piget,
704 983 736 1032 ut
752 977 950 1046 intelligamus

126 1054 228 1124 primo,
244 1050 478 1106 schelestratium
506 1050 563 1103 hac
582 1050 647 1117 jure
668 1062 852 1118 praeservasse
867 1062 883 1103 a
901 1061 950 1102 se-

124 1125 234 1180 veriore
256 1135 378 1177 censura
399 1120 556 1179 Pearsonii.
579 1124 677 1174 contra
698 1120 779 1175 fidem
803 1127 947 1191 gestorum

123 1194 279 1250 Alexandri
301 1192 426 1248 exercita
452 1205 515 1262 pag.
540 1188 592 1245 444
615 1192 711 1259 operis
734 1191 890 1260 posthumi,
914 1191 948 1244 de

123 1267 198 1321 serie
217 1271 245 1320 et
266 1263 449 1320 successione
466 1270 542 1331 pont.
559 1262 639 1316 Rom.
659 1264 809 1317 occasione
822 1262 948 1316 comita-

123 1342 171 1392 tus
188 1338 341 1404 utriusque
361 1334 475 1389 militiae
490 1333 645 1388 Aureliano
664 1333 811 1398 attributi,
828 1341 855 1388 et
871 1347 947 1402 prte-

123 1406 240 1463 4444444
261 1406 347 1462 Urbis
359 1405 480 1459 hermeti
498 1406 669 1475 assignatae,
694 1406 718 1460 si
738 1405 807 1460 Acta
821 1405 945 1476 genuina

123 1474 159 1533 ab
174 1477 355 1546 interpolatis
379 1482 575 1531 secernantur.
594 1476 733 1544 Displicet
754 1478 840 1531 etiarn
858 1475 946 1530 Blon-

122 1550 198 1605 dello
212 1555 281 1604 aetas
297 1550 458 1612 immatura,
472 1553 528 1601 tam
543 1547 659 1601 Everitio
677 1547 850 1616 presbytero,
862 1560 945 1616 qnam

122 1621 285 1675 Alexandro
298 1619 426 1689 pontifici
445 1621 473 1672 in
485 1619 563 1672 Actis
573 1618 674 1682 efficta,
688 1633 743 1674 iton
761 1628 817 1673 tam
828 1619 945 1671 arcendo-

122 1694 171 1752 sis,
195 1692 301 1762 inquit,
323 1704 397 1757 quan
426 1690 631 1744 characteribus:
652 1704 709 1758 quo
726 1691 810 1744 etiam
831 1690 946 1743 nomine

1006 475 1138 531 tebantur
1154 477 1217 531 idei
1241 476 1421 531 Christiane.

1041 548 1081 601 lta
1094 548 1168 601 enim
1187 548 1230 601 illi
1246 553 1440 615 temperarunt
1452 548 1652 616 disciplinam,
1671 552 1704 602 ut
1715 546 1830 617 pertru-

1005 617 1095 689 galem
1111 619 1288 685 aspersionis
1301 632 1384 674 usum
1397 621 1698 675 excitarentanimum
1711 620 1746 674 ad
1761 634 1830 688 pur-

1005 690 1113 814 gandos
1135 691 1314 745 dedicatione
1334 690 1497 746 Christiana
1522 691 1626 745 mentis
1649 689 1783 758 affectus,
1804 699 1830 745 et

1017 773 1088 830 ongo
1101 767 1230 815 arcerent
1247 762 1489 830 superstitiosam,
1508 767 1536 816 et
1558 762 1765 831 quotidianam
1786 769 1830 817 to·

1005 832 1065 886 tius
1077 833 1207 901 corporis
1223 832 1411 900 ablutionem,
1427 833 1463 888 ab
1476 832 1735 901 hemerobaptistis
1745 846 1830 888 exco-

1004 903 1132 973 gitatam,
1155 905 1196 958 uti
1216 904 1399 972 providenter
1414 905 1603 959 admonuerat
1616 903 1828 970 Tertullianus,

1004 975 1123 1043 ejusque
1147 974 1286 1042 interpres
1300 974 1335 1029 de
1358 975 1384 1030 la
1408 975 1493 1031 Barce
1518 976 1545 1030 in
1574 975 1626 1030 lib.
1643 975 1681 1031 de
1695 973 1830 1032 Oratione

1003 1058 1065 1113 cap.
1081 1043 1125 1099 44.
1142 1046 1282 1101 Baronius
1295 1059 1331 1101 an
1347 1059 1414 1100 ann.
1431 1043 1477 1108 57,
1494 1060 1521 1101 n.
1537 1044 1589 1102 406
1603 1052 1633 1102 et
1646 1061 1730 1117 seqq.
1740 1053 1829 1102 osten·

1002 1117 1056 1183 dit,
1075 1116 1103 1169 in
1125 1131 1201 1172 more
1217 1118 1342 1187 positum
1361 1119 1436 1187 apud
1455 1117 1597 1182 Hebraeos,
1614 1125 1649 1172 ut
1664 1132 1722 1173 non
1738 1119 1827 1174 solum

1003 1186 1141 1256 pontifex,
1164 1195 1191 1243 et
1214 1189 1375 1244 sacerdotes
1396 1194 1462 1243 ante
1486 1191 1651 1255 ingressum
1668 1190 1828 1246 sanctuarii

1003 1273 1105 1314 manus
1124 1273 1157 1314 ac
1181 1261 1265 1329 pedes
1291 1259 1417 1315 lavarent
1440 1261 1468 1314 in
1494 1260 1573 1315 labro
1601 1274 1694 1321 aeneo.
1718 1261 1827 1330 dequo

1001 1331 1090 1386 Exodi
1114 1344 1175 1399 cap.
1195 1329 1240 1398 30,
1266 1344 1362 1385 verum
1384 1332 1470 1386 etiam
1489 1331 1578 1387 ludaei
1592 1345 1697 1387 omnes
1715 1332 1827 1388 nonnisi

1003 1402 1136 1456 marcillus
1152 1401 1386 1471 lotisadorarent,
1405 1403 1523 1458 Aristaea
1540 1403 1567 1457 id
1579 1401 1755 1458 affirmante.
1766 1403 1828 1458 lnde

1000 1481 1094 1527 autem
1113 1479 1193 1542 putat
1207 1473 1388 1530 descendisse
1403 1474 1437 1528 ad
1454 1473 1639 1529 Christianos
1650 1475 1750 1529 aetatis
1762 1488 1827 1542 apo-

1001 1545 1118 1609 stolicae,
1141 1550 1168 1599 et
1190 1547 1223 1598 ad
1248 1551 1454 1615 consequentes
1475 1558 1537 1600 eam
1562 1544 1824 1601 consuetudinem:

1003 1636 1014 1666 a
1031 1616 1172 1681 Finxisse,
1190 1616 1296 1684 inquit,
1311 1617 1368 1671 haec
1379 1616 1558 1672 consuetudo
1573 1616 1827 1672 videtureludaro

1002 1703 1064 1744 rum
1082 1689 1197 1743 ritibus.
1212 1687 1280 1741 Nam
1300 1701 1355 1743 iton
1371 1693 1480 1742 tantum
1494 1687 1537 1757 (nt
1551 1688 1668 1743 dictum
1682 1690 1739 1755 est)
1753 1688 1827 1754 ipso-

121 1763 278 1831 culpantur
292 1775 309 1815 4
322 1761 470 1817 Blondello
489 1762 518 1815 in
538 1761 717 1830 delegatione
739 1761 888 1815 Aureliani
910 1760 944 1815 ad
965 1773 1065 1838 Bruto
1081 1759 1253 1819 sacerdotes,
1269 1759 1317 1813 sed
1339 1765 1366 1813 et
1389 1760 1687 1815 caeterosludaeorum
1713 1759 1825 1814 nonnisi

123 1835 347 1889 internecionem
361 1833 591 1887 Christianorum
613 1833 742 1887 omnium
759 1851 765 1886 :
790 1833 872 1902 quasi
890 1844 944 1885 non
1003 1830 1134 1886 manibus
1160 1829 1228 1884 lotis
1249 1830 1369 1884 adorare
1384 1830 1567 1885 consuevisse
1582 1829 1677 1885 tradit
1693 1831 1826 1886 Aristeus

123 1912 268 1961 exstarent
285 1906 360 1974 apud
375 1904 500 1959 Plinium
514 1904 628 1972 Trajani
644 1902 756 1969 litterae,
766 1917 797 1958 nc
807 1903 945 1971 rescripta
1000 1903 1034 1956 de
1047 1902 1233 1971 Septuaginta
1246 1901 1359 1955 duobus
1374 1901 1583 1969 interpretibus
1600 1901 1823 1957 haeserimus:

125 1979 242 2032 mitiora
262 1977 296 2031 ad
321 1976 486 2030 relationem
513 1974 671 2030 Tiberiani.
693 1977 794 2029 Verum
810 1976 844 2030 de
864 1980 946 2028 aetate
999 1975 1068 2039 Erpa
1084 1974 1263 2027 ‹sorasolutoto
1280 1972 1317 2025 od
1340 1979 1465 2025 cons-ueto
1488 1973 1546 2027 loeo
1562 1973 1734 2039 divertunt,
1753 1979 1825 2043 atque

123 2049 332 2103 initiandorum
353 2047 386 2102 ad
403 2045 622 2116 presbyterium,
639 2045 682 2100 vel
695 2047 729 2101 44
746 2045 943 2112 pontitloatum
1000 2045 1042 2113 (ot
1055 2061 1111 2099 mos
1134 2049 1173 2098 est
1191 2043 1294 2096 toaleis
1319 2044 1453 2113 omnihus)
1476 2044 1606 2098 monibus
1622 2047 1707 2113 prius
1719 2046 1750 2097 in
1764 2047 1827 2098 mori

110 2133 181 2184 ,aevo
198 2118 248 2174 illo
260 2118 483 2188 apostolicorum
500 2118 639 2184 virorum,
655 2131 727 2186 aegre
742 2117 944 2185 pronuntiave-
1001 2116 1060 2169 lotis
1074 2119 1126 2169 ltro
1133 2131 1223 2183 preces
1239 2114 1394 2181 appetitior.
1413 2116 1447 2169 Et
1462 2115 1546 2184 paulo
1564 2123 1646 2184 post:
1658 2118 1827 2183 Interropooi

134 2190 317 2260 ritquisquis
334 2187 943 2255 meminerit,adoloscentemvocarisaulum
999 2188 1123 2256 eqrrrilrm
1139 2193 1164 2240 et
1180 2187 1251 2240 illud
1265 2202 1379 2255 qnoque,
1397 2188 1475 2253 cajus
1496 2190 1667 2253 proliacum
1680 2192 1747 2240 uoto
1760 2190 1825 2254 {oee-

123 2260 152 2314 44
166 2260 450 2330 Actisapostolorutn
468 2260 530 2329 (xit,
548 2257 592 2327 57)
604 2260 672 2315 dunt
690 2259 868 2328 lapidaretur
880 2260 944 2312 Ste-
998 2264 1068 2327 rapt,
1083 2274 1181 2311 monus
1191 2262 1270 2327 prius
1291 2258 1436 2311 locarent?
1455 2257 1591 2322 Quaerenti
1618 2260 1702 2324 talio,
1724 2258 1825 2313 demon

123 2332 253 2401 phtinus:
277 2344 359 2401 quern
376 2339 467 2386 tamen
488 2332 694 2386 adolescentem
715 2345 749 2386 ex
765 2334 945 2399 persecutore
999 2335 1135 2386 strvrront:
1154 2330 1227 2382 illud
1246 2331 1429 2384 testimoniam
1448 2345 1511 2394 csse,
1537 2346 1570 2383 rae
1593 2331 1667 2398 qaid
1686 2345 1824 2400 perperam

122 2404 266 2458 redditum
279 2402 439 2472 apostolum
451 2403 589 2457 decennio
602 2408 664 2471 post
674 2417 737 2457 cum
754 2401 881 2457 Bernaba
894 2415 946 2456 or-
998 2406 1091 2469 operat,
1118 2401 1165 2455 scd
1185 2404 1229 2469 pie
1251 2408 1395 2469 sancteque
1421 2404 1574 2470 perficiant,
1606 2402 1825 2470 quondoquidem

121 2475 252 2529 dinatum
272 2474 945 2543 impositionemanuuminsuisannalibusPau·
1000 2476 1128 2528 uniuerso
1148 2472 1371 2540 operacionibus
1390 2478 1567 2527 recreentur:
1582 2474 1781 2540 ecetesinpuio
1793 2473 1825 2526 od

122 2544 193 2599 linis
210 2545 387 2615 recognoscit
404 2545 433 2599 in
451 2546 548 2599 eodem
566 2545 717 2614 posthumo
734 2545 808 2599 libro
825 2546 945 2598 l‘earso-
998 2547 1140 2600 ueritatem
1157 2550 1182 2597 et
1196 2545 1337 2612 justitium
1359 2548 1516 2610 referentes.
1540 2563 1552 2591 a
1573 2544 1683 2599 Subdit
1709 2558 1776 2600 vero
1793 2544 1822 2599 ad

123 2618 189 2671 nius
212 2629 246 2670 ex
276 2629 338 2685 cap.
363 2618 426 2670 Act.
450 2629 513 2670 xxti.
535 2616 762 2670 Adolescentiam
789 2615 943 2682 Timothei,
999 2631 1079 2673 nuto.
1097 2613 1147 2670 406
1161 2616 1319 2671 Baronius:
1338 2615 1414 2670 «Sed
1432 2615 1507 2684 quod
1518 2615 1553 2670 ad
1566 2615 1757 2673 Christianos
1768 2629 1821 2684 per·

121 2688 248 2756 episcopi
264 2687 300 2741 ab
322 2701 352 2741 se
374 2687 502 2741 ordinati
518 2687 655 2754 exprimit
680 2687 783 2741 Paulus
806 2688 834 2740 in
853 2686 943 2754 prima
999 2689 1082 2743 tinet.
1117 2687 1300 2742 consuevisse
1327 2699 1375 2741 eos
1403 2693 1468 2741 ante
1499 2687 1695 2755 precationem
1729 2701 1823 2742 manus

121 2760 155 2813 ad
174 2758 304 2813 eumdem
329 2756 456 2824 Epistola
478 2770 539 2826 cap.
558 2771 596 2820 tv,
618 2771 689 2812 vers.
716 2755 757 2820 44,
775 2772 839 2812 eum
857 2771 944 2812 aureo
998 2760 1125 2825 abluere,
1136 2758 1375 2827 secundumqnod
1387 2758 1677 2828 monecapostotus(t
1692 2761 1762 2814 Tim.
1776 2761 1822 2829 nl:

122 2828 173 2885 illo
193 2828 298 2884 sacculo
315 2828 458 2883 nascentis
475 2829 606 2883 Ecclesiae
621 2836 689 2883 aetas
702 2829 859 2885 senectutis
871 2836 944 2883 esset
1001 2833 1066 2886 Volo
1082 2833 1154 2883 uiros
1165 2845 1243 2882 orere
1260 2832 1288 2882 in
1304 2830 1454 2891 ornnilocm
1475 2830 1595 2883 lerientes
1615 2846 1707 2899 puras
1722 2845 1822 2896 monus,

120 2900 178 2955 vita
192 2900 735 2968 immaculata:etnondnmdisciplioae
749 2901 904 2955 neccessitas
915 2913 944 2954 sc
1000 2916 1055 2957 non
1078 2907 1199 2967 taciturn,
1220 2915 1282 2970 quac
1297 2901 1426 2955 diximus
1447 2902 1559 2965 docent,
1577 2903 1628 2956 sed
1655 2910 1685 2957 et
1710 2905 1824 2972 antiqua

121 2970 286 3037 obtulisset,
310 2984 373 3041 quae
393 2972 558 3025 consecutis
575 2971 754 3040 temporibus
776 2971 944 3026 reservaba-
998 2973 1257 3028 ecclesiasticorum
1271 2972 1441 3040 scriptorum
1459 2973 1627 3027 testimonia
1643 2974 1823 3029 confirmant.

122 3044 221 3109 tur,de
232 3043 402 3113 provectiori
413 3043 530 3097 aetntein
542 3043 917 3113 sacerdotibnsrequirenda
934 3060 942 3110 ς
998 3046 1066 3099 Nam
1079 3045 1188 3111 etapud
1200 3042 1370 3098 Clementem
1388 3043 1603 3113 legittrr(t'orvst.
1618 3047 1677 3114 Ap.
1698 3045 1749 3100 lib.
1767 3059 1821 3111 444,

122 3114 179 3168 444
192 3114 260 3169 444
276 3114 436 3169 Alexander
446 3115 603 3181 eligeretur
615 3113 752 3183 pontifex,
767 3113 943 3168 interventis
959 3150 983 3212 C
998 3130 1059 3185 cap.
1070 3115 1123 3183 58),
1140 3121 1171 3169 ut
1184 3113 1452 3169 Christianuslotus
1466 3120 1548 3169 oret:
1566 3116 1616 3171 sed
1634 3123 1663 3171 et
1679 3117 1825 3174 Tertullia-

120 3184 176 3240 olei
193 3185 304 3241 dolium
322 3186 471 3241 immissus
482 3186 575 3239 homa
592 3184 856 3255 pauloanteiuerat
871 3200 942 3254 apo·
1000 3201 1054 3243 nus
1066 3187 1220 3254 bocipsum
1232 3186 1419 3247 demonstrat,
1435 3187 1502 3240 dum
1517 3185 1557 3240 ait
1572 3186 1619 3255 [de
1634 3191 1714 3243 oret.
1730 3185 1822 3261 e.ll}).

120 3257 213 3312 stolus
228 3256 839 3327 illeloanuesquempenepuerumelectum
854 3256 943 3311 luisse
997 3258 1133 3313 Ceterum
1158 3271 1220 3326 quae
1236 3259 1310 3311 cattio
1331 3262 1384 3324 est,
1408 3256 1541 3312 manibus
1563 3259 1686 3327 quidem
1709 3260 1823 3330 ablutis,

119 3341 135 3382 4
151 3328 272 3383 Domino
287 3328 476 3398 Hieronymus
488 3327 638 3382 affirmavit
651 3328 703 3383 lib.
726 3342 733 3382 t
750 3335 848 3384 contra
862 3329 943 3383 lovi·
998 3331 1105 3399 spiritu
1126 3342 1191 3381 vero
1206 3328 1348 3391 sordente,
1365 3328 1522 3383 orationem
1537 3328 1631 3385 obire.
1650 3349 1664 3380 4
1684 3333 1737 3388 liis
1751 3332 1824 3388 addit

121 3399 252 3454 nianum.
274 3400 375 3454 lerum
396 3413 428 3454 ea
443 3400 477 3455 de
496 3413 524 3453 re
548 3400 683 3469 legendus
699 3401 882 3454 Baroniusad
896 3412 943 3453 arr·
998 3401 1145 3470 complura
1158 3400 1186 3453 in
1198 3399 1323 3454 eamdem
1346 3400 1597 3455 sententinmexS.
1613 3402 1824 3474 4444446444-

121 3483 188 3524 num
202 3470 312 3525 Christi
330 3467 389 3539 404,
408 3484 435 3525 n.
450 3472 508 3525 tiet
521 3468 549 3524 9.
562 3472 601 3524 De
612 3469 647 3526 30
658 3477 753 3525 alutem
764 3472 943 3525 aetatisanno
998 3480 1068 3528 sost.
1083 3471 1208 3540 aliisque
1226 3470 1370 3525 Patribus.
1385 3471 1513 3525 hieminit
1528 3486 1647 3597 quoque
1671 3475 1708 3530 ad
1723 3489 1822 3531 annun

122 3541 150 3595 ln
169 3541 248 3597 Actis
272 3541 426 3597 Alexandri
443 3544 567 3612 signato,
585 3543 705 3612 eiusque
720 3542 833 3597 numeri
853 3555 944 3596 corre·
1000 3540 1191 3600 ldl.num.6.
1209 3555 1354 3610 sapoase
1367 3542 1516 3610 probatum
1546 3544 1720 3610 uisse‚tum
1733 3548 1824 3603 Domi-

118 3612 214 3738 cticffie
243 3612 384 3670 videndus
410 3613 631 3668 schelestratius
657 3615 729 3668 diss.
765 3626 796 3669 u.
826 3626 888 3681 cap.
915 3610 941 3682 3,
999 3622 1153 3741 4441444
1174 3613 1261 3668 etiam
1283 3612 1614 3682 apostolosmultaesse
1633 3623 1823 3675 mutuatosex

118 3695 147 3737 n.
204 3727 210 3739 .
1010 3685 1241 3742 eniinstituto.

153 3754 232 3822 Quod
259 3769 325 3810 vero
348 3756 453 3810 attinet
476 3757 510 3810 ad
531 3756 751 3811 moderationem
775 3756 889 3825 Traiani
914 3757 942 3809 in
1027 3702 1823 3830 ghtihiplacetinTertullianitestimonlopaulisperpro

117 3824 347 3879 Christianorum
369 3827 510 3895 sanguine
537 3827 652 3894 parcius
680 3825 835 3887 inliciendo,
862 3841 944 3881 nemo
999 3829 1111 3884 cedere:
1140 3828 1168 3881 in
1189 3840 1247 3896 quo
1261 3828 1375 3884 videtur
1390 3828 1482 3897 origo.
1502 3834 1531 3883 et
1547 3842 1638 3884 caiisa
1660 3832 1822 3901 apostolice

118 3896 263 3963 negaverit
282 3894 436 3962 plurimum
463 3897 600 3951 interesse
623 3898 697 3952 inter
712 3897 841 3953 efferatas
855 3911 944 3967 perse·
998 3899 1228 3964 consuetudinis,
1244 3902 1270 3952 et
1279 3899 1385 3954 decreti
1398 3914 1446 3968 per
1458 3899 1656 3956 Alexandrum
1671 3902 1823 3968 44444444

119 3967 251 4021 cationes
273 3967 395 4020 Neronis
414 3973 442 4020 et
462 3967 631 4033 Domitiani,
659 3981 691 4022 ac
713 3970 854 4023 mitiorem
875 3971 942 4023 Tra·
998 3971 1122 4025 admisto
1137 3970 1197 4024 sale
1221 3968 1383 4026 benedictio
1400 3984 1481 4041 aquae
1502 3970 1705 4038 perficeretur,
1719 3980 1748 4029 et
1765 3973 1824 4029 nde

116 4036 187 4104 jani.
204 4037 257 4091 Sed
282 4051 364 4091 nemo
387 4050 442 4091 non
463 4046 597 4106 agnoscet
619 4054 652 4094 ex
669 4040 740 4108 ipsis
764 4041 878 4108 'l'rajani
894 4054 946 4095 re·
999 4042 1070 4096 lium
1089 4042 1117 4096 in
1142 4039 1314 4096 habitaculis
1335 4041 1538 4098 custodiretur.
1568 4043 1716 4113 Sequitur
1733 4047 1822 4113 itaque

119 4107 234 4175 sponsis
250 4109 283 4163 ad
303 4107 388 4162 Plinii
402 4108 550 4177 epistolas,
568 4112 681 4164 tertiam
698 4110 830 4166 Ecclesia
845 4125 937 4179 perse
997 4113 1194 4168 Tertullianus
1211 4113 1381 4181 percontari,
1395 4119 1424 4167 et
1439 4113 1556 4169 reddere
1570 4127 1692 4170 causam
1709 4115 1822 4172 ablutio

119 4177 264 4232 cntionem
288 4178 328 4232 ita
344 4177 398 4232 sub
417 4193 449 4234 eo
468 4181 599 4249 principe
616 4182 779 4249 exercitam,
799 4189 831 4235 ut
854 4183 874 4235 ii
892 4183 940 4250 qui
998 4185 1043 4239 nis
1065 4197 1200 4238 manuum
1216 4190 1282 4238 ante
1292 4185 1458 4239 orationem.
1484 4205 1496 4234 a
1514 4185 1542 4240 ld
1563 4199 1631 4240 cum
1655 4187 1822 4259 scrupulose

121 4254 224 4303 nostre
248 4248 401 4319 religionis
422 4250 509 4304 titulo
531 4251 721 4320 deterrentur,
739 4253 889 4322 arguendi,
915 4261 943 4308 et
999 4261 1179 4325 percontarer
1198 4254 1312 4324 (inquit)
1326 4263 1352 4310 et
1375 4255 1514 4311 rationem
1529 4258 1726 4325 requirerem.
1752 4272 1822 4315 eom·

120 4319 258 4388 puniendi
274 4325 400 4375 extremo
415 4320 560 4389 supplicio
574 4322 675 4377 lorent.
689 4320 782 4390 Quare
796 4337 860 4378 cum
875 4327 942 4379 Acta
999 4327 1058 4396 peri
1080 4326 1377 4380 commemorationem
1400 4340 1461 4382 esse
1483 4327 1512 4381 in
1528 4327 1646 4383 Domini
1672 4330 1822 4387 dedicatio·

119 4391 447 4460 producanturomoiam
463 4393 941 4463 tiltristicmorumeacdrmjubentia:
997 4411 1071 4452 nem.
1086 4416 1098 4446 n
1115 4399 1149 4451 Et
1163 4397 1247 4464 plauto
1260 4404 1324 4466 post
1337 4397 1458 4452 subdit:
1478 4419 1490 4447 a
1508 4399 1564 4452 Nos
1588 4412 1655 4454 vero
1669 4400 1821 4471 (Christia-

119 4461 163 4515 vel
180 4462 214 4516 de
235 4462 371 4517 omnibus
386 4464 436 4532 qui
458 4462 639 4518 deterrentur
653 4471 681 4519 et
693 4472 894 4536 arguerentur,
910 4480 941 4521 ca
998 4470 1037 4539 ni)
1053 4482 1109 4522 non
1126 4466 1288 4523 attollimus
1302 4474 1424 4538 tacitum,
1449 4469 1497 4524 sed
1518 4469 1606 4523 etiam
1630 4473 1821 4541 expandimus

26 4571 30 4580 .
117 4533 208 4588 caedes
232 4541 259 4588 et
285 4537 427 4588 sententia
451 4535 638 4604 intelligenda
658 4543 701 4591 est
720 4553 726 4607 3
753 4538 795 4593 vel
821 4541 940 4591 omnium
958 4537 1117 4609 Ulmanus)
1134 4544 1162 4592 et
1174 4538 1320 4593 Dcrminica
1338 4540 1471 4608 passione
1486 4539 1682 4612 modulantes,
1696 4550 1725 4598 et
1737 4557 1820 4599 orau-

116 4604 208 4659 dictio
221 4604 347 4660 abundat
364 4607 393 4660 in
409 4607 482 4660 actis
499 4607 690 4676 interpolatis.
996 4619 1038 4666 tes
1049 4610 1219 4665 confitemur
1231 4611 1355 4665 Christo.
1374 4628 1386 4658 r
1409 4612 1447 4665 Ex
1468 4610 1574 4680 quibus
1586 4612 1685 4669 verbis
1697 4621 1819 4686 apparet,

152 4676 237 4729 linea
252 4676 278 4731 5.
299 4704 335 4714 —
355 4678 407 4730 llic
422 4680 563 4732 constituit
578 4694 679 4748 oqitom
701 4681 865 4748 aspersionis
880 4697 940 4734 curm

115 4746 172 4799 sole
197 4747 318 4800 benedici
350 4749 379 4799 iri
402 4749 567 4802 herbitocalis
598 4750 746 4804 hontirmtm.
773 4752 939 4807 Cardinales

117 4818 258 4873 Baroriius
281 4823 310 4872 et
332 4819 417 4888 Bona,
446 4820 496 4875 ille
517 4822 550 4876 ad
574 4835 680 4875 annum
697 4821 805 4877 christi
824 4821 883 4891 tsi,
904 4838 938 4878 ex

116 4904 194 4944 num.
211 4886 274 4944 3nd
291 4888 317 4954 5,
334 4890 380 4945 hic
396 4904 490 4945 rernm
506 4893 616 4964 liturg.
631 4892 711 4960 liht,
726 4907 787 4961 cap.
803 4891 848 4961 40,
864 4908 891 4948 n.
909 4892 935 4949 5.

117 4960 237 5030 probant
251 4974 286 5016 ex
299 4961 346 5015 Ss.
369 4961 512 5030 Patribus,
528 4964 563 5018 ab
578 4965 736 5033 apostolica
753 4965 937 5021 institutione

115 5032 149 5086 ad
167 5045 219 5087 nos
242 5032 386 5088 derivasse
401 5034 489 5088 ritum
505 5050 592 5104 acque
608 5035 806 5091 benedicendae
822 5050 876 5091 non
901 5038 935 5092 ad

116 5101 290 5171 baptismum
324 5107 521 5160 tantummodo
556 5107 790 5177 ministrandum,
823 5109 870 5163 sed
901 5109 935 5165 ad

117 5187 316 5242 quemcunque
341 5189 422 5230 usum
441 5177 580 5247 purgandi
597 5192 647 5246 per
667 5179 874 5233 invocationem
887 5181 938 5234 di-

116 5243 176 5299 vini
197 5245 335 5311 nominis,
354 5252 382 5300 et
406 5260 453 5313 per
476 5248 934 5316 sacerdotalembenedictionem,

116 5326 149 5367 ac
178 5329 275 5383 preces
300 5317 499 5372 sanctificandi
538 5332 619 5388 aquea
641 5319 823 5375 elementum.
846 5321 938 5389 Quare

116 5385 271 5440 Alexandri
285 5387 398 5442 decreto
413 5394 550 5443 vetustam
566 5392 802 5446 consuetudinem
819 5393 937 5447 stabili·

117 5462 172 5536 tam
187 5456 297 5511 docent.
315 5460 372 5515 Cur
387 5468 480 5515 autern
497 5461 567 5515 salis
582 5463 728 5529 admistio,
742 5462 937 5518 bervedictioni

116 5531 156 5579 stt
168 5526 337 5598 copulanda,
354 5537 381 5585 et
394 5545 446 5585 cut·
461 5532 489 5585 in
503 5531 677 5587 habitaculis
693 5534 840 5588 hominurn
854 5535 937 5589 colio·

115 5596 207 5650 canda
224 5596 295 5676 'haec
319 5613 393 5669 aqua
420 5603 607 5671 aspersionis,
636 5618 691 5659 non
720 5605 759 5658 ita
785 5604 939 5660 difficulter

116 5679 300 5736 assequimur
312 5688 319 5734 3
330 5671 355 5724 si
370 5672 458 5728 ritum
471 5674 652 5729 ablutionum
664 5675 840 5730 attendimus
850 5677 937 5732 veteri

116 5736 177 5810 lege
191 5751 208 5791 a
226 5739 347 5794 ltomino
365 5745 566 5813 constitutum,
580 5751 609 5800 et
620 5745 656 5800 ab
668 5746 808 5814 apostolis
825 5750 852 5801 in
866 5761 938 5803 novo

109 5806 221 5867 tedere
232 5820 292 5867 non
308 5810 457 5886 rejectum,
474 5815 522 5872 sed
537 5817 721 5888 providenter
739 5821 867 5887 aptatum
883 5819 937 5874 im-

994 4695 1010 4738 4
1027 4682 1189 4751 presbytero
1213 4683 1331 4737 secundi
1347 4696 1379 4736 ac
1403 4683 1482 4737 tertii
1500 4682 1600 4737 sacculi
1617 4698 1740 4742 causam
1766 4699 1820 4756 per·

994 4753 1183 4825 quisitam,ac
1193 4752 1817 4823 redditamiuissctumablutionismanuum,

993 4831 1053 4881 tum
1076 4825 1260 4893 expansionis
1282 4826 1357 4894 apud
1381 4825 1560 4881 Christianos
1577 4827 1690 4894 pridem
1706 4835 1819 4897 coepta

993 4897 1022 4952 in
1042 4895 1175 4962 precibus
1187 4898 1222 4951 ad
1235 4897 1324 4951 Deum
1341 4895 1507 4951 fundendis.
1523 4896 1767 4955 commemoratio
1780 4905 1819 4954 est

992 4968 1021 5023 in
1033 4967 1241 5022 dedicationem
1257 4968 1383 5037 Domini,
1401 4968 1527 5037 ejusdem
1545 4969 1695 5037 passionis
1708 4969 1819 5042 signib-

991 5039 1113 5096 catione.
1127 5052 1159 5093 nc
1175 5037 1229 5092 tide
1246 5046 1366 5106 peracta.
1386 5040 1476 5108 liujus
1490 5039 1532 5093 rei
1546 5041 1641 5109 gratia
1656 5056 1725 5097 cum
1741 5053 1818 5098 orare

992 5124 1044 5166 nos
1058 5108 1296 5178 velitApostolus,
1312 5111 1341 5164 in
1357 5109 1434 5164 omni
1448 5109 1509 5165 loco
1523 5110 1652 5167 levantes
1665 5127 1755 5182 puras
1768 5126 1818 5167 44-

992 5195 1057 5243 nus,
1070 5180 1169 5250 artique
1182 5179 1211 5233 in
1227 5181 1436 5236 dedicationem
1448 5181 1563 5236 Domini
1580 5183 1707 5239 hostiam
1728 5183 1818 5240 laudis

992 5252 1145 5319 oblaturis,
1160 5257 1332 5320 praestoesse
1345 5249 1628 5308 conveniebatritum
1641 5256 1726 5310 aDeo
1740 5255 1819 5310 insti·

993 5329 1088 5378 tutum
1099 5323 1127 5376 in
1139 5323 1226 5377 veteri
1239 5321 1343 5378 ioedere
1357 5321 1493 5377 abluendi
1510 5336 1615 5379 manus
1625 5324 1816 5386 onerantium.

993 5395 1041 5449 sed
1055 5394 1144 5449 altius
1161 5401 1324 5462 provectam
1335 5395 1513 5449 invocatione
1525 5394 1619 5450 divini
1631 5397 1762 5453 nominis
1773 5410 1818 5466 per

992 5465 1115 5520 Verbum
1130 5466 1217 5520 Deum
1240 5465 1322 5520 nobis
1338 5464 1464 5528 revelati,
1481 5472 1510 5520 et
1523 5467 1669 5535 passionis
1694 5469 1816 5539 ejusdem

994 5535 1059 5604 tide,
1069 5549 1101 5589 ac
1112 5538 1212 5590 merito
1226 5537 1434 5591 sanctificatum
1449 5537 1478 5591 in
1492 5550 1522 5591 ea
1536 5550 1611 5606 aqua
1622 5539 1815 5608 aspersionis3

994 5621 1057 5676 quur
1073 5619 1128 5661 non
1140 5607 1235 5662 cittene
1245 5607 1341 5662 vitulae
1351 5609 1512 5676 commisto,
1526 5615 1558 5663 ut
1568 5608 1598 5662 in
1614 5609 1761 5679 legalibus
1770 5623 1817 5665 sa-

992 5677 1390 5732 crihciisademundationem
1398 5678 1694 5750 carnisdivinojussu
1703 5682 1817 5752 paratis,

992 5748 1040 5805 sod
1053 5747 1162 5801 Christi
1174 5749 1288 5803 Domini
1306 5762 1400 5819 cruce,
1417 5755 1445 5804 et
1459 5749 1611 5821 sanguine,
1630 5752 1665 5808 ad
1684 5753 1815 5824 spiritum

993 5818 1174 5890 purgandum
1195 5818 1323 5888 profuso,
1339 5834 1390 5876 nos
1409 5820 1512 5878 docent
1526 5834 1655 5896 sperare,
1670 5837 1704 5880 ac
1718 5829 1814 5896 petere.
