3892 6136
116 242 185 301 ιιιι
734 250 912 308 sumansu
943 252 1213 311 aratroruucanu
1759 247 1822 308 itas

113 369 222 426 Christi
237 373 423 427 consenserit.
442 391 455 422 ι
472 373 559 430 Porro
574 374 764 446 abepiscopis
778 377 863 433 hocce
880 390 943 432 ιιο-
956 378 985 438 A
999 377 1158 446 Aureliani,
1187 392 1285 435 verum
1311 377 1397 434 etiarn
1425 377 1531 439 Taciti,
1561 376 1706 445 Floriani,
1734 375 1822 443 Probi,

115 449 243 525 mentum
259 443 289 497 in
306 444 480 514 martyribus
503 445 677 501 honorandis
691 460 846 515 expensum
861 449 944 503 docet
997 462 1030 504 ac
1051 451 1165 506 demum
1189 450 1356 507 Numeriani
1384 448 1564 518 temporibus
1591 448 1691 503 sedem
1719 447 1825 516 pontii·

114 511 283 568 llansurrus
303 515 470 586 carthagin.
496 516 606 571 Primus
626 516 773 573 Caeciliani
799 520 942 587 decessor,
997 521 1071 576 ciam
1091 521 1271 592 gubernavit,
1289 528 1320 577 ut
1339 526 1418 591 patet
1432 533 1466 576 ex
1483 520 1570 575 initio
1585 527 1615 575 et
1635 520 1694 575 line
1711 516 1825 588 pontii·

114 588 224 646 vetans‚
243 596 277 639 ne
293 590 324 640 ut
340 592 477 654 martyres
494 586 713 650 honorarentur,
729 589 779 658 qui
796 603 870 645 sese
885 603 944 658 per·
999 596 1091 647 catus.

115 654 300 710 secutoribus
309 654 497 710 obtulissent:
510 658 584 738 quod
597 658 703 729 legitur
714 659 743 713 in
756 660 873 727 brevic,
885 659 941 714 col.
1034 662 1119 716 Linea
1135 658 1162 716 l.
1178 664 1278 717 -llic
1299 664 1440 717 coustituit
1458 663 1565 729 fruges,
1587 661 1684 728 subus,
1707 664 1734 713 et
1757 674 1826 712 arras.

114 721 142 789 8,
159 739 220 794 cap.
239 722 282 794 lt,
300 726 329 780 in
347 738 417 781 nova
433 726 540 781 Baluzrl
556 741 636 783 conc.
652 729 780 798 Collect,
798 744 860 801 pag.
877 726 940 793 327,

37 860 41 867 .
116 794 166 851 ubi
184 795 319 852 laudatur
334 797 475 853 biansurii
491 798 633 866 epistola:
654 820 666 851 r
684 802 713 854 ln
729 801 837 856 eisdem
854 803 941 857 etiarn

116 866 224 923 litteris
238 867 339 923 lectum
354 874 407 934 est,
421 869 531 938 eosqui
546 883 576 925 se
588 867 722 926 alienent
735 873 942 938 persecutioni-

117 938 171 993 bus
187 950 242 992 non
265 936 472 1006 comprehensi,
497 946 526 993 et
542 940 618 995 ultro
639 941 770 997 dicerent
788 957 819 997 se.
841 943 944 997 babere

115 1009 280 1077 Scripturas
294 1020 366 1078 quas
381 1021 435 1063 non
458 1011 612 1074 traderent,
628 1025 643 1065 a
664 1011 772 1081 quibus
791 1013 844 1069 hoc
862 1026 943 1068 nemo

116 1081 276 1150 quaesierat.
297 1079 489 1148 displicuisse
508 1081 663 1148 hlansurio,
686 1089 714 1138 et
734 1082 828 1138 abeis
851 1085 944 1138 hono·

116 1150 216 1205 randis
236 1163 300 1206 eum
325 1150 508 1217 prohibuisse
529 1152 721 1208 Christianos.
739 1172 752 1202 ι
769 1155 803 1209 Et
817 1161 898 1210 antea
913 1154 939 1209 S.

114 1220 284 1290 Cyprianus,
297 1233 362 1275 curn
380 1221 531 1289 proconsul
548 1221 707 1292 inquireret
719 1224 754 1279 de
770 1225 943 1295 presbyteris

115 1291 283 1359 Carthagin.
298 1291 441 1360 Ecclesiae,
455 1292 607 1361 respondet
623 1294 651 1348 in
668 1295 731 1362 ey'us
746 1296 829 1351 Vita:
845 1297 942 1351 «Cum

115 1362 269 1431 disciplina
285 1361 444 1431 prohibeat.
462 1376 496 1418 ne
509 1364 575 1432 quis
588 1377 619 1419 se
632 1364 708 1420 ultro
721 1363 830 1433 ollerat,
846 1373 874 1422 et
886 1372 943 1422 tuae

116 1447 232 1503 quoque
246 1445 374 1487 censurae
399 1433 451 1488 hoc
472 1434 636 1503 displiceat,
662 1448 695 1489 ne
716 1436 817 1491 ollerre
838 1451 868 1492 se
884 1437 941 1506 ipsi

116 1509 247 1573 possunt,
263 1504 310 1559 sed
324 1517 339 1558 a
353 1509 380 1558 te
392 1505 542 1573 exquisiti,
559 1505 755 1562 inveniantur.
771 1525 783 1556 r
799 1506 888 1575 Quam
902 1509 944 1563 di·

115 1573 267 1643 sciplinam
292 1587 308 1628 a
331 1575 483 1644 Cypriane,
512 1589 565 1631 suo
591 1579 757 1632 testimonio
783 1577 942 1633 roboratam

115 1645 296 1700 commendat
309 1645 338 1700 S.
358 1646 540 1717 Augustinus
554 1653 654 1702 contra
676 1648 762 1715 epist.
779 1649 941 1704 Gaudentii

116 1728 181 1770 cum
202 1715 323 1770 scribit:
341 1735 353 1767 ι
370 1717 421 1770 llis
441 1719 532 1771 sacris
556 1716 663 1772 litteris
685 1718 819 1774 eruditus
843 1719 944 1775 berctus
962 1737 988 1798 Β

115 1784 276 1857 Cyprianus
294 1787 323 1841 in
340 1785 521 1843 consessione
537 1788 614 1843 dixit
630 1788 816 1857 disciplinam
841 1790 944 1858 prohi-

77 1866 82 1875 ·
116 1855 192 1923 bere,
210 1869 245 1912 ne
280 1858 326 1912 uis
341 1870 372 1913 se
386 1856 494 1913 ollerat.
511 1876 523 1907 ι
539 1859 641 1914 Eadem
656 1859 813 1928 disciplina
833 1868 943 1916 vetusta

116 1927 222 1983 imbuti
235 1942 269 1983 su
290 1928 405 1983 diaconi
417 1929 550 1984 Ecclesiae
562 1929 808 2001 carthaginensis,
820 1931 888 1986 dum
903 1932 945 1986 in-

118 1999 256 2070 terrogati
273 1999 303 2052 in
317 1999 511 2055 Diocletianea
528 2001 725 2068 persecutione
741 2007 771 2056 ut
784 2014 881 2056 sacros
893 2015 945 2057 co-

116 2070 196 2126 dices
210 2069 362 2136 traderent,
381 2070 600 2139 responderunt,
616 2084 714 2126 curam
730 2071 893 2128 eorumdem
908 2073 943 2128 ad

117 2140 238 2199 lectores
252 2141 412 2209 pertinere:
429 2148 457 2196 et
471 2142 610 2197 instantes
619 2141 743 2210 iudices,
759 2149 790 2198 ut
805 2142 944 2198 lectorum

117 2213 236 2267 nomina
248 2211 441 2270 enuntiarent.
459 2225 620 2281 reposuere.
635 2215 665 2267 ln
678 2213 756 2267 dctis
768 2214 883 2285 Turgat.
897 2214 945 2269 Fe·

118 2281 167 2338 lic.
184 2287 248 2352 post
261 2282 396 2352 Optatam
414 2296 476 2354 pag.
493 2280 528 2337 tlt
544 2301 550 2336 :
565 2284 620 2338 Nos
635 2298 690 2336 aon
709 2298 803 2338 sumus
817 2284 945 2353 prodito-

117 2369 172 2407 res.
188 2352 249 2422 Qua
263 2353 422 2422 disciplina
445 2355 607 2424 Cyprianus
626 2352 756 2409 ultimam
771 2354 848 2410 clero
863 2354 945 2410 dedit

118 2422 727 2494 hortatoriarnepistolarn,erraterreliqua
738 2426 855 2494 monita,
865 2433 940 2481 erat:

120 2514 133 2546 ι
154 2497 193 2550 Ne
206 2496 360 2564 quisquam
377 2495 453 2550 ultro
469 2509 499 2548 se
515 2494 674 2565 gentilibus
688 2494 819 2551 ollerret:
836 2509 943 2566 appre-

120 2564 228 2621 hensus
242 2567 328 2621 etiam
344 2572 372 2619 et
388 2565 514 2621 traditus
533 2566 559 2620 lo
583 2566 612 2620 ui
632 2565 715 2620 debet
729 2583 736 2619 z
751 2568 895 2637 siquidem
912 2568 941 2622 in

121 2636 206 2690 nobis
220 2636 360 2691 Dominus
376 2637 490 2704 positus
506 2635 556 2690 illa
596 2648 645 2689 ora
664 2637 806 2704 loquitur,
823 2640 872 2706 qui
891 2651 942 2692 nos

117 2706 248 2761 conliterl
266 2706 440 2775 magisvult,
458 2719 542 2774 quara
558 2712 662 2760 temere
677 2708 814 2774 proliterl.
832 2725 844 2755 ι
862 2707 943 2762 hite-

118 2790 182 2832 rum
207 2777 236 2830 in
257 2775 432 2844 martyribus
453 2776 623 2830 venerandis
642 2777 883 2843 animadversum,
907 2791 941 2833 ne

119 2847 196 2902 ultro
206 2859 236 2901 se
251 2846 401 2914 injicerent
413 2846 443 2899 in
454 2852 570 2901 mortem
586 2851 702 2900 certam.
716 2847 787 2902 ilinc
799 2847 940 2904 Eusebius

117 2930 239 2974 narrans
255 2917 274 2973 l.
286 2929 347 2985 vlu,
359 2931 384 2970 c.
402 2913 445 2981 tl,
459 2924 537 2986 gesta
549 2917 681 2971 mulieris
693 2916 875 2985 Christianae,
891 2920 938 2974 cui

116 2994 250 3059 stuprum
264 2989 424 3042 llaxentius
436 2985 542 3042 inferre
556 2986 738 3055 moliebatur,
754 3008 767 3040 ι
782 2990 810 3044 in
823 2989 940 3045 cubicu-

117 3059 178 3116 lum
191 3060 330 3130 ingressa,
341 3057 429 3113 solam
440 3071 470 3113 se
480 3058 606 3113 relictam
617 3059 937 3129 essecircumspiciens,
954 3064 979 3128 c

117 3131 246 3202 gladium
263 3130 370 3199 pectori
388 3130 542 3200 immergit.
561 3128 628 3183 »lid
645 3143 708 3199 quae
723 3129 808 3186 rerba
822 3131 939 3186 Graecus

116 3202 257 3273 antiquus
271 3199 442 3256 scholiastes
462 3199 610 3254 adnotavit
624 3200 666 3268 (ln
682 3201 758 3256 notis
773 3202 840 3256 Eas.
858 3202 937 3257 ilale·

118 3273 192 3342 sius,
210 3285 271 3341 pag.
289 3267 351 3340 tid)
365 3289 371 3324 :
387 3290 401 3322 r
417 3269 565 3339 Quomodo
582 3270 636 3325 iste
652 3271 775 3327 miratur
789 3273 937 3342 mulieres,

139 3357 181 3399 uae
207 3341 400 3411 sibimetipsis
425 3353 526 3396 manus
552 3341 773 3396 consciverunt:
795 3350 938 3399 ettamen

117 3358 251 3470 acclesiae
259 3413 403 3481 judicium
416 3411 446 3466 in
457 3418 613 3481 martyrum
626 3425 743 3467 numero
756 3427 810 3468 non
825 3415 939 3483 reponit

117 3499 174 3540 cas.
187 3498 250 3554 quae
263 3484 309 3539 sui
322 3483 449 3551 ipsarum
463 3482 613 3538 carnifices
622 3483 805 3539 exstiterunt.
818 3486 939 3556 lgnaviae

117 3558 195 3612 enirn
217 3555 413 3625 potiusquam
430 3551 613 3609 tortitudinis
632 3553 842 3679 suppliciorum
863 3563 939 3610 metu

119 3632 237 3682 mortem
254 3633 431 3695 prevertere.
444 3625 547 3679 Verum
559 3637 606 3680 eas
623 3625 652 3679 in
668 3638 683 3679 a
700 3627 765 3680 bum
782 3633 938 3696 martyrum

118 3696 214 3761 relert,
232 3711 295 3768 quac
307 3696 342 3752 ob
353 3694 561 3751 contessionem
575 3695 682 3750 Christi
700 3696 773 3752 nihil
786 3694 941 3753 formidan-

117 3769 185 3825 dum
197 3782 259 3824 esse
268 3769 482 3832 existimarunt,
494 3767 582 3822 alacri
594 3770 691 3822 animo
703 3769 811 3837 perpeti
824 3775 938 3838 paratae,

118 3853 297 3909 quaecunque
317 3839 390 3907 ipsis
406 3843 545 3892 tormenta
565 3844 763 3905 tyrannorum,
780 3852 812 3893 ac
831 3841 941 3895 daemo-

118 3923 186 3964 num
204 3911 353 3972 ingeniosa
371 3907 489 3962 solertia
511 3909 676 3977 irrogasset.
695 3928 707 3958 a
725 3910 763 3964 lte
780 3923 836 3980 quo
850 3922 941 3981 argu-

118 3987 213 4035 mento
227 3980 346 4035 disserit
361 3977 423 4032 fuse
435 3978 462 4032 S.
480 3977 672 4048 Augustinus.
688 3982 728 4035 lta
742 3981 868 4049 synodus
885 3981 942 4036 ttti·

118 4049 248 4105 beritana
271 4049 383 4104 inhibet
406 4062 454 4103 eos
475 4048 666 4117 honorandos,
692 4065 766 4120 quos
787 4051 940 4121 gentilium

118 4118 200 4175 furor
213 4121 402 4175 internecioni
420 4120 500 4174 dedit
514 4119 549 4174 ob
566 4118 710 4189 publicam
725 4120 866 4177 idolorum
888 4120 943 4178 lra-

118 4191 254 4246 ctionem.
270 4193 301 4245 Et
319 4190 483 4244 Lactantius
498 4189 636 4260 suggillat
647 4189 692 4258 (de
703 4192 837 4245 Mortibus
845 4208 943 4260 perse·

118 4258 942 4330 cut.,c.l3)Christianum,quipubliceconsciditltincle·

121 4333 194 4388 tiani
208 4335 237 4389 in
249 4332 431 4388 Christianos
441 4344 564 4399 appensa
576 4331 670 4386 edicta
681 4349 688 4398 ς
699 4333 753 4386 etsi
766 4332 908 4389 Eusebius
921 4335 940 4390 l.

122 4416 183 4475 utu,
198 4419 223 4460 c.
236 4402 264 4473 5,
280 4404 368 4458 colore
378 4403 461 4455 nimio
473 4401 538 4470 ridet
549 4403 677 4469 ignitum,
690 4402 796 4457 lactum
811 4418 943 4473 pronun-

121 4475 183 4532 tiet.
194 4477 315 4546 Optatus
330 4475 412 4544 plura
423 4473 526 4542 repetit
536 4472 629 4527 dehis
640 4474 733 4545 signis
744 4474 762 4529 l.
773 4488 816 4544 ur,
826 4472 939 4546 pagii.

119 4547 184 4603 ilaec
200 4549 297 4618 itaque
315 4555 397 4602 erant
412 4550 563 4609 momenta,
586 4551 700 4614 propter
714 4560 777 4617 quae
791 4548 944 4615 Eutychia-

120 4632 176 4675 uus
185 4619 323 4684 decernit,
336 4615 491 4687 quemlibet
503 4615 612 4671 lidelem
624 4616 764 4687 reliquias
773 4619 944 4688 conquiren-

120 4686 941 4758 teraettumulantemdeberenotitiamepiscopodelerre,

121 4766 153 4816 ut
169 4774 224 4816 non
239 4760 348 4829 absque
364 4761 485 4827 trutina,
509 4757 599 4813 honor
620 4761 748 4829 martyrii
771 4759 943 4817 deterendus

119 4838 304 4897 statueretur,
320 4838 348 4885 et
364 4829 552 4899 reliquiarum
575 4830 711 4885 identitas
726 4832 904 4901 probaretur.

155 4905 242 4959 Linea
267 4899 295 4957 7.
320 4932 354 4940 -
379 4902 442 4955 Sine
469 4900 620 4954 dalmatica
626 4940 703 4954 .....
734 4903 813 4956 nullu
839 4906 943 4957 ruiturae

119 4975 252 5046 sepeliret.
277 4973 432 5028 Certiorem
457 4976 591 5026 tesseram
616 4972 719 5027 addere
741 4974 870 5029 decernit
893 4987 943 5042 pro

121 5045 298 5103 honorandis
318 5042 502 5113 martyribus,
526 5043 759 5099 ves·imentorum
775 5052 884 5101 certum
899 5058 943 5116 ge·

120 5132 186 5188 nus,
207 5118 282 5188 quod
308 5115 405 5170 lideles
428 5120 612 5183 apponerent,
632 5116 700 5169 dum
723 5128 752 5169 ιιι
773 5116 942 5171 domesticis

119 5189 257 5245 oratoriis
269 5200 350 5243 sacra
362 5187 480 5256 pignora
495 5191 672 5253 reponerent.
687 5185 764 5241 Unde
776 5186 878 5256 aglaes
892 5188 943 5242 mi·

120 5260 216 5330 nistri,
239 5272 303 5315 cum
326 5257 455 5312 viderent
479 5254 659 5311 Bouilacium
684 5266 833 5326 martyrem
855 5257 940 5327 (apud

119 5333 209 5386 ltolst.
232 5333 261 5384 ia
287 5331 356 5384 actis
380 5328 409 5383 S.
428 5328 530 5394 Bonis,
558 5340 619 5399 pag.
645 5324 690 5396 Ei)
707 5346 712 5381 :
731 5349 744 5379 ι
766 5328 942 5397 deceperunt

119 5415 224 5471 corpus
245 5402 336 5457 sancti
356 5399 498 5468 martyris,
515 5405 543 5452 et
558 5406 696 5453 unrehtes
712 5399 783 5454 illud
800 5402 942 5454 aromati-

120 5469 185 5539 bus,
201 5479 228 5527 et
244 5473 420 5527 involventes
436 5441 657 5525 linteaminibus
679 5471 816 5539 pretiosis
836 5484 942 5539 posue-

121 5548 189 5594 runt
204 5543 235 5598 in
252 5556 306 5598 una
320 5543 356 5598 de
370 5542 524 5597 basternis.
543 5560 556 5590 a

403 5648 528 5703 uiuitur
539 5647 660 5702 Lanuui

156 5752 243 5809 Linea
254 5749 283 5807 2.
292 5779 328 5791 -
337 5753 399 5807 Fuit
410 5754 573 5822 temporibus
583 5752 739 5808 Aureliani.
753 5754 814 5808 Nou
828 5760 941 5810 tautiun

999 731 1071 787 Usus
1086 732 1272 789 benedicendi
1294 739 1441 789 creaturas
1457 733 1486 787 in
1502 733 1633 788 Ecclesia
1651 731 1829 799 antiquissi-

999 813 1063 857 mus
1076 809 1129 870 est,
1146 809 1174 859 et
1195 804 1230 859 ab
1245 805 1441 873 apostolorum
1463 812 1593 872 ternpore
1615 800 1828 871 frequentatus,

1000 879 1032 928 ut
1046 881 1156 930 cunstat
1171 887 1206 929 ex
1222 888 1330 930 canone
1344 876 1544 944 apostolurum
1558 872 1588 935 2.
1603 871 1632 938 3,
1647 879 1707 927 etc.

986 936 991 953 '
1035 945 1120 1000 linea
1133 942 1161 1000 l.
1176 975 1213 984 —
1225 946 1391 1000 Dalmatica.
1407 946 1569 1001 Dalmatica
1583 950 1630 999 est
1646 944 1755 998 tunica
1770 942 1826 996 sine

1000 1015 1133 1080 manicis,
1145 1030 1208 1086 quae
1221 1016 1289 1072 olim
1304 1017 1334 1070 in
1349 1030 1404 1072 usu
1415 1013 1481 1070 luit.
1496 1016 1570 1070 Vide
1582 1021 1671 1070 netas
1684 1014 1787 1069 Barca.
1798 1013 1827 1066 ad

999 1085 1181 1158 llartyrolog.
1198 1088 1278 1142 Eam.
1294 1088 1341 1142 die
1354 1084 1385 1142 at
1405 1088 1485 1158 hlaii,
1501 1086 1604 1142 littera
1618 1086 1651 1138 u.

1315 1229 1500 1286 blanchini

1257 1365 1333 1408 nors
1347 1366 1560 1409 cunouococrcat

1033 1477 1149 1532 Numeri
1171 1478 1332 1546 praeservati
1350 1478 1379 1533 in
1392 1479 1500 1548 epocha
1514 1479 1545 1533 S.
1568 1475 1754 1546 Eutychiani
1774 1481 1827 1531 tum

997 1548 1073 1615 apud
1097 1547 1244 1604 basilicam
1265 1549 1293 1603 S.
1315 1550 1406 1619 Pauli,
1428 1555 1488 1604 tum
1506 1547 1586 1618 apud
1609 1548 1765 1619 catalogos
1781 1549 1830 1601 lta-

999 1618 1055 1687 liae,
1073 1619 1140 1673 inde
1152 1620 1317 1690 antiquitus
1330 1620 1503 1687 descriptos,
1520 1630 1639 1675 necnon
1659 1619 1692 1672 ia
1708 1617 1830 1688 catologo

999 1690 1161 1751 tiberiano,
1177 1696 1205 1745 et
1222 1692 1250 1746 in
1269 1690 1399 1760 pluribus
1414 1690 1607 1751 colbertinis,
1627 1702 1722 1756 supra
1740 1689 1830 1744 relatis

1000 1761 1075 1816 inter
1102 1759 1302 1831 prolegomena
1336 1760 1417 1819 olene
1450 1762 1635 1830 respondent
1666 1758 1831 1815 nominibus

998 1830 1150 1887 consulum
1165 1833 1381 1888 enuntiatorum
1395 1838 1451 1889 tam
1470 1833 1499 1887 in
1515 1831 1667 1897 catalogis
1684 1831 1789 1886 Liberti
1802 1843 1830 1883 ac

999 1901 1111 1967 Felicis,
1128 1915 1212 1969 quarn
1233 1902 1317 1959 Libro
1338 1903 1511 1958 Pontificali.
1531 1904 1563 1958 ln
1585 1901 1751 1957 Liberiano
1773 1914 1828 1955 cor·

1000 1973 1138 2044 rigendus
1158 1972 1347 2029 observantur
1367 1974 1473 2029 unicus
1491 1987 1576 2029 error
1596 1972 1828 2036 amanuensium,

1000 2045 1050 2113 qui
1073 2048 1191 2099 caeteros
1211 2045 1240 2098 in
1265 2046 1420 2115 catalogos,
1445 2050 1473 2099 et
1496 2045 1528 2100 in
1555 2045 1697 2114 picturas
1721 2056 1829 2112 quoque

1000 2114 1128 2184 irrepsit,
1146 2114 1199 2170 hoc
1211 2125 1253 2171 est
1265 2116 1425 2186 disjunctio
1439 2115 1613 2171 unitatisex
1629 2127 1753 2169 numero
1764 2126 1829 2168 men-

999 2186 1086 2310 ῗιιιιι,
1103 2197 1135 2241 ac
1154 2187 1305 2242 translatio
1321 2189 1350 2243 in
1371 2185 1466 2242 sedem
1486 2187 1619 2242 dierum.
1644 2184 1829 2241 Scribenduu

1014 2262 1116 2313 uerat:

1034 2346 1114 2402 Sedit
1309 2346 1384 2401 han.
1457 2346 1547 2401 biens.
1562 2345 1633 2401 dies

1309 2417 1368 2471 Vlll
1472 2417 1513 2471 Xl
1568 2418 1609 2471 lll

996 2487 1370 2555 Scripsitamanuens.lllll
1478 2488 1505 2543 X
1560 2488 1626 2543 litt.
1651 2487 1825 2542 Demonstro.

996 2559 1170 2628 Eutychiani
1186 2560 1331 2628 depositio
1345 2559 1440 2614 atatts
1463 2559 1574 2614 Liberii
1592 2558 1697 2628 (supra
1716 2559 1748 2614 in
1766 2560 1825 2613 Pro-

997 2627 1112 2701 legom.)
1136 2633 1324 2702 consignatur
1345 2636 1421 2683 secto
1443 2629 1509 2684 ldus
1528 2630 1700 2685 Decenmris.
1722 2630 1826 2684 Consu·

997 2697 1071 2755 lesa
1088 2701 1227 2772 catalogis
1249 2701 1404 2770 enuntiati,
1426 2713 1538 2755 necrron
1558 2713 1577 2755 a
1602 2699 1826 2756 bibliothecario

996 2773 1133 2895 postremi
1158 2773 1187 2827 in
1208 2772 1387 2843 Eutychiano
1408 2777 1478 2826 sunt
1497 2771 1593 2826 Carus
1618 2784 1639 2826 tt
1654 2780 1685 2826 et
1700 2772 1825 2833 Carinus,

1009 2841 1159 2897 ndicantes
1182 2856 1289 2898 annunt
1311 2840 1375 2897 983.
1398 2842 1485 2896 l’rimi
1507 2847 1608 2897 autem
1633 2843 1772 2897 consules
1789 2842 1827 2896 ei-

994 2911 1058 2967 dem
1079 2912 1213 2969 attributi
1237 2920 1306 2969 sunt
1326 2911 1500 2968 Aurelianus
1521 2926 1548 2967 rr
1576 2918 1607 2968 et
1633 2913 1825 2977 Marcellinus,

994 2983 1155 3052 aperientes
1177 2998 1282 3041 annum
1308 2980 1372 3049 275,
1399 2984 1483 3052 cuius
1508 2984 1582 3038 anni
1610 2984 1679 3039 dies
1704 2998 1738 3039 ιιι
1762 2983 1824 3053 (que

994 3061 1055 3108 erat
1075 3062 1154 3110 serta
1170 3061 1233 3125 post
1257 3054 1367 3111 obitum
1393 3054 1506 3119 Felicis,
1522 3066 1538 3109 a
1554 3068 1618 3125 quo
1641 3068 1763 3110 vacasse
1782 3055 1826 3109 di-

994 3124 1161 3181 citursedes
1170 3126 1233 3182 dies
1242 3128 1371 3196 quinque
1380 3127 1408 3178 ia
1417 3127 1694 3193 superiorinumero,
1707 3124 1824 3191 amulii,

994 3201 1022 3250 et
1039 3196 1183 3252 incidebat
1198 3197 1228 3253 in
1243 3197 1434 3263 Dominicam,
1449 3203 1515 3264 apte
1531 3198 1698 3266 respondet
1713 3197 1824 3253 ordina·

994 3265 1068 3321 ttoni
1085 3268 1267 3337 Eutychiani.
1291 3267 1358 3323 inde
1374 3279 1440 3322 reru
1454 3266 1489 3320 ad
1504 3266 1588 3322 diem
1610 3280 1642 3321 vr
1665 3267 1823 3324 Decembris

993 3337 1062 3391 anni
1077 3334 1140 3407 983,
1150 3339 1221 3395 Caro
1232 3352 1252 3393 ιι
1265 3345 1293 3394 et
1304 3337 1409 3392 Carino
1424 3350 1499 3392 coss.
1513 3339 1638 3408 quando
1651 3340 1750 3395 victor
1761 3338 1824 3394 abiit

993 3418 1009 3462 e
1029 3408 1098 3477 vita,
1122 3416 1312 3465 numerantur
1329 3409 1397 3463 antri
1417 3419 1483 3471 vul,
1506 3421 1625 3464 menses
1649 3423 1695 3479 at,
1712 3412 1774 3467 dies
1788 3423 1823 3464 ιιι.

993 3477 1084 3535 Biduo
1106 3486 1179 3548 post,
1202 3493 1302 3548 nempe
1319 3477 1337 3533 8
1358 3476 1523 3534 Decembris
1542 3481 1724 3550 depositum
1745 3480 1825 3537 tuisse

993 3546 1069 3604 beati
1086 3551 1231 3620 puntldcis
1246 3564 1358 3606 sacrum
1370 3563 1476 3620 corpus
1488 3550 1518 3605 in
1532 3554 1711 3609 eoeneterto
1723 3552 1825 3609 Callisti

994 3617 1124 3676 relerunt
1138 3622 1309 3677 documenta
1323 3622 1460 3691 superius
1477 3624 1651 3678 enuntiata.

1263 3774 1339 3816 NOTAE
1363 3773 1558 3817 Cuoadtoctcru

1035 3889 1119 3945 Linea
1131 3885 1158 3943 6.
1172 3917 1206 3925 -
1220 3887 1365 3942 Constituit
1382 3890 1413 3939 ut
1431 3889 1596 3956 quicunque
1612 3889 1746 3958 adcitum
1763 3909 1828 3946 mar·

996 3958 1082 4021 turem
1112 3958 1244 4028 sepeliret,
1273 3959 1332 4010 siae
1362 3957 1523 4017 dalmatica.
1550 3965 1607 4014 cut
1634 3963 1744 4017 colobio
1768 3979 1827 4032 pm.

993 4036 1096 4104 purutc
1113 4030 1192 4083 nullu
1210 4031 1315 4082 rutioue
1332 4029 1476 4096 sepeliret:
1492 4031 1572 4098 quod
1593 4036 1695 4087 tumea
1713 4035 1751 4089 ud
1765 4036 1826 4089 arti·

996 4105 1086 4158 titium
1101 4101 1155 4155 sibi
1169 4101 1370 4165 divulgaretur.

1033 4171 1279 4229 vindicandorum
1319 4173 1476 4240 martyrum
1516 4187 1626 4230 curam
1669 4188 1823 4245 promoveas

997 4251 1100 4300 cautus
1111 4240 1240 4313 pontifex
1254 4240 1436 4309 providenter
1449 4246 1603 4314 pracepit,
1617 4253 1654 4302 ut
1666 4250 1704 4304 aa
1716 4255 1825 4304 lemnius

997 4316 1106 4371 indicia
1125 4319 1201 4369 certa
1216 4312 1345 4380 martyrii
1362 4311 1393 4366 in
1405 4324 1504 4368 eorum
1520 4315 1733 4385 depositione.
1747 4317 1824 4374 idhi-

997 4387 1058 4442 beri
1076 4383 1221 4440 mandavit
1234 4382 1390 4450 colobium,
1406 4388 1457 4438 aut
1472 4384 1672 4444 dalmaticam
1691 4402 1748 4445 non
1763 4402 1822 4459 qua·

954 4461 1178 4526 Diemcunque,
1204 4456 1252 4510 sed
1275 4459 1461 4523 purpuratam
1481 4456 1517 4511 ad
1543 4457 1744 4516 involvendos
1761 4472 1824 4515 urr-

997 4536 1090 4599 tyres:
1109 4541 1182 4598 quos
1196 4527 1281 4581 etiarn
1295 4530 1463 4594 purpuratos
1483 4540 1592 4584 vocare
1607 4532 1767 4588 consuevit
1778 4531 1822 4586 Er·

997 4599 1085 4656 clesia
1101 4600 1130 4654 iu
1146 4599 1258 4668 hymmo
1277 4596 1404 4651 omnium
1421 4604 1606 4654 sanctorum.

1179 4703 1235 4751 vos
1250 4701 1381 4765 purpurati
1398 4703 1536 4763 martyres,

1033 4807 1104 4859 Ante
1143 4803 1194 4858 hoc
1236 4802 1380 4857 decretum
1428 4799 1611 4869 Eutychiani
1661 4810 1821 4864 consuerant

997 4875 1155 4931 Christiani
1178 4884 1258 4928 sacra
1285 4877 1440 4950 martyrum
1464 4885 1591 4941 corpora
1618 4879 1750 4947 sepelire
1768 4889 1820 4934 cun

997 4946 1098 5002 linteis
1117 4947 1244 5016 ipsorum
1267 4953 1408 5010 sanguine
1431 4946 1596 5010 respersis:
1619 4962 1677 5004 seu
1694 4950 1821 5021 quaedata

997 5031 1082 5087 opera
1103 5015 1320 5087 apponebantur
1344 5012 1414 5065 dum
1438 5019 1635 5084 torqueretur
1660 5028 1777 5092 martyr,
1798 5023 1821 5072 ut

997 5089 1118 5160 sanguis
1142 5089 1170 5142 in
1192 5099 1225 5142 ea
1248 5083 1396 5166 debueret,
1420 5087 1675 5163 quemadmodum
1704 5093 1734 5147 in
1755 5091 1820 5146 ictis

997 5161 1127 5230 martyrii
1149 5161 1177 5214 S.
1199 5159 1335 5227 Cypriani
1360 5153 1480 5209 Pontius
1499 5157 1655 5216 diaconus
1676 5164 1820 5235 diligenter

995 5232 1167 5301 descripsit;
1178 5231 1239 5284 sire
1248 5228 1334 5282 etiarn
1346 5238 1409 5294 qua>
1418 5224 1641 5286 adhibebantur
1652 5235 1690 5289 ad
1703 5244 1818 5304 sparsura

996 5304 1164 5375 sanguinem
1186 5314 1201 5356 c
1220 5299 1281 5355 solo
1300 5295 1507 5365 exsugendun.
1534 5305 1567 5354 ut
1588 5310 1663 5359 nota
1685 5302 1820 5362 prudentii

996 5378 1132 5501 carmin}⁴
1159 5371 1314 5428 ostendunt
1354 5367 1385 5420 ln
1420 5375 1561 5438 martyrio
1598 5374 1631 5428 S.
1672 5375 1819 5446 llippolyti,

995 5458 1068 5501 vers.
1152 5463 1158 5499 :

1075 5569 1190 5619 Palliolis
1207 5568 1282 5617 etiarn
1299 5562 1393 5612 bibulae
1411 5567 1543 5615 siccantur
1560 5582 1662 5629 menae,

1105 5634 1143 5681 Ne
1161 5632 1217 5693 quis
1227 5632 1254 5678 in
1269 5630 1362 5678 inlecto
1375 5629 1480 5691 pulvere
1498 5644 1543 5677 ros
1555 5638 1674 5682 maneat.

1076 5696 1105 5745 st
1124 5696 1181 5757 quis
1201 5696 1226 5742 ct
1246 5694 1399 5742 incudibus
1420 5692 1545 5740 recalenti
1563 5697 1709 5756 aspergine
1725 5695 1819 5756 sargus

1106 5757 1211 5816 insidet,
1229 5754 1298 5802 hunc
1312 5768 1417 5806 omnem
1432 5756 1544 5817 spongia
1560 5768 1656 5818 pruses
1672 5759 1752 5823 rapit.
