3892 6136
192 246 262 310 4335
811 243 991 302 tutsttstl
1013 241 1261 303 auctoritatum
1838 249 1896 310 leet

192 366 1052 443 sextapersecuttonlsnonenapuuecaleiiastlcaebisin-A
1064 372 1164 438 pcata,
1191 372 1320 441 protinus
1337 371 1430 428 eadem
1451 377 1607 430 cananum
1627 387 1751 443 corpora
1782 374 1818 429 de
1839 376 1894 445 prii

194 446 245 500 riae
266 443 415 500 consultos
438 444 541 498 merito
564 442 701 504 obtineat,
719 454 768 510 per
787 453 878 496 annos
891 445 958 508 tres,
982 444 1014 493 ut
1067 439 1168 496 dirutis
1181 443 1297 498 abstulit
1309 446 1473 500 caemeteriis.
1488 447 1553 513 Qua
1567 461 1628 500 cum
1643 445 1760 513 lamnis
1774 450 1802 500 et
1816 449 1894 501 canti

193 515 328 598 pluribus
338 528 372 570 eri
384 510 853 585 origenistestimoniisconirmat
862 509 1011 577 Eusebius
1067 512 1106 566 cis
1120 514 1292 582 spiritalibus
1311 517 1341 569 in
1354 515 1425 572 banc
1438 518 1575 571 ciuitatem
1588 517 1747 571 Romanam
1775 518 1895 572 introdu-

195 594 233 642 ua
250 586 380 642 scribens
391 584 442 640 lib.
456 598 497 655 vi,
508 597 572 654 cap.
584 583 636 638 ab:
656 583 790 637 «interea
805 595 877 637 caeso
888 580 1014 663 Alexau-
1067 597 1137 648 cens,
1161 585 1218 638 alia
1229 601 1320 640 eorum
1335 602 1386 656 per
1404 588 1506 653 titulos,
1524 602 1555 641 ac
1567 587 1712 642 diaconias
1729 603 1781 642 seu
1796 605 1894 643 nsanos

193 658 246 713 dro
263 658 433 727 imperatore
452 657 502 724 qui
528 655 662 710 tredecim
679 655 764 708 annis
784 656 958 722 regnaverat,
984 663 1013 705 ιιι
1068 654 1147 719 teria,
1163 659 1188 709 et
1207 656 1328 725 reliquos
1338 658 1472 713 Ecclesias
1496 657 1653 713 condecenti
1665 659 1782 712 studuit
1798 661 1894 714 cernaii

192 728 255 798 eius
266 727 358 783 locuni
374 727 502 783 succedit
514 726 696 781 Maximinus.
707 725 761 794 Qui
776 725 854 795 gravi
868 723 934 779 odio
945 735 1016 777 suc·
1069 723 1290 782 bonoreNarrat
1300 728 1403 784 ibidem
1414 729 1669 796 bibliothecarius,
1683 730 1714 784 in
1729 732 1894 787 monasterio

192 812 296 855 census
315 798 451 854 adversus
471 795 610 852 familiam
626 795 792 862 Alexandri,
818 796 847 850 in
871 806 927 864 qua
952 792 1015 863 ple·
1068 794 1114 849 SS.
1130 795 1265 866 Stephani
1289 801 1424 871 martyris
1439 805 1526 871 atque
1549 800 1711 870 pontilicis,
1727 808 1759 856 et
1773 801 1892 858 silvestri

195 868 553 940 riqueeranthristiani,
572 867 770 937 persecutione
791 866 924 930 excitata,
937 865 1014 919 solos
1070 864 1136 921 item
1174 869 1310 934 ontificis,
1332 878 1361 925 et
1378 870 1563 940 contessoris,
1586 873 1712 954 ejusque
1730 872 1761 926 in
1786 873 1893 929 ecclesii

192 940 386 996 Ecclesiarum
399 939 546 995 antistites
578 936 857 1020 utpotenevaugelica
872 935 1013 1017 pradica-
1069 934 1143 1063 &qum
1154 882 1239 996 Koile
1250 940 1355 997 titulus
1369 942 1478 999 dicitur
1490 942 1517 997 S.
1534 941 1667 998 silvestri
1686 944 1719 998 in
1733 943 1843 1013 Capite)
1855 959 1893 1013 per

193 1012 282 1068 tionis
303 1019 445 1078 auctores,
462 1009 584 1066 interfici
607 1010 705 1079 jussu.
723 1008 785 1077 Quo
804 1013 930 1077 tempore
945 1006 1014 1062 Ori·
1091 1009 1243 1078 tephanum
1266 1011 1328 1081 elus
1342 1015 1468 1069 nominis
1488 1015 1524 1068 lll
1544 1013 1664 1070 fratrem
1677 1014 1766 1070 Pauli
1781 1017 1791 1070 l
1806 1029 1821 1069 a
1835 1016 1892 1071 lua-

194 1095 278 1154 geues
293 1082 398 1138 librum
408 1082 443 1138 de
454 1081 592 1150 martyrio
602 1081 773 1148 composuit,
790 1091 873 1150 quem
889 1077 1014 1132 lambro-
1068 1080 1210 1135 <lamentis
1220 1081 1298 1138 dorni
1311 1098 1370 1139 sum
1385 1085 1528 1152 inchoata,
1545 1098 1562 1140 a
1576 1084 1667 1140 Paulo
1682 1098 1755 1140 veru
1769 1085 1890 1155 perlecta,

192 1156 447 1224 sio,etprotocteta
456 1151 641 1209 cesariensis
651 1150 782 1206 Ecclesiae
794 1148 1013 1219 presbyterode·
1068 1150 1214 1219 complura
1228 1167 1346 1224 corpora
1359 1160 1387 1209 et
1397 1155 1537 1226 reliquias
1549 1161 1720 1211 sanctorum
1738 1170 1756 1211 a
1772 1163 1893 1213 coemete·

191 1226 317 1281 dicavit:
332 1239 364 1281 eo
391 1224 465 1296 quod
490 1231 609 1294 uterque
624 1222 652 1276 in
677 1235 709 1277 ea
737 1221 934 1292 persecutione
956 1232 1012 1275 non
1068 1221 1123 1276 riis
1139 1222 1275 1278 iudicatis
1286 1230 1427 1281 extractas
1439 1228 1570 1282 eumdem
1593 1226 1719 1283 Paulum
1739 1229 1892 1296 pontificem

193 1297 335 1354 mediocre
369 1296 525 1353 discrimen
551 1293 688 1349 subierat.
717 1309 731 1343 s
762 1291 837 1349 Satis
874 1290 966 1346 intelli
992 1291 1013 1345 it
1066 1293 1249 1349 condidisse:
1272 1309 1392 1366 quarum
1408 1298 1568 1367 praecipuas
1582 1296 1712 1368 legimus
1729 1305 1791 1353 tum
1810 1301 1837 1353 in
1850 1313 1893 1355 ve-

193 1368 404 1439 unusquisque,
418 1379 474 1422 nou
487 1366 574 1421 levem
586 1364 676 1421 luisse
687 1362 912 1433 persecutionem
929 1375 950 1443 a·
985 1373 1014 1415 a·
1068 1369 1146 1419 tusto
1163 1378 1302 1422 marmore
1317 1375 1345 1422 et
1366 1369 1480 1424 Eartolb
1502 1371 1529 1424 io
1549 1369 1720 1425 eorumdem
1739 1377 1892 1425 sanctorum

191 1439 303 1495 uimine
318 1439 481 1506 excitatam,
499 1450 562 1506 quar
579 1436 641 1505 ipso
656 1437 827 1505 imperatore
842 1435 871 1488 in
886 1431 971 1516 ltalia
984 1436 1013 1487 et
1067 1435 1184 1490 nomina
1199 1450 1232 1492 ac
1258 1437 1389 1494 natalitia
1415 1445 1590 1509 continente,
1618 1445 1679 1495 tum
1704 1441 1737 1494 in
1763 1440 1893 1496 tabulario

191 1510 221 1566 in
236 1508 388 1567 Germania
399 1515 499 1577 agente
513 1520 568 1564 ιιοιι
582 1507 735 1563 Romanam
750 1505 833 1561 modo
843 1504 1010 1568 Ecclesiam,
1068 1508 1215 1562 memorati
1233 1510 1400 1566 monasterii
1413 1516 1442 1566 et
1456 1511 1604 1576 Ecclesiae,
1629 1510 1808 1567 subsecutas
1823 1525 1892 1566 rece

189 1579 503 1638 etoccideutalesbuic
520 1577 737 1647 proximasset
758 1577 844 1632 etiam
858 1574 1012 1631 orientales
1067 1577 1212 1659 guiticnes
1238 1592 1272 1635 aa
1294 1582 1485 1650 repositiones
1508 1581 1675 1637 earumdem
1710 1582 1893 1652 reliquiarum

191 1650 220 1708 ln
241 1651 391 1708 Palaestina
407 1650 526 1707 vexavit.
541 1649 733 1720 Sanguinaria
749 1661 814 1703 vero
830 1646 941 1703 indoles
958 1647 1013 1701 bo·
1069 1647 1214 1704 indicante
1230 1649 1488 1719 publicatoribus
1501 1666 1533 1708 ea
1546 1653 1581 1709 de
1596 1652 1664 1708 resi
1689 1654 1770 1709 natis
1781 1656 1810 1709 in
1822 1668 1848 1708 re
1866 1673 1895 1694 ·-

190 1725 279 1780 urinis
298 1721 405 1778 clierati
430 1726 568 1792 quantum
591 1719 718 1776 caedibus
743 1717 914 1845 indulgeret,
940 1717 1341 1800 satisssratianealtarium,
1361 1736 1436 1779 anno
1457 1721 1646 1793 prasertimi
1681 1720 1720 1793 Ἴ,
1737 1722 1832 1780 ‹lieSD
1867 1739 1894 1780 c-

188 1794 331 1865 expressit
347 1794 374 1848 in
389 1794 451 1862 ejus
465 1793 528 1848 vita
551 1792 742 1862 Capitolinus,
760 1791 799 1845 ita
839 1788 920 1845 eillo
933 1802 1011 1843 scri·
1068 1790 1169 1855 tobris,
1185 1799 1213 1846 et
1229 1805 1304 1848 anno
1319 1791 1397 1858 4604,
1412 1795 1461 1851 die
1474 1792 1508 1850 43
1522 1795 1602 1862 ilaii,
1618 1809 1685 1865 quac
1702 1809 1760 1851 suo
1783 1796 1842 1851 loco
1855 1795 1893 1851 al-

188 1866 275 1923 bens:
298 1885 310 1916 r
327 1865 393 1920 Tam
412 1863 539 1920 crudelis
559 1862 626 1931 luit,
641 1869 673 1919 ut
689 1862 770 1917 illurn
785 1861 836 1917 alii
850 1860 1010 1942 Cyclopem,
1067 1857 1196 1918 ferentur
1209 1863 1238 1917 in
1253 1863 1318 1919 Vita
1331 1865 1408 1921 Pauli
1425 1866 1514 1921 Primi
1525 1866 1558 1921 ad
1573 1864 1731 1935 praelatum
1743 1880 1891 1923 numerum.

186 1937 239 1994 alii
264 1937 437 1997 Busiridem,
453 1935 505 1992 alii
518 1934 691 2003 Sulmonem,
706 1933 838 1988 nonnulli
856 1931 1009 1994 Phalarim.
1103 1936 1265 1990 Marmorea
1275 1948 1341 1991 vero
1355 1936 1469 2006 tabula,
1481 1937 1641 1993 indicantis
1654 1937 1777 1993 numina
1788 1945 1815 1993 et
1828 1946 1893 1993 nata·

189 2009 272 2076 multi
294 2008 466 2080 Typhonem,
493 2006 535 2062 vel
564 2006 670 2076 Gygam
695 2010 838 2072 vacarent,
862 2008 914 2060 etc.
944 2003 1011 2057 Erat
1068 2002 1131 2061 litia
1143 2014 1615 2078 sanctarumquorumcarporum
1629 2013 1732 2078 partes
1744 2009 1891 2079 precipua,

186 2081 262 2135 enlm
275 2081 301 2136 ei
318 2093 497 2150 persuasum,
514 2077 572 2133 nisi
589 2076 760 2133 crudelitate
786 2075 1010 2159 imperiumque
1067 2076 1128 2132 sive
1139 2088 1203 2131 ussa
1218 2076 1354 2148 pleraque
1368 2079 1473 2133 ibidem
1490 2085 1558 2135 sunt
1574 2080 1743 2148 recondita,
1756 2087 1893 2149 caputce-

186 2152 288 2206 teneri.
312 2169 325 2201 s
354 2151 457 2206 iliram
478 2149 575 2219 itaque
591 2160 647 2203 non
671 2152 713 2203 est
740 2147 765 2201 si
796 2146 937 2214 principis
962 2157 1012 2198 in·
1066 2147 1189 2216 cupatb.
1207 2148 1341 2212 anterus,
1358 2149 1464 2219 quippe
1477 2151 1562 2219 cujus
1577 2150 1690 2207 natalis
1703 2151 1770 2207 dies
1786 2153 1815 2206 in
1829 2149 1891 2207 Sla-

186 2225 270 2294 geuio
295 2222 455 2292 obsequens
479 2221 621 2276 Maximus
652 2187 803 2289 prefectus
830 2217 909 2278 Urbi.
934 2216 1010 2270 intra
1066 2218 1163 2274 nuarii
1190 2218 1443 2288 cadenspraecedit
1463 2221 1492 2276 iu
1516 2221 1689 2277 Kalendarii
1706 2222 1892 2292 dispositione

189 2307 312 2350 mensem
336 2293 520 2360 episcopatus
539 2290 721 2370 secundani,⁸
735 2290 785 2358 qui
810 2294 871 2344 erat
888 2290 1010 2368 quartus
1065 2290 1128 2346 dias
1151 2289 1302 2345 natalitios
1316 2297 1496 2347 caeterorum.
1508 2294 1548 2347 lta
1563 2306 1632 2349 vero
1645 2295 1848 2366 consignatur.

185 2363 300 2435 imperii
314 2363 476 2428 Maximini,
493 2364 629 2418 inuram
645 2359 805 2430 pontibcen
821 2363 973 2415 necaverit.
1101 2361 1131 2416 ln
1148 2361 1263 2416 nomine
1284 2362 1410 2419 Domini.
1433 2364 1495 2418 llaec
1510 2367 1554 2418 est
1577 2364 1686 2420 notitia
1705 2365 1892 2422 natalitiorum

220 2436 307 2494 Linea
322 2432 347 2491 5.
363 2465 398 2476 -
413 2435 463 2488 llic
477 2435 543 2500 tecit
561 2432 761 2487 ordinationem
776 2446 859 2485 uriam
873 2446 922 2500 par
931 2444 1010 2483 meu-
1135 2431 1303 2487 Sanctornm
1321 2433 1368 2488 bic
1390 2435 1646 2505 requiescentium.

184 2521 239 2562 sem
255 2507 414 2572 Decembris,
443 2508 596 2575 episcopum
610 2519 705 2557 unum.
719 2503 749 2557 ln
766 2503 842 2558 notis
856 2499 1008 2557 cbronolo·
1135 2502 1376 2560 llenseiaauario

185 2579 259 2648 giris
283 2579 341 2648 lam
371 2577 530 2644 observavi,
553 2575 621 2630 binc
635 2575 722 2630 etiam
747 2573 923 2641 confirmari,
939 2584 1009 2639 spa·
1100 2573 1151 2628 Die
1164 2574 1202 2629 lll
1216 2574 1327 2631 Natalis
1336 2575 1363 2631 S.
1378 2574 1477 2631 interi
1488 2576 1578 2645 Papae,
1592 2580 1649 2632 ete.

184 2650 256 2705 tiun
273 2648 474 2705 brevissimum
502 2645 688 2717 pontiilcatus
711 2644 821 2712 interi,
846 2657 895 2713 per
914 2642 1007 2699 solum
1099 2645 1160 2700 Nou
1176 2644 1280 2703 dubito
1293 2646 1365 2716 quiri
1380 2646 1408 2702 S.
1425 2646 1533 2702 Paulus
1548 2647 1578 2702 in
1604 2648 1892 2716 repartiitonesacro

185 2719 298 2776 scilicet
321 2731 443 2774 mensem
470 2716 634 2773 Decembris
658 2720 807 2770 extensum
830 2712 1008 2783 lutosaque
1066 2729 1129 2772 runi
1146 2716 1297 2788 pignorum
1316 2730 1364 2786 per
1386 2717 1596 2786 Urbistitulas,
1621 2719 1790 2790 diaconias,
1803 2727 1831 2776 et
1842 2734 1894 2775 mo

187 2791 305 2847 unicum
326 2789 492 2858 episcopum
513 2787 698 2842 consecravit.
717 2786 838 2841 sienim
856 2799 904 2855 per
918 2797 1010 2840 anuos
1066 2787 1202 2854 casteria,
1225 2793 1319 2857 partes
1341 2789 1428 2844 unius
1442 2789 1574 2858 corporis
1601 2790 1746 2846 diviserit
1764 2792 1794 2847 iri
1811 2791 1894 2861 plures

186 2861 318 2918 undecim
341 2860 474 2925 sedisset,
501 2870 575 2928 quus
591 2863 739 2913 menstruo
766 2856 850 2912 illius
874 2855 1008 2936 regimini
1066 2857 1212 2927 ecclesias,
1228 2859 1358 2929 exemplo
1376 2860 1507 2916 silvestri
1525 2860 1564 2915 ita
1585 2861 1748 2943 partientis
1764 2862 1894 2933 reliquias

187 2946 335 3004 perperam
362 2931 468 3000 adjecit
493 2942 574 2985 error
597 2928 816 2985 amanuensium
842 2928 871 2982 in
898 2927 1011 2996 aliquot
1066 2928 1112 2984 SS.
1135 2928 1331 2998 apostolorum
1349 2931 1422 2987 Petri
1441 2938 1469 2986 et
1485 2930 1562 2987 Pauli
1584 2945 1615 2986 ιιι
1640 2932 1745 3001 plures
1757 2933 1893 2990 basilicas.

185 2996 1010 3073 exemplaribusaatalogorum.etlibriliujosponiibcali3
1066 3000 1145 3056 Unde
1166 2999 1272 3058 iactum
1297 3007 1340 3057 est
1365 3005 1397 3057 ut
1422 3002 1585 3059 eorumdem
1609 3009 1783 3060 sauctorum
1807 3017 1895 3076 magua

186 3075 348 3145 complures
362 3072 487 3144 proiecto
497 3073 647 3142 episcopos
660 3072 795 3128 ordinare
808 3069 966 3152 debuisset,
980 3073 1012 3123 ut
1027 3103 1052 3166 Ο
1068 3071 1113 3127 sui
1130 3077 1208 3138 parte
1220 3071 1265 3127 liic
1275 3073 1486 3143 quiescentium
1495 3072 1676 3145 (testimonio
1687 3082 1812 3132 vetustae
1826 3075 1896 3132 illius

188 3151 333 3218 repararet
361 3151 403 3201 tot
417 3145 528 3200 sedium
551 3143 759 3213 episcopalium
784 3140 964 3208 viduitatem,
981 3152 1013 3194 aa
1068 3141 1183 3212 tabulae)
1203 3150 1297 3212 partes
1313 3144 1440 3215 reliquas
1459 3150 1627 3200 enumerent
1642 3144 1714 3202 aliae
1726 3149 1804 3202 ardes
1819 3160 1896 3203 sacra

188 3217 388 3286 solitudinem,
409 3229 426 3272 a
451 3215 608 3272 Maximino
637 3214 795 3270 induciam.
820 3211 1012 3266 Ecclesiarum
1069 3212 1100 3269 in
1115 3214 1178 3269 suis
1192 3214 1325 3339 antiquis
1339 3215 1530 3272 documentis.
1542 3215 1722 3285 Quinetiam
1739 3218 1857 3291 colliga,
1872 3219 1896 3271 ir

189 3290 335 3345 antistites
347 3301 405 3344 sua
419 3287 630 3357 persecutionis
640 3297 756 3354 scopum
774 3283 951 3352 precipuum
968 3282 1014 3336 de·
1069 3289 1188 3340 veterem
1213 3285 1269 3341 titu
1285 3299 1330 3341 uin
1345 3287 1372 3341 S.
1389 3287 1464 3342 sisti
1485 3286 1519 3341 ad
1537 3286 1698 3351 Piscinam,
1727 3294 1827 3358 utpote
1849 3302 1898 3359 pre

189 3359 331 3432 signante.
345 3358 393 3414 ubi
409 3359 576 3415 audivimus
588 3356 623 3412 ab
634 3355 765 3412 Eusebio.
780 3356 915 3409 Decessor
931 3353 1014 3408 illius
1069 3356 1181 3411 caeterls
1195 3357 1355 3425 proxiirun
1372 3362 1458 3426 porta
1468 3357 1566 3427 appia
1578 3371 1612 3413 ac
1627 3362 1809 3416 coemeteriis
1820 3360 1897 3427 sixti,

191 3422 1012 3502 proximusPontianusintraquinquennluniepiscopasb,
1069 3427 1897 3501 zephyrini,eiadjaceniibusruinamminantibus,com-

192 3515 340 3558 successor
356 3501 499 3557 Fabianus
515 3502 689 3555 intraannos
700 3494 732 3551 lt
747 3496 894 3566 episcopos
906 3510 935 3551 xi
946 3509 1014 3551 con·
1070 3504 1181 3569 portata
1193 3498 1318 3568 prinum
1332 3498 1423 3556 luisse
1435 3500 1530 3554 eadem
1541 3513 1675 3569 corpora,
1690 3511 1756 3571 quae
1766 3503 1896 3574 deponere

192 3573 333 3643 sacravit,
357 3572 509 3628 Cornelius
525 3578 621 3627 utrum
644 3582 822 3638 consequens
838 3569 914 3623 intra
929 3568 1016 3623 bieu—
1070 3570 1301 3639 posteadeerevit
1314 3572 1419 3640 potiori
1430 3571 1530 3626 saltem
1546 3583 1580 3626 ex
1594 3573 1718 3640 partein
1731 3573 1895 3630 monasteria

193 3645 271 3701 nium
285 3644 311 3700 le
333 3646 391 3699 itur
412 3644 562 3700 ordinasse
577 3642 726 3711 episcopos
747 3646 863 3709 septem.
886 3639 1014 3695 Ordina—
1069 3653 1102 3696 ac
1116 3640 1202 3696 titulo
1217 3642 1262 3696 SS.
1279 3641 1415 3712 Stephani
1432 3656 1510 3712 papea
1522 3646 1550 3697 et
1569 3643 1712 3713 martyris
1725 3658 1760 3700 ac
1775 3644 1894 3700 Silvestri

193 3717 287 3772 tiones
307 3660 380 3770 guas
397 3715 472 3770 lutra
489 3714 720 3784 quinquennium
742 3711 899 3767 Pontianus
914 3710 1015 3766 babuit
1070 3726 1148 3783 papa
1166 3725 1182 3767 a
1196 3727 1226 3767 se
1238 3718 1414 3781 constructo,
1431 3714 1528 3768 statim
1544 3726 1577 3768 ac
1587 3712 1717 3770 absolvit
1730 3715 1807 3773 illuil
1820 3717 1894 3772 eccle

193 3786 298 3842 creatis
322 3784 497 3855 presbyteris
524 3797 582 3850 ses,
612 3783 754 3838 Fabianus
783 3783 913 3852 quinque
938 3783 1015 3837 intra
1070 3783 1121 3838 siae
1144 3782 1318 3855 aedibalum3
1342 3798 1407 3841 cum
1423 3784 1577 3855 utrobique
1595 3792 1797 3843 memorentur
1812 3788 1894 3843 inve·

194 3870 284 3913 aunos
309 3854 342 3910 44
369 3855 450 3909 dedit
477 3853 655 3924 presbyteros
680 3852 724 3909 Si.
753 3853 903 3910 Cornelius
939 3853 1015 3908 intra
1070 3854 1159 3910 tustis
1188 3857 1379 3911 marmoribus
1408 3856 1539 3927 reliquia
1580 3855 1637 3911 insi
1663 3870 1716 3912 nes
1738 3859 1893 3914 eorumden

195 3927 344 3983 biennium
371 3924 439 3980 bina
467 3924 650 3981 ordinatione
677 3923 856 3994 presbyteros
899 3930 1013 3980 uatuor.
1071 3925 1621 3997 sanctarum.lulapideantiquotituli
1657 3928 1896 3985 ‚sixtiadl’isciv

194 3996 317 4054 solusne
331 3995 455 4051 anterus
471 4009 521 4066 per
539 4008 630 4050 anuos
650 3996 782 4052 undecim
805 3940 895 4051 seme?
919 3994 1016 4050 liabita
1073 4009 1136 4051 nam
1151 3997 1230 4052 edito
1255 4011 1304 4067 per
1326 3997 1519 4053 Martinellum
1537 4010 1601 4068 pag.
1621 3995 1678 4054 306
1698 4001 1797 4056 [loma
1809 4014 1895 4060 sacre

101 4099 107 4117 ι
195 4066 498 4125 ordinationenullum
515 4067 632 4122 omniuo
645 4065 839 4136 presbyterum
855 4073 905 4123 aut
916 4066 1018 4122 diaco·
1072 4075 1100 4123 et
1117 4068 1304 4136 percarblum
1317 4068 1383 4124 abb.
1399 4069 1497 4124 Piazza
1510 4069 1539 4123 in
1551 4067 1704 4125 llierarcb.
1719 4072 1896 4127 cardinalitia

197 4151 264 4195 num
278 4137 438 4195 suffecisset
449 4138 807 4194 totillissacerdotibusac
819 4139 934 4208 Levitis,
945 4151 1018 4208 quos
1073 4153 1127 4210 pag
1149 4134 1201 4194 iiii
1216 4148 1401 4195 recensentur
1421 4138 1639 4209 epontiieibus
1661 4142 1897 4213 martyribuszc·

196 4210 304 4266 directa
319 4210 348 4263 in
362 4209 469 4263 clerum
485 4209 644 4279 persecutio
655 4206 826 4264 auferebat?
841 4211 918 4266 ltane
929 4208 1017 4264 luerit
1072 4210 1224 4336 Bbyrinus,
1241 4212 1373 4266 anterus.
1390 4216 1418 4266 et
1432 4211 1537 4282 Licius,
1553 4224 1586 4266 er
1599 4210 1671 4266 aliis
1684 4226 1752 4270 vera
1769 4214 1892 4285 martyri·

196 4282 231 4337 de
241 4279 321 4335 Actis
338 4286 492 4350 martyrum
516 4278 688 4349 colligendis
714 4278 869 4344 sollicitus.
885 4281 920 4336 de
933 4293 1018 4349 repa·
1095 4296 1128 4337 us
1141 4281 1292 4337 Calocerus
1307 4288 1335 4338 et
1349 4283 1521 4338 Parthenius
1536 4300 1543 4336 ε
1582 4282 1611 4337 ui
1626 4284 1717 4338 etiam
1731 4298 1897 4342 enumerari-

199 4351 289 4409 raudo
304 4356 397 4407 autem
415 4364 534 4406 nurnero
549 4350 749 4405 ministrorum
763 4351 934 4422 negligens?
948 4352 1020 4420 Quis
1074 4360 1122 4409 tur
1136 4352 1165 4407 iu
1181 4366 1320 4409 marmore
1335 4352 1461 4409 indicato
1476 4297 1580 4409 tituli}

199 4436 255 4480 non
277 4423 373 4479 videat
393 4421 601 4493 providentiam
616 4421 721 4477 Αιιιιιο
740 4435 795 4477 non
816 4421 953 4494 defuisse,
970 4422 1017 4479 cui
1074 4423 1187 4479 Divisas
1202 4425 1288 4479 etiam
1311 4422 1393 4480 lateri
1410 4430 1522 4494 oportet
1545 4424 1581 4480 ab
1598 4424 1679 4481 bisce
1695 4427 1797 4483 titulis
1814 4434 1897 4498 parter

197 4495 351 4567 diligentia
363 4506 509 4550 sacrarum
523 4493 690 4562 martyrium
705 4493 890 4550 intulitiSed
907 4501 1020 4564 tempus
1033 4500 1060 4563 D
1075 4493 1265 4565 reliquiarum
1277 4501 1337 4549 tum
1348 4503 1511 4552 sauctorum
1525 4495 1639 4565 aliquot
1651 4496 1694 4552 ibi
1708 4499 1895 4563 conditarum,

199 4565 400 4623 brevissimum
412 4565 603 4636 quadraginta
618 4564 734 4621 circiter
747 4565 870 4633 dierum,
887 4573 919 4622 ut
931 4568 1019 4622 Ense·
1075 4570 1136 4621 tuni
1151 4566 1319 4621 nominatim
1335 4567 1363 4621 B.
1379 4567 1477 4622 Anieri
1488 4568 1524 4622 de
1535 4581 1593 4637 quc
1607 4580 1705 4625 sermo
1719 4574 1776 4637 est,
1792 4572 1823 4627 in
1833 4582 1897 4626 aaa

197 4638 257 4703 bio,
272 4645 300 4694 et
310 4635 880 4706 vetustissimiscatalogiscomprobatur,
893 4638 1020 4707 plurium
1075 4636 1172 4692 nullos
1186 4637 1260 4693 alios
1275 4638 1376 4693 titulos
1388 4644 1416 4694 et
1425 4637 1560 4694 ecclesias
1569 4638 1666 4694 Urbis.
1679 4640 1834 4710 Siquidem
1847 4644 1897 4696 Aa

200 4708 416 4766 ordinationum
431 4707 653 4764 exercendarum
668 4709 892 4778 nequespatium
902 4707 1019 4781 obtulit,
1075 4708 1129 4763 teri
1147 4721 1225 4778 papa
1239 4722 1385 4765 sacrorum
1401 4710 1553 4780 pignorum
1569 4717 1679 4778 partem
1695 4711 1813 4769 obtinet
1827 4710 1894 4767 tituli

199 4792 292 4851 neque
310 4780 517 4835 necessitatem.
1074 4779 1101 4834 S.
1116 4780 1262 4848 Praxedis,
1286 4785 1317 4836 ut
1331 4793 1365 4836 ei
1380 4781 1501 4837 vetustis
1512 4780 1605 4836 catalo
1627 4780 1652 4835 is
1672 4783 1753 4852 apud
1769 4783 1895 4840 sacellum

238 4851 322 4907 Linea
334 4848 360 4907 6.
376 4880 413 4891 —
434 4851 562 4920 Sepultus
575 4854 616 4905 est
627 4850 658 4903 in
685 4848 835 4906 caemeteria
854 4852 962 4908 callisti
975 4854 1021 4907 oia
1072 4849 1103 4906 S.
1116 4852 1237 4908 Zenonis
1254 4865 1393 4908 marmure
1407 4851 1509 4907 incisis
1523 4796 1637 4909 abunde
1651 4858 1782 4913 cunstat.

199 4923 301 4994 Appia.
318 4922 384 4978 lnde
397 4935 462 4979 vero
472 4928 630 4978 extractum
647 4919 738 4977 luisse
760 4935 871 4978 sacrum
886 4925 949 4994 eius
962 4937 1022 4980 eor·
1405 4959 1555 5016 CIACONH

201 5009 255 5067 pus
265 5007 319 5050 uua
330 5007 394 5049 curn
407 4993 541 5078 pluribus
552 4995 581 5048 iii
595 5006 626 5048 ea
638 5002 716 5062 parte
726 4995 879 5051 coemeterii
895 4995 1022 5052 recondi·
1557 4998 1564 5011 ’

200 5069 249 5133 tis,
264 5077 348 5136 quarn
372 5079 464 5122 ruinae
480 5065 638 5135 proximam
660 5065 863 5121 animadvertit
874 5067 901 5123 S.
915 5068 1020 5123 Paulus
1110 5067 1196 5123 Linea
1212 5064 1236 5122 4.
1253 5098 1288 5109 -
1302 5065 1546 5124 Nationeiiraoas.
1559 5066 1684 5125 Sanctus
1698 5068 1836 5137 anterus,
1853 5081 1892 5124 na·

199 5135 1019 5210 papaeiusnominisprimus,colligiturexejusrlemVita,
1074 5138 1154 5196 tione
1178 5140 1304 5204 Gracus,
1326 5139 1419 5208 patria
1448 5137 1608 5194 Petilianus
1641 5153 1677 5195 ei
1711 5141 1815 5197 Petilia
1838 5139 1896 5197 urbe

200 5208 250 5264 ubi
267 5207 326 5262 brac
343 5207 496 5279 leguntur:
516 5208 592 5263 liade
610 5222 721 5262 canens
732 5208 856 5276 plurimo
868 5211 1020 5266 corumdem
1076 5210 1217 5280 quondan
1229 5213 1335 5282 ilaguae
1348 5209 1474 5276 Graeciae,
1488 5222 1564 5266 nunc
1573 5181 1717 5268 Ca'labriae
1731 5213 1895 5283 bicinium

198 5285 354 5335 sanctorum
367 5281 577 5335 camerariorum
590 5279 647 5333 loco
659 5279 781 5347 iieplecto
803 5293 834 5334 aa
847 5281 954 5337 desidio
966 5298 1021 5336 an·
1074 5281 1271 5338 Delllcastrum
1283 5281 1427 5338 civitatem
1441 5280 1509 5336 sita.

198 5351 334 5425 tiquitatis
345 5355 467 5408 munima
479 5352 659 5418 demolitione,
674 5355 755 5421 atque
763 5351 826 5421 jam
836 5355 927 5409 uicina
936 5355 1025 5409 ruina

1583 4393 1590 4406 .
1605 4352 1741 4411 silvestri
1757 4355 1889 4426 incapite
