3892 6136
206 305 273 366 4551
819 300 996 360 ΑΝΑΒΤΑΕΙΙ
1017 297 1289 358 ΒΙΒΗΟΤΗΕΕΛΗΠ
1848 300 1905 363 litii

207 431 333 503 parasito
347 442 418 485 meo.
434 446 447 477 c
466 428 496 483 ln
518 424 661 484 Ecclesiae
677 424 773 496 itaque
798 423 1032 480 Christianorum
1044 421 1074 482 A
1088 419 1266 477 i'outiticalis
1282 418 1357 477 inira
1369 420 1399 476 iu
1413 421 1563 493 severino,
1576 435 1644 480 cnm
1657 421 1807 480 Thesauri
1818 422 1904 481 llccle·

206 497 593 560 canthariadhibitisuntad
604 496 716 568 liquida
727 497 887 564 retinenda,
898 494 1033 564 deputata
1087 492 1137 548 siae
1149 492 1184 549 ab
1198 492 1496 563 exarcharapiuntur.

207 582 300 632 nmen
311 573 345 629 ad
357 572 450 630 lumen
464 570 609 638 alendum,
623 582 657 625 ex
669 568 788 625 materia
798 567 840 624 vel
856 563 1032 637 pretiosiori,
1122 565 1205 620 Num.
1222 562 1268 632 35,
1285 562 1360 620 linea
1372 561 1396 619 l.
1410 594 1448 606 -
1460 567 1514 620 ilic
1528 565 1594 633 (ecit
1609 565 1837 621 constitutumdc
1848 568 1906 622 onai

208 652 240 705 ut
266 660 301 703 ex
316 644 455 713 balsamo,
479 642 542 700 oleo
568 640 701 707 nardino,
721 653 795 707 cera,
818 644 869 695 aut
884 634 1034 693 similibus
1088 636 1367 692 ecclesiublateriam
1377 637 1601 694 constitutionis
1621 637 1906 700 indicareomisitli·

208 716 375 789 liquoribus
389 715 424 771 ad
437 714 596 771 ardendum
616 711 703 783 aptis.
717 711 870 781 lteperitur
884 714 977 765 autern
992 704 1035 763 di·
1089 706 1138 763 ber
1153 706 1340 764 Pontiicalis.
1356 708 1487 766 Forsitan
1510 715 1576 779 post
1592 709 1787 765 Constantini
1801 723 1906 766 conva-

208 796 274 846 ctus
288 787 446 846 cantharus
459 782 699 849 cerostratus,vel
714 782 835 853 pharum
851 781 1032 848 cantharum,
1088 779 1197 835 sionem
1216 778 1359 851 generalia
1378 781 1492 837 decreta
1512 780 1611 837 edidit
1636 794 1691 852 pro
1711 783 1908 839 restauratione

208 858 253 917 rel
271 858 430 916 cantharus
443 857 625 928 simpliciter.
642 854 666 911 h
685 853 776 911 torma
791 860 819 910 et
839 865 923 922 opere
936 849 1032 906 icrsan
1088 850 1291 907 ecclesiasticae
1303 850 1478 922 disciplina,
1492 852 1707 923 precipuepro
1718 851 1805 923 lapsu
1815 852 1908 911 multo·

209 929 471 989 tessellitiodictus
483 933 696 994 cerostratus3a
709 925 797 996 pharo
812 925 935 992 desuper
946 922 1034 991 irnpo
1090 936 1151 977 rum
1167 923 1196 978 in
1212 922 1351 979 decennio
1366 936 1475 994 magne
1491 923 1715 994 persecutionis
1740 924 1798 981 sub
1810 923 1908 981 Diocle·

210 1004 278 1066 sito,
289 1002 333 1058 sic
346 1001 421 1072 quod
432 1014 497 1059 cum
509 1000 571 1057 oleo
583 997 709 1055 candelae
721 997 869 1067 arderent3
884 991 1030 1051 sicinina:
1090 992 1178 1049 tiano.
1191 994 1518 1063 llaecverospectassead
1527 996 1710 1052 uuiversum
1720 994 1908 1067 orbem,acper

211 1094 225 1127 r
242 1073 365 1130 Pharum
380 1072 549 1129 cantharum
559 1084 593 1127 ex
605 1081 677 1126 auro
686 1068 844 1140 purissimo
856 1074 921 1123 ante
931 1064 1031 1133 altare,
1089 1063 1221 1135 singulas
1237 1065 1425 1135 provinciasa
1441 1066 1638 1137 pontificibus
1651 1067 1771 1124 directa
1782 1068 1907 1140 qenemlia

211 1147 240 1202 ln
255 1143 506 1216 quoardetoleum
519 1142 711 1199 nardinum...
730 1139 781 1196 ubi
796 1134 1034 1196 candelaardeut
1089 1149 1152 1205 quae
1164 1135 1466 1208 dicebanturdecreta,
1483 1138 1695 1195 suadentium
1713 1137 1849 1208 aliorum,
1860 1145 1907 1195 ton

210 1230 244 1273 ex
257 1215 320 1272 oleo
335 1216 458 1272 nardino
483 1215 595 1285 pistico.
614 1231 628 1263 r
653 1211 812 1269 Salmasius
833 1209 983 1266 adeundus
1002 1206 1033 1262 ln
1090 1207 1258 1278 pontiticum
1279 1208 1331 1265 hoc
1343 1209 1406 1279 ipso
1418 1209 1526 1266 seculo
1541 1209 1713 1267 viventium
1731 1218 1906 1268 monumenta.

210 1287 360 1358 Exercit3
385 1286 461 1343 Plin.
479 1299 533 1357 paq
567 1282 627 1340 liis.
647 1283 789 1340 canthara
808 1281 948 1338 dicuntur
974 1276 1033 1347 hic,
1089 1279 1253 1336 arelatense
1280 1279 1355 1335 enim
1374 1281 1533 1338 concilium
1557 1281 1685 1338 decreta
1715 1295 1774 1338 non
1799 1283 1853 1338 nisi
1871 1295 1908 1351 per

211 1359 286 1431 quod
301 1364 427 1428 tempore
437 1327 687 1429 longobardorum
699 1351 1033 1433 frequentissimususus
1088 1348 1255 1407 silvestrum
1275 1351 1473 1409 denuntianda
1487 1351 1572 1410 orbis
1599 1351 1749 1410 catholici
1770 1352 1907 1423 prouinciis

212 1430 330 1487 nomina
350 1427 502 1485 masculini
518 1427 631 1499 generis
655 1427 685 1481 in
700 1423 806 1496 plurali
821 1435 939 1479 numero
956 1433 985 1476 rn
1000 1436 1034 1474 rc
1088 1421 1906 1496 decernit.Synodussardieensispariterlulioepistolan

212 1502 377 1563 terminare,
388 1504 417 1556 et
430 1497 612 1556 elierreunde
621 1501 733 1555 constat
744 1496 779 1552 de
794 1502 920 1566 tempore
931 1491 1033 1548 harum
1088 1492 1177 1562 dedit,
1195 1507 1280 1566 quam
1297 1495 1348 1550 reli
1373 1495 1419 1552 uis
1434 1496 1587 1567 episcopis
1613 1496 1744 1552 minime
1762 1496 1905 1552 mirandas

212 1571 405 1629 additionum.
1088 1565 1218 1634 censuim
1231 1570 1260 1621 et
1273 1510 1456 1649 encyclicam,
1469 1567 1529 1623 nisi
1545 1568 1639 1652 prius
1650 1567 1786 1625 Romano
1797 1566 1908 1638 pontiice

248 1642 385 1698 hadom.
409 1641 598 1713 Prosequitur
612 1637 829 1697 consarcinator
844 1636 949 1693 reterre
964 1647 1034 1704 pos-
1088 1636 1258 1707 compeilato
1282 1637 1404 1709 reliquis
1423 1639 1574 1709 episeopis
1606 1639 1740 1695 minime
1764 1638 1905 1695 mittendam

213 1715 358 1772 sessiones
379 1712 461 1770 datas
486 1712 626 1771 ecclesiis.
651 1712 697 1766 lle
714 1723 779 1766 vero
793 1708 940 1765 censenda
954 1706 1032 1762 anti·
1109 1709 1207 1763 nabat
1216 1707 1434 1780 saugostinus
1443 1711 1706 1781 supralaudatus.
1717 1710 1755 1767 lit
1764 1711 1904 1769 Gratianus.

214 1785 403 1858 quissimaeex
414 1785 526 1857 insigni
538 1784 737 1841 locoersturre
749 1781 777 1837 in
790 1779 889 1837 libello
902 1776 1031 1834 Faustini
1049 1791 1075 1853 B
1089 1721 1598 1854 intenteimpectoredeluncroqui
1607 1782 1904 1849 haresespronovern,

213 1865 241 1914 et
253 1856 521 1915 llarcellinioblato
530 1852 874 1915 Theodosioseniori,ubi
885 1851 1035 1934 loquentes
1089 1863 1153 1906 cum
1179 1850 1263 1908 vellet
1283 1850 1435 1908 formulam
1456 1852 1525 1909 tidel
1540 1854 1736 1938 sequendam
1749 1852 1905 1910 &omnibns

214 1929 249 1986 de
263 1929 395 1985 basilicis
408 1920 1035 1985 catnolicorunraiunt:‹flabmnullrbasi
1091 1921 1203 1990 habere,
1223 1923 1376 1980 Damasum
1393 1937 1425 1981 ro
1462 1924 1515 1994 vit,
1541 1939 1600 1996 qur
1623 1931 1743 1982 tomum
1767 1923 1904 1986 edidit‚cui

216 2001 288 2057 licas
301 2013 371 2057 auro
385 2006 579 2068 coruscantes,
597 1998 844 2069 pretiosorumque
860 2005 1033 2050 marmorum
1090 1993 1325 2065 subscripserunt
1346 1992 1371 2050 i.
1387 1996 1430 2052 lle
1442 1996 1521 2053 etius
1541 1996 1760 2054 antiochenus
1779 1997 1808 2053 in
1819 1994 1905 2066 spurio

216 2071 374 2129 ambitione
383 2072 510 2136 vestitas,
526 2070 569 2127 vel
580 2074 688 2126 erectas
698 2065 910 2139 magnificentia
920 2064 1036 2121 colum·
1088 2064 1275 2137 Antiocheno,
1286 2071 1314 2122 et
1327 2066 1432 2138 reliqui
1445 2066 1618 2125 orientales
1629 2068 1737 2138 episeo
1759 2068 1769 2125 i
1784 2082 1811 2125 n.
1825 2063 1905 2136 iiiut

216 2157 328 2213 narum,
341 2142 464 2200 habeant
476 2147 621 2214 porrectas
631 2142 661 2196 in
671 2140 787 2211 longum
803 2137 1033 2210 possessiones.»
1091 2136 1153 2207 ipsa
1168 2138 1480 2208 synodusoecumenica
1488 2084 1904 2210 consuncinopofiranaond

214 2216 352 2287 lamerqo
373 2215 473 2272 adulto
495 2215 549 2270 hoc
568 2212 673 2269 seculo
688 2217 791 2282 quarto
812 2207 945 2266 basilicis
957 2207 1037 2263 assi·
1092 2208 1196 2265 iterum
1220 2209 1279 2282 epit
1304 2209 1359 2266 sub
1381 2209 1488 2267 siricio
1516 2210 1727 2279 Theodosius,
1748 2217 1781 2270 ut
1799 2210 1905 2268 suolocn

215 2291 306 2359 gnatae
321 2291 543 2357 erantporrectc
557 2287 587 2339 irr
601 2285 710 2353 lonqum
721 2284 913 2351 possessiones.
930 2281 1035 2335 llarum
1091 2280 1257 2336 notandum.
1270 2281 1396 2338 siricius
1412 2283 1520 2353 pariter
1545 2282 1693 2339 meminit
1710 2283 1817 2341 decreti
1834 2280 1905 2338 edilia

217 2358 358 2431 pleraque
384 2357 560 2415 obvenerunt
585 2354 716 2412 ecclesiis
741 2366 775 2408 ex
805 2353 1035 2408 christianorum
1091 2351 1205 2409 tiberio
1226 2351 1261 2407 de
1283 2365 1340 2409 nou
1363 2353 1582 2424 rebaptizandis
1607 2354 1773 2423 baeretlcis,
1792 2358 1864 2411 vemt

216 2428 458 2557 Rossessionibus,
478 2433 507 2485 et
531 2427 631 2484 lundis
655 2433 782 2497 tempore
804 2425 1035 2505 persecutionum
1091 2422 1222 2505 generale
1245 2423 1388 2481 decretum
1407 2439 1455 2496 per
1471 2424 1649 2496 provincias
1674 2426 1858 2498 publicatum.
1884 2428 1905 2477 ta

237 2515 286 2558 sco
302 2500 489 2570 adjudicatis.
506 2497 717 2571 llagniticentia
733 2509 800 2554 vero
818 2497 878 2552 sive
894 2496 924 2551 in
948 2507 1035 2560 vasis,
1092 2493 1142 2550 rlle
1159 2495 1186 2549 in
1199 2495 1322 2564 epistola
1333 2496 1471 2554 decretali
1486 2497 1522 2552 ad
1538 2496 1713 2556 llimerium
1727 2500 1807 2569 (tom.
1821 2498 1831 2552 l
1843 2495 1904 2550 trae

214 2572 320 2629 sivein
336 2572 446 2632 lundis.
462 2577 491 2629 et
504 2571 611 2627 annuis
637 2566 800 2626 redditibus
814 2567 946 2624 ecclesiis
960 2563 1037 2621 datis
1113 2605 1119 2618 .
1139 2563 1241 2635 cidi«
1259 2567 1352 2624 Prima
1368 2569 1465 2640 itaque
1476 2568 1593 2651 pagina
1608 2575 1674 2626 tuae
1690 2565 1902 2640 irontesiqnnsti.

215 2643 302 2699 etiam
312 2643 388 2712 apud
397 2640 683 2713 pluraconventicula
691 2635 1035 2719 haereticorumenitebat.
1090 2580 1250 2707 baptizatos
1261 2636 1297 2693 ab
1312 2640 1411 2709 impiis
1424 2640 1546 2696 hrianrs
1560 2639 1717 2710 plurimos
1728 2641 1764 2699 ad
1780 2640 1855 2697 loen
1867 2650 1905 2693 cr·

215 2714 298 2769 Tales
309 2718 391 2768 erant
405 2712 604 2767 hereticorum
626 2709 764 2771 ecclesie,
777 2709 884 2765 tustini
899 2715 928 2765 et
941 2709 1036 2763 iusti·
1091 2708 1227 2765 cholicam
1244 2708 1428 2777 festinareet
1439 2711 1584 2782 quosdam
1600 2712 1642 2770 de
1650 2711 1798 2770 iratribus
1809 2710 1902 2776 nostris,

216 2784 296 2840 niani
310 2796 378 2851 aevo,
399 2783 450 2854 qni
464 2782 575 2837 easdem
592 2783 748 2850 eripientes
763 2779 798 2836 ab
814 2779 968 2838 hereticis.
984 2791 1037 2834 ca-
1090 2782 1202 2837 eosdem
1217 2779 1312 2838 denuo
1326 2781 1472 2852 baptizare
1483 2781 1576 2854 velle,
1595 2784 1681 2855 quod
1703 2799 1761 2842 non
1774 2784 1901 2849 licetcrr

215 2855 390 2912 tholicorum
405 2852 538 2910 ecclesiis
563 2852 760 2923 assignarunt.
774 2852 804 2905 ln
822 2849 950 2921 Pelagiil
969 2850 1036 2918 epi·
1091 2851 1144 2909 hoc
1158 2851 1219 2908 deri
1245 2857 1274 2908 et
1296 2853 1450 2924 Apostolus
1464 2860 1553 2923 vetet,
1575 2860 1609 2910 et
1634 2869 1767 2913 mannes
1780 2852 1903 2912 wntmd'r

213 2926 287 2984 stola
301 2926 366 2982 data
380 2923 563 2980 Childeberto
588 2923 760 2978 Francorum
776 2923 835 2993 regi
851 2926 943 2977 exstat
955 2920 1036 2991 iraq—
1090 2929 1173 2979 cant:
1188 2928 1216 2980 et
1232 2928 1296 2994 post
1304 2930 1447 2981 cassatum
1461 2925 1660 2984 Ariminense
1669 2926 1825 2986 concilium
1835 2926 1901 2981 miss

214 3003 340 3054 mentum
363 2997 493 3067 epistolae
515 2992 615 3065 i'iqilii
630 2994 664 3049 ad
689 2993 893 3049 iustinianum.
915 2992 964 3049 ubi
978 2992 1035 3047 hac
1090 2993 1124 3048 ad
1142 2995 1305 3064 provincias
1319 3008 1334 3051 a
1350 3008 1411 3053 ven.
1430 3010 1504 3052 nem.
1531 2999 1757 3066 praedecessore
1770 2995 1901 3057 maliis

215 3070 367 3142 leguntur:
383 3089 397 3120 r
413 3069 476 3123 llaec
489 3068 497 3122 i
503 3079 552 3136 psa
568 3065 608 3121 ita
618 3064 811 3136 contigerunt,
832 3070 864 3121 ut
879 3068 1036 3133 cumpater
1091 3064 1900 3143 riogeneraliadecretaprohibeant.»Obsequiumdeiudt

213 3146 306 3197 vester
327 3138 568 3196 clementissimus
595 3137 750 3206 imperator
777 3149 875 3192 omnes
902 3135 1032 3195 hereses,
1048 3140 1073 3205 G
1089 3136 1313 3206 exspectandum
1327 3139 1463 3195 audacter
1476 3142 1670 3210 pronunliat.
1685 3142 1731 3215 (ln
1748 3134 1899 3198 demtirci

214 3226 278 3284 quae
298 3208 561 3279 constanstinopoli
584 3209 735 3279 episcopos
761 3221 839 3291 suos,
853 3212 881 3290 et
897 3206 1034 3263 ecclesias
1089 3213 1118 3264 et
1133 3205 1212 3336 ⁴53»
1232 3208 1306 3277 Quid
1331 3209 1367 3265 ab
1382 3210 1529 3268 universis
1554 3219 1625 3280 post
1652 3214 1716 3271 haec
1738 3213 1898 3271 ecclesiisse

212 3279 1035 3355 cunrmagnisredditibus,etvasorumdrversrtate,usque
1110 3293 1164 3336 uen
1189 3280 1897 3358 unsit,quidvitandumgeneralipronnntiatiorr
1934 3292 1936 3309 ¹

214 3357 392 3425 adtempora
412 3352 528 3423 imperii
549 3352 612 3421 ejus
639 3350 811 3433 habuerunt.
840 3351 1035 3432 everterit30t
1089 3295 1295 3423 aecernlmus3
1322 3358 1350 3408 et
1371 3351 1470 3409 inira:
1502 3352 1686 3427 Quanquam
1717 3362 1822 3415 statuta
1842 3351 1895 3410 sedi
1934 3346 1936 3357 '

215 3424 593 3483 sublatisbasilicaseorum
609 3428 639 3477 at
661 3435 696 3477 ue
707 3420 878 3489 redditibus,
900 3420 1035 3477 omnibus
1089 3421 1264 3494 apostolica,
1282 3422 1324 3479 rel
1340 3436 1480 3480 mnonum
1505 3427 1696 3486 venerabilia
1716 3429 1830 3486 delinita
1845 3421 1894 3480 nuli

213 3497 283 3554 aliis
297 3497 393 3562 rebus,
404 3495 556 3552 catholicis
564 3437 731 3576 tradiderit.
747 3494 848 3548 nlnter
859 3506 907 3549 eas
921 3492 1036 3548 divitia·
1091 3493 1269 3566 ignorareslt
1282 3494 1415 3552 liberum.
1427 3516 1440 3549 r
1453 3496 1563 3553 Etcum
1574 3496 1894 3557 constantinsbiberiur

215 3582 279 3626 rum
294 3564 752 3639 potentianumerabaturhrrana,
767 3562 1034 3635 quaeadiustiniani
1092 3565 1238 3636 impellere
1252 3573 1405 3624 conaretur
1422 3566 1457 3623 ad
1479 3566 1680 3640 infringenda
1705 3573 1801 3642 priora
1813 3571 1894 3627 derra

214 3635 832 3713 temporareliquasanteibatmagnificentia
847 3634 1037 3692 fundorumet
1091 3638 1213 3709 impigre
1220 3637 1524 3721 responditbiberius:
1538 3658 1553 3691 r
1569 3642 1737 3714 Nunquam
1744 3645 1894 3700 masania

215 3717 459 3779 ornamentorum,
484 3724 548 3781 quan
572 3710 640 3765 tisco
663 3707 822 3763 vindicavit
840 3707 1034 3775 iustinianus,
1090 3709 1139 3764 sed
1153 3708 1893 3779 apostolica,utsemperessenttirmata.etcustodit¹

215 3783 353 3855 l‘rocoplo
365 3786 435 3839 teste
448 3781 563 3838 oculato
578 3781 606 3835 in
624 3779 696 3834 llist.
712 3792 808 3834 arcan.
827 3794 890 3851 pag.
905 3776 937 3835 54
954 3796 960 3833 :
975 3799 988 3831 a
1003 3781 1034 3833 ln
1090 3777 1207 3851 perfeci,
1220 3786 1336 3837 secutus
1353 3781 1495 3850 ordinem,
1507 3796 1624 3842 morem
1648 3800 1687 3842 ue
1701 3787 1833 3858 malorum
1844 3778 1892 3837 nill

217 3856 317 3912 horum
332 3868 404 3924 quos
419 3858 520 3910 vocant
542 3850 743 3907 hereticorum
758 3849 844 3920 lanis,
859 3864 893 3906 ac
906 3851 944 3906 iis
961 3863 1036 3919 pran-
1090 3851 1158 3907 addi
1174 3852 1271 3922 episeo
1293 3852 1354 3908 atui
1376 3851 1456 3909 urbis
1480 3854 1593 3926 Romae,
1612 3857 1696 3914 nihil
1720 3858 1811 3915 minui
1824 3861 1893 3925 passu

214 3928 325 3997 sertim,
342 3925 493 3996 inquibus
507 3924 571 3980 Arii
594 3929 670 3978 secta
685 3921 889 3991 celebraretur,
904 3934 972 3992 opes
988 3934 1037 3978 re-
1091 3935 1195 3978 sum»
1223 3924 1257 3978 Et
1275 3866 1465 3980 innocentius
1484 3927 1495 3979 l
1511 3929 1656 3998 generale
1666 3930 1771 3987 siricii
1782 3930 1891 3985 decreto!

216 3997 413 4055 condebantur
427 3996 510 4066 plane
536 4007 624 4066 supra
638 4007 724 4064 quam
748 3993 887 4050 credibile
899 3993 1035 4064 cuiquam
1091 3994 1126 4049 de
1135 3993 1271 4051 caelibatu
1286 3994 1395 4051 editum
1410 3994 1593 4056 confirmans
1605 4000 1812 4058 incunctanter
1820 3991 1892 4055 assati

216 4074 266 4124 stt.
280 4071 377 4151 deque
387 4069 463 4151 enirn
477 4074 594 4151 senatus
605 4067 770 4149 universus,
783 4070 833 4122 aut
845 4064 902 4148 alia
916 4062 1035 4147 Romani
1093 4066 1182 4123 baca
1199 4065 1279 4122 nullo
1299 4080 1381 4137 posse
1397 4067 1537 4139 ignorari,
1554 4069 1599 4128 ita
1613 4073 1781 4146 Exsuperio
1797 4068 1891 4128 senhcui

217 4135 1037 4290 lilllllltlti}‘scallellllltlltdi{illlis}
1091 4133 1251 4265 insiliit
1265 4135 1890 4287 daa.ttts⁴lld‘l.ltl‚atld¹llt

217 4294 252 4338 ex
265 4292 348 4350 auro,
367 4285 395 4335 et
407 4283 535 4350 argento,
552 4282 689 4348 pretiosis
711 4277 857 4346 lapidibus
867 4279 945 4334 omni
961 4293 1038 4349 opn—
1092 4293 1156 4351 qnae
1167 4279 1203 4334 ab
1224 4281 1358 4351 episcopo
1374 4281 1482 4338 siricio
1494 4283 1530 4339 ad
1559 4287 1738 4356 provincias
1750 4283 1887 4344 commiti

216 4353 305 4411 lentia
317 4357 345 4408 et
359 4349 442 4422 copia
455 4351 545 4433 major
557 4368 563 4404 :
575 4350 693 4431 Domus,
705 4355 733 4403 et
747 4350 812 4421 Pagi
831 4349 1036 4419 refertissimi3
1093 4364 1149 4409 non
1172 4351 1341 4422 probabitur
1361 4353 1534 4425 pervenisse,
1555 4355 1607 4414 his
1629 4357 1822 4444 ignorationis
1834 4350 1886 4409 retii
1911 4402 1915 4419 ,

218 4423 412 4496 possessiones
439 4421 546 4493 ubique
576 4426 714 4492 gentium,
735 4423 764 4475 et
799 4420 869 4491 quid
890 4422 968 4478 aliud
994 4424 1039 4478 est
1093 4423 1264 4490 remittetur,
1284 4424 1323 4480 ita
1338 4429 1371 4481 ut
1383 4423 1420 4481 de
1430 4430 1535 4483 cetero
1560 4427 1623 4487 inci
1651 4430 1884 4489 cantabstinertm

217 4494 388 4554 mortalibus
402 4506 489 4565 opum
508 4506 599 4565 genus
614 4509 622 4560 ς
636 4495 734 4561 utpote
747 4492 855 4563 quibus
867 4507 949 4549 nemo
963 4494 1039 4562 prin·
1092 4494 1122 4551 si
1132 4494 1283 4566 quiantem
1295 4496 1385 4553 scisse
1398 4495 1518 4554 iormam
1530 4499 1617 4558 vireu
1645 4503 1655 4559 i
1671 4492 1884 4562 missamaSiridt

216 4564 644 4639 cipumaliquandomolestiam
656 4563 814 4621 intulisset.
824 4564 1038 4635 Quinctmultis
1051 4550 1078 4614 D
1093 4567 1276 4638 deteguntur,
1293 4581 1385 4639 neque
1407 4570 1506 4626 statim
1522 4583 1562 4628 cu
1586 4573 1714 4634 idrtates
1727 4564 1882 4633 libidinisni

218 4646 303 4695 recta
322 4637 471 4695 sententiae
484 4635 653 4693 hominibus
667 4648 716 4706 per
727 4637 905 4693 occasionem
921 4636 994 4692 artis
1012 4640 1040 4692 et
1092 4637 1206 4710 jecisse,
1222 4637 1267 4695 illi
1289 4644 1358 4696 sunt
1369 4641 1463 4697 modis
1474 4587 1620 4701 omnibus
1634 4643 1848 4706 submovendi.»
1904 4706 1907 4711 ,

220 4711 350 4767 instituti
362 4708 522 4765 necessaria
535 4707 569 4764 ad
582 4708 679 4775 vium,
693 4707 1038 4779 indesuppeditatasunt.
1130 4709 1216 4767 Linea
1229 4707 1255 4766 3.
1271 4739 1309 4751 -
1326 4710 1445 4776 moram
1465 4714 1694 4788 ciiropruphum
1702 4712 1880 4781 mahir*
1903 4728 1906 4765 τ

219 4784 325 4839 ilerum
340 4794 407 4852 ergo
420 4779 590 4849 templorum
606 4777 751 4850 publicata
771 4778 843 4835 bona
860 4780 954 4849 prada
974 4779 1041 4836 iue-
1095 4779 1193 4839 bolum
1216 4794 1317 4852 nempe
1335 4783 1481 4840 Nicaenum
1493 4784 1651 4847 directum
1665 4779 1879 4857 orbistotinsrrif
1902 4790 1905 4807 ¹

222 4851 464 4911 rontiustiniano
477 4852 616 4923 Augusto.
635 4850 745 4906 illisce
756 4850 987 4920 possessionibus
998 4850 1041 4907 di·
1095 4852 1202 4923 scopis,
1219 4854 1270 4924 qui
1282 4866 1337 4911 non
1353 4852 1547 4913 interfuerant
1559 4862 1707 4933 concilio,
1724 4855 1878 4921 uteisuircr

222 4931 281 4983 tatu
310 4923 489 4994 resplenduit
517 4935 629 4992 semper
656 4921 778 5004 basilica
800 4922 947 4992 vaticana,
977 4935 1040 4993 qua
1096 4924 1205 4994 herent,
1223 4929 1255 4980 ut
1276 4924 1627 4990 totiusorbisconsensu
1650 4932 1876 5007 reprasenhrrtd³

221 4997 331 5067 ubique
350 4996 477 5067 gentium
495 4993 666 5064 patrimonia
682 4991 839 5062 obtinebat,
854 4998 882 5049 et
896 4998 960 5064 post
973 4995 1041 5049 Lon·
1095 4995 1273 5053 consuetudo
1289 4996 1346 5053 hac
1366 5003 1399 5055 ut
1411 4998 1588 5058 conciliaria
1608 5005 1731 5065 decreta
1751 4993 1878 5064 abunde

223 5064 552 5155 gebardoslconoclastae
562 5064 1042 5134 manusinlecerunt,utihdrianus
1096 5067 1293 5138 reciperentur
1317 5075 1381 5139 post
1397 5069 1660 5135 denuntiationem
1687 5070 1876 5137 truncatim

223 5154 253 5198 rn
267 5139 389 5210 epistola
411 5141 540 5193 exstante
553 5140 608 5193 act.
628 5133 646 5190 s
663 5136 791 5205 septimae
814 5136 927 5206 synodi,
955 5142 984 5193 et
1011 5137 1041 5192 in
1096 5139 1131 5194 ab
1141 5139 1291 5210 apostolis,
1306 5140 1357 5210 qui
1369 5146 1433 5211 post
1445 5142 1613 5203 concilium
1634 5118 1768 5208 illerosol
1786 5144 1876 5203 nior·

223 5212 314 5268 altera
328 5210 393 5265 data
408 5208 632 5290 carolollagno,
646 5219 701 5277 qua
717 5220 782 5290 eum
795 5207 902 5263 excitat
914 5207 949 5263 ad
964 5220 1043 5263 recu·
1095 5215 1151 5266 act.
1179 5209 1221 5279 lo,
1246 5209 1376 5280 Paulum,
1400 5212 1572 5287 seruabam,
1587 5218 1714 5293 ludam,
1730 5164 1876 5291 asriel*

223 5281 348 5354 peranda
366 5279 471 5347 ablata,
487 5280 583 5336 videre
607 5282 659 5346 est,
680 5277 729 5333 ubi
746 5285 832 5333 etnam
844 5279 950 5348 aperis,
967 5278 1042 5335 unde
1098 5280 1756 5353 lectosmiserunt,utiratribusdennntiareut
1835 5284 1841 5295 ’

220 5369 252 5412 en
268 5354 343 5410 bona
357 5351 533 5409 obvenerint.
547 5350 638 5420 «Quae
649 5349 834 5420 perdiversos
845 5350 1040 5421 imperatores,
1097 5353 1127 5408 in
1145 5353 1196 5410 iilo
1209 5357 1286 5411 ccetu
1300 5354 1416 5411 editam.
1431 5355 1507 5413 illuc
1520 5358 1554 5417 iu
1577 5361 1642 5423 hnc
1652 5368 1763 5439 capitis
1790 5347 1876 5419 icini*¹

225 5427 362 5497 patricios
374 5424 471 5491 etiarn,
488 5431 515 5479 et
532 5423 607 5479 alios
621 5424 709 5477 Deum
724 5421 867 5492 timentes,
881 5436 1040 5492 procorum
1096 5424 1202 5482 Paulo:
1219 5446 1233 5478 r
1251 5424 1467 5485 Perambulabat
1489 5436 1593 5490 anum
1615 5436 1734 5509 syriam
1747 5427 1875 5495 etum

223 5499 324 5553 anime
347 5495 474 5552 mercede
501 5499 529 5550 et
548 5494 628 5550 venia
643 5493 824 5562 delictorum,
854 5495 883 5549 in
910 5495 1042 5565 partibus
1095 5495 1875 5577 conuiuansecclesias:precipieusrusruotrcrnfli'

223 5569 342 5634 l'usciae,
363 5567 485 5638 Spoleto,
511 5580 562 5623 seu
585 5566 740 5620 Benevento
765 5565 846 5621 beato
870 5567 951 5625 Petro
972 5581 1040 5640 apo·
1094 5568 1291 5641 apostolorum
1305 5575 1334 5626 et
1359 5570 1521 5631 seniorum
1538 5574 1762 5641 »masuam
1772 5575 1875 5635 hirae

224 5639 307 5708 stolo,
320 5645 480 5709 sanctaque
491 5639 539 5694 Dei
551 5642 579 5694 et
589 5637 754 5706 apostolicae
766 5637 897 5694 Ecclesia
907 5653 1041 5698 concessa
1097 5641 1229 5712 piissima
1239 5639 1555 5711 primtsrrlbnsracull
1590 5643 1875 5711 atmodum

225 5712 303 5774 sunt,
319 5715 346 5763 et
366 5722 415 5778 per
435 5708 584 5791 uelandam
600 5714 711 5780 gentem
726 5708 976 5780 Longobardorum
994 5725 1042 5781 per
1097 5719 1157 5770 tum
1168 5719 1212 5771 est
1224 5710 1564 5785 insupsrlcrlbnsnotlr.
1600 5716 1874 5838 tutumliff
1896 5710 1902 5877 ι

227 5779 1042 5852 annorumspatraabstractuatqueablatasunt.iliona,
1096 5786 1246 5844 dumcum
1264 5782 1429 5857 blanden
1610 5824 1613 5829 -

221 5856 249 5910 et
264 5845 396 5907 redditus
409 5851 551 5918 quomodo
560 5857 656 5908 essem
669 5847 852 5924 expendenda
864 5852 948 5912 docet
958 5853 1044 5915 biber
1099 5854 1274 5930 incipientes
