3892 6136
120 299 186 361 iiii

726 298 905 356 htvisvisit
923 298 1199 356 hiuttotnticiitn

1755 298 1820 358 4444

119 423 365 481 Resurrectionem
381 422 699 480 autemvitaeauirieem
715 422 776 492 ipsa
792 420 897 477 celebri
912 425 941 475 et
952 420 983 482 A
997 419 1089 475 solun
1101 421 1230 490 exemplo
1246 421 1332 490 Petri,
1348 421 1498 478 sedetiam
1522 421 1618 489 Pauli,
1640 421 1821 490 aliorumque

119 490 939 573 magnaDominioaesseperagendam.»VerumquiaV.C3

120 563 940 633 44444444444144444444444444444434444444444444

118 638 154 695 de
168 645 284 695 auctore
309 638 395 708 hujus
411 637 502 693 libelii
515 637 647 707 synodici
666 634 797 692 nonnihil
813 633 939 703 dubitat,

119 710 179 766 4444
197 709 335 780 synodum
355 709 479 780 coegerit
494 709 639 776 anicetus,
655 708 714 763 sive
728 705 877 762 distulerit
891 718 944 759 en-

119 788 251 850 spectans
276 793 445 837 consensum
472 778 617 848 l‘oiycarpi
635 785 784 849 postquam
800 779 829 832 in
845 776 942 830 tisiam

120 852 264 918 rediisset,
282 858 390 906 certum
406 856 448 906 est
462 851 623 921 Anicetum,
643 856 739 920 aperte
760 848 942 915 respondisse

121 918 283 993 Polycarpo,
299 923 479 978 decessorum
496 934 612 978 suorum
634 934 739 976 morem
755 919 812 975 sibi
828 932 889 973 esse
901 931 944 972 re·

120 993 275 1049 timendum.
290 993 447 1049 Doduelius
459 992 563 1048 inierre
574 1000 703 1059 conatur,
715 992 743 1046 id
754 991 842 1046 moris
853 989 943 1044 insti-

120 1070 213 1121 tutum
224 1077 240 1119 a
251 1065 351 1190 ngto,
364 1070 510 1134 propterea
519 1064 594 1134 quod
607 1061 728 1132 epistola
740 1063 836 1118 irenaei
848 1060 940 1116 solum

119 1142 254 1191 memoret
297 1135 366 1202 ium,
391 1135 544 1206 Hyginum,
570 1134 783 1204 Telesphorum,
818 1135 940 1203 xystum

72 1232 76 1245 ⁴
120 1205 196 1263 inter
209 1207 372 1263 decessores
382 1206 505 1275 hnieeti,
519 1206 569 1276 qui
584 1206 659 1260 diem
678 1204 854 1260 Dominicam
873 1205 941 1272 jus-

118 1279 209 1334 serint
236 1291 298 1333 esse
322 1277 496 1343 Paschaiem,
531 1290 582 1331 nee
606 1278 669 1332 suis
697 1276 881 1346 permiserint
910 1279 942 1328 ut

118 1349 204 1405 444444
229 1348 409 1404 hebdomadae
431 1347 531 1403 leriam
548 1347 678 1402 Paschati
697 1347 883 1402 destinarent.
899 1344 941 1400 lib

118 1419 248 1489 apostolo
261 1420 342 1474 Petro
356 1432 417 1474 eam
436 1419 619 1474 traditionem
630 1423 797 1488 4444444444
810 1418 941 1486 lionrani,

117 1501 175 1547 non
189 1497 367 1560 4444444444
379 1490 561 1558 4444444444,
578 1497 604 1544 44
615 1490 801 1545 Alexandrini
816 1491 942 1557 patriar-

119 1561 221 1617 chatus
247 1560 389 1629 Ecclesiae,
405 1567 433 1616 et
458 1560 589 1621 Ponticae,
616 1562 658 1616 uti
679 1574 711 1615 en
732 1560 838 1615 litteris
853 1572 940 1626 supra

119 1632 254 1688 indicatis
268 1636 388 1687 constat.
406 1633 434 1685 ln
452 1630 502 1686 4444
517 1645 582 1687 4444
596 1632 717 1700 epistola
732 1631 829 1686 irenei
845 1643 940 1685 ascen·

118 1703 184 1759 dere
198 1716 375 1773 nequaquam
391 1701 491 1759 debuit
504 1703 548 1756 vir
559 1703 735 1772 apostolicus
748 1701 942 1757 enumerando

118 1774 194 1830 ultra
215 1781 324 1829 44444444
348 1774 442 1843 xysti,
465 1774 579 1843 quando
603 1774 762 1844 Polycrates
785 1771 942 1842 objiciebat

118 1845 288 1914 permissum
303 1843 418 1900 luissea
437 1846 544 1900 444444
553 1846 738 1914 evangelista,
756 1851 786 1900 ut
800 1845 877 1898 Luna
893 1856 940 1897 444

117 1917 223 1972 Pascha
238 1915 439 1973 celebraretur.
462 1917 531 1970 liant
554 1916 636 1986 xysti
660 1916 821 1972 decessores
838 1914 940 1969 merni-

116 1987 194 2043 nisse
219 1993 348 2056 poterant
368 1986 486 2043 ioannis
502 1987 637 2055 apostoli,
659 1989 708 2057 qui
730 1988 824 2041 llorna
846 1984 939 2041 iuerat

115 2057 170 2114 sub
180 2059 352 2114 Domitiano.
366 2059 452 2114 Porro
466 2057 490 2113 si
506 2072 570 2129 quae
586 2059 737 2127 permissio
752 2056 937 2114 luitioannis

114 2129 248 2198 apostoli,
266 2141 321 2185 non
341 2129 399 2185 4444
412 2133 488 2185 44444
507 2143 593 2200 quam
610 2129 781 2198 temporaria
796 2128 937 2183 censenda

114 2206 184 2267 erat,
199 2211 233 2254 ex
252 2200 405 2271 privilegio
420 2201 559 2270 apostolis
572 2213 717 2267 concesso,
742 2206 774 2255 ut
787 2198 937 2255 diiierrent

115 2270 249 2341 legalium
271 2272 381 2340 praxim
401 2271 435 2326 de
456 2272 549 2327 medlo
565 2272 665 2327 tollere
680 2272 766 2327 etiam
783 2276 846 2340 post
859 2269 936 2325 ceie-

114 2340 273 2396 brationem
289 2341 408 2396 concilii
420 2342 602 2407 Antiocheni,
621 2350 705 2413 prout
721 2343 848 2412 ipsorum
864 2355 937 2411 pru-

114 2412 218 2467 dentiae
233 2411 389 2479 videretur,
414 2414 570 2469 44444444
593 2412 795 2469 lucrifacerent
810 2431 816 2468 :
834 2425 937 2483 quem-

114 2483 267 2539 admodum
295 2482 381 2539 Pauio
410 2483 495 2539 licuit
518 2485 724 2540 circumcidere
756 2485 935 2539 Timotheum

114 2554 210 2609 eadem
225 2555 260 2609 de
272 2567 370 2610 causa.
386 2554 479 2624 Quare
498 2569 563 2610 cnm
580 2557 702 2612 irenaeus
717 2555 835 2621 videret,
847 2567 936 2623 expe·
966 2560 973 2570 ¹

114 2623 204 2679 ditam
225 2623 284 2681 iore
295 2626 489 2694 exceptionem
512 2627 637 2682 Victoris
651 2640 732 2696 quem
749 2627 869 2681 suadere
884 2638 931 2680 co-

115 2694 247 2763 nabatur,
257 2695 291 2751 ad
304 2696 483 2751 tolerantiam
495 2697 606 2752 444444
618 2697 838 2753 consuetudinis
847 2709 937 2751 enem-

115 2764 162 2834 444
183 2766 374 2836 decessorum,
392 2767 415 2822 si
444 2779 492 2822 eos
518 2780 632 2838 quoque
657 2774 859 2836 enumerasset,
886 2767 934 2836 qui

114 2837 222 2893 vidisse
245 2843 375 2909 poterant
398 2840 532 2894 ioannem
564 2839 724 2908 4444444444
753 2840 792 2894 444
814 2841 937 2907 permit-

115 2916 229 2977 tentem,
253 2911 395 2966 recensuit
422 2913 619 2967 tantummodo
642 2913 773 2980 xystum,
799 2917 827 2965 et
848 2910 883 2965 ab
903 2925 936 2967 eo

114 2988 282 3037 consecutos
305 2982 470 3051 pontifices:
496 2997 618 3052 quorum
637 2982 798 3050 exemplum
821 2983 934 3038 retundi

22 3098 25 3104 .
114 3065 170 3107 4444
191 3059 300 3123 poterat
314 3054 472 3123 apostolico
495 3054 647 3126 privilegio
667 3060 852 3122 temporaneae
869 3067 937 3122 per-

997 491 1202 616 agostolorum,
1219 500 1246 547 et
1261 494 1388 548 virorum
1404 493 1570 561 apostolieae
1581 493 1679 549 aetatis
1694 492 1723 546 id
1738 491 1822 546 moris

998 576 1013 618 o
1037 564 1159 619 tinuisse
1173 563 1332 632 conllrmat,
1355 565 1473 633 petitum
1490 578 1506 620 a
1526 565 1683 630 nazaraeis,
1703 569 1737 617 ut
1757 576 1822 618 san-

997 634 1099 689 ctioris
1119 637 1184 690 4444
1209 633 1388 706 institutum,
1407 637 1520 706 lieoque
1539 635 1672 690 dicatum
1700 634 1822 689 uuicese

998 705 1143 775 amplexos
1165 706 1381 788 significarent:
1397 720 1462 762 cum
1482 721 1552 777 quo,
1567 712 1596 761 et
1609 707 1693 762 aliud
1708 704 1823 775 symbo-

998 776 1057 832 lum
1072 792 1176 831 coronae
1196 784 1365 846 yunrterunt,
1381 778 1537 848 diligenter
1551 777 1734 847 descriptum
1751 776 1821 845 apud

998 848 1097 902 bedam
1122 853 1150 903 et
1174 849 1343 919 Gregorium
1370 850 1586 904 Turonensem:
1613 863 1690 919 quos
1710 847 1777 904 vide
1796 849 1821 901 in

996 919 1078 974 Notis
1104 918 1255 975 hitaserrm
1280 920 1314 974 ad
1341 919 1417 975 bunc
1441 933 1603 976 numerum.
1640 919 1822 987 [inprimitur

996 1003 1062 1045 4444
1079 989 1244 1059 hujusmodi
1260 997 1379 1046 tonsura
1395 992 1424 1046 in
1440 991 1663 1062 antiquissimis
1685 989 1823 1060 imagini-

997 1059 1051 1116 bus
1073 1074 1249 1116 summorum
1278 1063 1445 1131 pontiilcum
1474 1062 1502 1116 in
1531 1060 1704 1117 basilicas.
1733 1059 1821 1128 Pauli,

997 1145 1116 1257 quarum
1144 1134 1286 1202 specimen
1314 1132 1401 1189 habes
1431 1146 1519 1203 supra
1563 1133 1654 1188 initio
1694 1138 1821 1187 notarum

1008 1202 1045 1257 oi.
1064 1201 1088 1270 4,
1106 1205 1222 1271 perinde
1233 1217 1266 1258 ac
1287 1204 1315 1258 in
1331 1205 1453 1260 musivis
1469 1204 1683 1260 vetustissimis
1697 1202 1824 1258 ecclesia·

996 1288 1060 1329 rum
1083 1273 1174 1342 Urbis,
1191 1282 1218 1330 et
1232 1275 1260 1329 in
1281 1276 1388 1345 cryptis
1415 1283 1591 1345 martyrum:
1624 1275 1705 1330 unde
1734 1275 1822 1345 imago

995 1346 1145 1415 desumpta
1158 1353 1201 1401 est
1212 1346 1335 1401 hdeliter
1350 1361 1365 1402 4
1379 1347 1519 1402 Severano
1541 1353 1570 1402 et
1589 1346 1741 1416 hringhio
1755 1359 1822 1414 pon-

997 1417 1086 1472 tilicis
1100 1431 1212 1473 sacrum
1230 1418 1353 1472 velamen
1371 1419 1498 1486 aptantis
1511 1418 1622 1488 virgini
1636 1419 1698 1472 Deo
1710 1419 1822 1484 devote,

996 1501 1080 1558 quarn
1107 1488 1135 1542 in
1159 1488 1208 1543 Pio
1235 1503 1306 1558 papa
1327 1492 1479 1557 producam
1505 1501 1629 1545 numero
1646 1489 1780 1558 proximo
1797 1489 1823 1543 44

996 1559 1073 1614 notis
1090 1559 1248 1615 historicis.
1272 1559 1462 1616 Conierantur
1479 1560 1624 1630 imagines
1647 1573 1682 1615 ac
1703 1565 1823 1613 tonsura

997 1629 1059 1685 istae
1082 1643 1146 1685 curn
1179 1632 1283 1686 isidori
1302 1637 1390 1695 textu,
1422 1645 1471 1701 per
1486 1631 1648 1686 baronium
1680 1629 1770 1685 aliato
1791 1631 1821 1684 ad

996 1713 1103 1756 annum
1121 1698 1165 1767 58,
1192 1716 1220 1756 4.
1238 1699 1306 1757 ild:
1336 1722 1348 1752 4
1364 1703 1443 1771 Quod
1458 1715 1525 1756 4444
1547 1703 1663 1772 (inquit
1688 1701 1823 1770 isidorus)

960 1793 982 1850 3
996 1772 1115 1828 detonso
1130 1774 1264 1841 superius
1283 1774 1387 1842 eapite,
1405 1772 1649 1828 inieriuscireuli
1666 1785 1775 1828 corona
1789 1785 1823 1826 re·

997 1842 1152 1912 linquitur,
1178 1845 1369 1900 sacerdotium
1387 1857 1566 1916 regnumque
1580 1844 1728 1900 Ecclesiae
1745 1844 1821 1898 ineis

995 1915 1132 1970 existimo
1149 1914 1277 1987 ligurari.
1293 1916 1377 1970 Tiara
1392 1918 1469 1970 enirn
1484 1915 1561 1984 apud
1579 1923 1696 1970 veteres
1718 1917 1822 1969 consii-

996 1985 1130 2040 tuebatur
1151 1987 1180 2041 in
1198 1987 1291 2055 capite
1312 1987 1502 2041 sacerdotum.
1520 1987 1585 2041 ilaec
1601 2000 1638 2042 ex
1655 1985 1746 2056 bysso
1759 1998 1823 2041 con-

994 2054 1066 2110 iecta
1083 2057 1204 2112 rotunda
1218 2064 1278 2113 erat
1303 2059 1385 2127 quasi
1406 2059 1518 2127 spbaera
1535 2057 1655 2125 media,
1672 2064 1703 2112 et
1721 2057 1772 2111 hoc
1785 2058 1822 2111 si·

993 2127 1184 2252 gnificabatur
1207 2129 1235 2182 44
1260 2134 1339 2198 parte
1363 2129 1467 2198 capitis
1482 2129 1586 2196 tonsi3
1608 2141 1722 2184 corona
1736 2134 1820 2182 autem

1005 2198 1117 2254 atitudo
1132 2200 1212 2255 aurei
1229 2200 1333 2256 circuli
1349 2206 1401 2266 est,
1417 2213 1480 2269 quae
1493 2212 1596 2269 regum
1609 2201 1713 2268 capita
1728 2199 1819 2269 cingit.

992 2269 1149 2339 Utrumque
1166 2271 1386 2342 itaquesrgnum
1400 2271 1576 2341 exprimitur
1594 2271 1626 2326 in
1639 2271 1822 2338 capiteeleri·

991 2353 1100 2403 corum,
1115 2347 1146 2395 ut
1161 2341 1315 2410 impleatur
1329 2344 1459 2411 corporis
1469 2341 1556 2396 etiam
1574 2342 1708 2411 quadam
1720 2342 1820 2397 simili-

992 2412 1817 2483 iudinequodscriptumest,i‘etroapostoiopraedoeeute:

995 2485 1047 2536 Vos
1058 2485 1121 2536 estis
1131 2498 1216 2548 44444
1238 2491 1371 2549 sonetum,
1398 2484 1488 2551 requie
1501 2483 1697 2538 sacerdotium
1712 2485 1738 2553 (i
1758 2486 1817 2538 Petr.

992 2566 1023 2621 u,
1039 2552 1075 2623 9).
1089 2553 1235 2622 Queritur
1245 2562 1352 2620 autent,
1367 2570 1420 2612 cur
1431 2557 1509 2610 sicut
1520 2556 1598 2624 apud
1611 2556 1758 2625 antiquos
1771 2557 1819 2610 h'a·

991 2638 1107 2686 zaraeos,
1130 2638 1186 2681 non
1201 2632 1267 2682 ante
1286 2640 1365 2682 corna
1390 2627 1531 2690 nutritur,
1548 2630 1578 2680 et
1602 2627 1649 2682 sio
1663 2626 1820 2684 tondetur?

990 2696 1041 2751 Sed
1059 2697 1108 2766 qui
1122 2696 1180 2752 444
1189 2698 1356 2768 exquirunt,
1366 2697 1600 2753 animadvertant
1614 2699 1690 2768 quid
1703 2701 1744 2756 sit
1757 2700 1821 2753 inter

992 2767 1064 2823 illud
1081 2767 1277 2837 propheticum
1289 2769 1489 2837 velamentum,
1501 2775 1529 2823 et
1539 2769 1618 2825 banc
1632 2771 1818 2843 evangelican

992 2839 1202 2906 revelationem,
1219 2840 1254 2894 de
1268 2855 1324 2911 qua
1340 2842 1412 2896 dicit
1425 2842 1602 2909 apostolus:
1622 2845 1694 2899 tium
1714 2848 1821 2898 4444444·

989 2913 1052 2964 44444
1080 2911 1117 2964 444
1138 2910 1286 2978 Christum,
1309 2916 1452 2980 auferetur
1473 2916 1610 2969 columen.
1627 2916 1714 2985 Quod
1737 2924 1818 2974 auten

990 2981 1173 3053 significabat
1202 2982 1326 3038 velamen
1366 2985 1571 3054 interpositum
1612 2987 1697 3044 inter
1729 2989 1818 3045 iacien

990 3055 1091 3123 hioysi,
1112 3060 1139 3108 ei
1153 3060 1298 3123 aspectum
1311 3055 1436 3111 tiliorum
1450 3057 1547 3124 israel,
1567 3058 1625 3115 hoc
1642 3060 1820 3132 signiacum

115 3125 264 3181 missionis
275 3127 393 3181 ioannis
405 3125 596 3197 evangelista,
611 3133 675 3181 ante
690 3126 772 3195 xysti
790 3125 974 3214 pontiden-C
993 3125 1054 3181 iliis
1078 3124 1255 3193 temporibus
1268 3139 1348 3181 corna
1370 3134 1546 3184 sanctorum.
1565 3131 1638 3186 Nam
1657 3140 1688 3187 et
1707 3137 1819 3201 iiposto·

115 3196 240 3265 iamiam
256 3198 312 3252 vita
327 3195 542 3252 iuneti.Contra
559 3196 724 3266 hujusmodi
739 3197 934 3252 inductionem
993 3196 1038 3252 ius
1057 3209 1166 3252 comam
1192 3209 1242 3265 pro
1257 3197 1397 3253 velamine
1420 3200 1494 3255 dicit
1515 3214 1600 3257 esse:
1630 3205 1758 3272 proinde
1771 3207 1818 3274 jen

113 3267 198 3323 etiam
213 3268 290 3324 intra
308 3275 419 3337 tempus
441 3267 534 3338 Xysti,
551 3274 579 3323 et
594 3282 791 3324 successorum
807 3270 935 3324 validius

114 3346 285 3395 coarctatam
299 3339 335 3395 ab
349 3340 464 3407 irenaeo,
481 3340 577 3395 Victor
595 3354 659 3395 curn
683 3341 810 3406 hniceto,
825 3340 935 3396 similia

116 3416 267 3480 reponente
281 3410 413 3480 precibus
429 3411 586 3481 Polycarpi,
611 3412 737 3467 ostendit
760 3412 934 3466 contrariam

114 3482 351 3538 consuetudinem
373 3481 408 3537 ab
435 3482 536 3537 iisdem
560 3483 758 3537 decessoribus
781 3483 844 3537 suis
865 3497 937 3538 con·

114 3559 223 3610 stanter
240 3553 427 3623 observatam,
444 3567 459 3608 4
475 3566 504 3607 44
519 3566 633 3624 444444
654 3553 775 3609 iirmiter
789 3566 851 3609 esse
866 3555 937 3609 reti-

115 3626 247 3694 nendam,
274 3627 394 3696 ejusque
416 3624 658 3680 observantiama
680 3625 792 3680 caeteris
813 3627 936 3696 exigen-

114 3697 189 3764 dam,
207 3697 256 3768 qui
275 3697 394 3752 loannis
410 3697 574 3766 privilegio,
588 3697 727 3766 apostolis
741 3704 850 3752 tantum
864 3710 935 3752 con·

114 3782 204 3835 cesso,
227 3782 282 3824 non
303 3773 396 3823 essent
423 3768 545 3836 praediti.
572 3767 628 3822 iioc
649 3768 731 3837 piane
755 3780 841 3823 seusu
857 3770 938 3823 accl-

115 3839 218 3909 pienda
237 3852 308 3906 esse,
329 3839 588 3908 quaecontineniur
612 3839 640 3892 in
665 3839 812 3908 synodicis
833 3839 939 3896 litteris

114 3909 224 3977 irenaei,
239 3915 267 3964 et
287 3909 454 3965 indicantur
475 3910 510 3965 de
523 3917 789 4034 sumrnaJestorum
807 3925 821 3964 4
839 3912 938 3980 44444-

115 3980 219 4037 deibus
234 3979 408 4042 memoratis,
423 3980 594 4050 jampridem
610 3980 637 4034 44
661 3981 683 4035 44
703 3994 768 4036 curn
791 3983 863 4036 Beda
884 3983 939 4038 44-

115 4050 238 4107 44444444
259 4051 335 4107 ihc.
355 4052 516 4108 ludovicus
538 4051 600 4106 Bali
614 4051 714 4107 doctor
734 4051 893 4124 theologus,
906 4066 938 4108 44

115 4122 403 4194 propoenitentiarius
423 4123 594 4178 Parisiensis
617 4122 646 4176 in
670 4136 780 4179 summa
793 4125 940 4178 concilio·

115 4207 178 4251 rum
193 4199 269 4248 torno
280 4193 315 4260 ii,
331 4207 392 4264 pag.
406 4191 433 4257 5,
444 4195 478 4248 ati
494 4194 570 4248 hunc
581 4193 674 4248 locurn
685 4195 722 4249 ita
741 4194 936 4262 perscribens:

117 4285 130 4318 α
150 4267 181 4320 44
197 4264 249 4319 444
263 4277 292 4319 44
307 4264 479 4345 Polycratem
493 4277 549 4319 non
565 4277 669 4325 moror,
690 4267 740 4335 qui
757 4266 855 4321 studio
869 4281 939 4335 par-

116 4336 188 4392 tium
208 4334 389 4405 laboraverit,
410 4342 437 4391 44
457 4349 521 4391 cum
538 4335 645 4390 iudaeis
659 4337 687 4389 in
705 4336 838 4392 Paschate
860 4340 939 4393 ceie-

11 4416 12 4419 ’
115 4407 225 4464 brando
250 4407 466 4477 conspiraverit,
495 4412 594 4462 contra
621 4407 807 4462 monitionem
832 4410 936 4464 summi

115 4479 239 4551 pastoris
263 4479 405 4549 Ecclesia,
433 4479 482 4536 cui
510 4476 626 4534 obedire
650 4477 761 4535 debuit.
792 4481 846 4534 lieo
873 4495 936 4537 eum

114 4557 232 4609 excusat
245 4551 405 4620 exemplum
420 4552 456 4605 l).
474 4549 604 4619 ioannis,
620 4550 694 4619 quod

115 4623 176 4679 bai.
207 4622 257 4679 iile
278 4622 366 4686 enim,
384 4628 416 4678 ut
429 4623 473 4678 ait
492 4621 564 4678 Beda
592 4620 643 4676 lib.
670 4635 700 4676 tn
749 4623 796 4678 ist.
812 4637 874 4693 cap.
891 4623 936 4694 95,

115 4694 269 4751 celebravit
284 4693 388 4749 Pascha
401 4694 511 4749 decima
527 4700 628 4762 quarta
647 4693 706 4758 die,
730 4700 762 4749 ut
774 4708 804 4749 se
821 4696 849 4749 in
876 4695 937 4753 iliis

116 4766 213 4822 initiis
236 4766 462 4821 accommodaret
485 4765 592 4820 iudaeis
620 4765 653 4819 ad
673 4764 754 4820 iidem
779 4769 935 4837 conversis,

114 4838 193 4895 sicut
209 4843 322 4907 propter
334 4838 459 4892 camdem
475 4849 589 4891 eausam
604 4837 710 4891 Paulus
724 4838 872 4906 apostolus
886 4841 938 4894 Ti-

116 4909 258 4966 motheum
275 4910 440 4978 episcopum
465 4908 659 4963 circumcidit.
684 4909 815 4964 Attamen
834 4910 865 4963 D.
885 4912 938 4966 44-

114 4987 177 5038 4444
192 4982 287 5037 iiomae
302 4979 440 5042 instituit,
465 4986 496 5035 ut
515 4979 621 5034 Pascha
634 4979 681 5034 die
696 4980 846 5036 Dominico
860 4981 938 5038 cele-

113 5052 255 5117 braretur,
270 5053 354 5120 eujus
371 5051 519 5106 institutio
534 5049 617 5106 debet
631 5051 792 5119 prevalere.
808 5070 821 5102 s

150 5125 235 5180 Linea
247 5121 274 5180 3.
288 5125 385 5177 -iiie
396 5124 545 5183 4444444444,
561 5129 591 5174 ut
603 5124 690 5177 444444
700 5137 801 5178 comorn
814 5139 868 5178 nort
881 5139 939 5178 nrt-

114 5198 192 5250 irirei
209 5194 358 5252 secundum
375 5199 544 5264 preceptum
561 5194 696 5262 Apostoli.
721 5195 782 5250 Duo
796 5195 843 5250 hic
857 5194 939 5251 afflc-

116 5274 240 5324 mantur.
256 5268 382 5323 Primum
405 5269 449 5320 est
467 5264 639 5321 constitutio
653 5264 776 5327 hnieeti,
792 5279 827 5321 ne
842 5266 937 5324 clerus

115 5351 222 5395 comam
239 5340 383 5405 nutriret,
400 5336 522 5392 aiterum
539 5342 581 5392 est
602 5343 773 5405 preceptum
795 5338 935 5407 44444444,

117 5407 468 5478 idemlubentis.Primum
481 5407 597 5478 iiiudap
619 5408 935 5466 aretabauctoreiibri

116 5479 292 5535 Pontiiloaiis
309 5483 427 5550 petitum
448 5493 482 5535 ex
504 5424 629 5535 44444444
654 5480 792 5550 catalogo.
806 5479 932 5538 hitcrum

114 5562 181 5604 vero
192 5549 228 5605 de
242 5565 330 5619 praece
353 5559 380 5609 to
393 5549 521 5622 44444444
544 5551 619 5606 4444
639 5550 778 5621 hauserit,
795 5553 937 5622 4444444-

115 5632 179 5676 444
196 5626 295 5676 movet.
339 5631 473 5694 trumque
488 5627 629 5679 assertum
653 5622 773 5678 mir-ilice
790 5623 938 5681 illustrant

115 5704 146 5748 ea
162 5703 227 5761 que
239 5690 319 5746 card.
337 5693 477 5750 Baronius
488 5694 570 5750 docte
582 5693 742 5764 collegitex
757 5695 889 5751 Patribus
902 5696 936 5753 ad

113 5774 223 5823 anuum
238 5759 345 5818 Christi
356 5760 401 5830 58,
419 5777 486 5822 num
503 5762 589 5823 laser
599 5777 677 5836 seqq.
692 5782 699 5835 ;
716 5766 859 5836 praecipue
871 5781 937 5825 vcro

113 5848 149 5897 ex
173 5833 357 5908 iiieronymo,
384 5833 508 5908 isidoro,
520 5844 548 5897 et
562 5837 713 5897 Germano.
735 5836 797 5911 cit,
815 5837 938 5899 444444

992 3281 1047 3323 444
1062 3273 1183 3337 oportet,
1205 3275 1237 3323 ut
1253 3269 1382 3325 velentur
1396 3271 1530 3326 crinibus
1543 3275 1648 3344 capita
1664 3289 1766 3331 eorum
1777 3275 1817 3345 qul

991 3340 1112 3394 Domino
1136 3350 1351 3406 consecrantur,
1375 3342 1423 3396 sed
1450 3348 1564 3399 tanturn
1589 3354 1621 3400 ui
1655 3349 1817 3413 revelentur,

993 3411 1061 3480 quia
1080 3410 1155 3480 quod
1171 3415 1232 3464 erat
1247 3411 1391 3467 occuitum
1408 3413 1436 3468 in
1454 3425 1642 3473 sacramento
1661 3419 1818 3490 prophetie.

989 3483 1048 3609 'dam
1069 3482 1098 3536 in
1125 3482 1280 3552 Evangelio
1303 3483 1481 3540 deciaratum
1496 3493 1583 3542 est.»
1609 3490 1761 3547 Hactenus
1774 3491 1818 3546 isi·

1012 3566 1091 3609 orus.

1027 3623 1131 3679 isidori
1156 3624 1321 3680 testimonio
1345 3628 1531 3684 consentiunt
1553 3643 1588 3685 ea
1606 3648 1677 3703 quae
1700 3637 1817 3707 superius

992 3695 1078 3751 attuli
1093 3696 1123 3750 in
1138 3695 1208 3752 Lino
1224 3710 1302 3751 num.
1313 3695 1340 3768 4,
1353 3700 1502 3755 occasione
1521 3700 1646 3760 decreta
1658 3707 1697 3763 de
1716 3707 1815 3764 velando

993 3767 1146 3823 mulierum
1171 3768 1265 3836 capite
1289 3769 1317 3823 in
1339 3770 1468 3838 ecclesia,
1487 3772 1523 3827 ab
1548 3777 1703 3844 apostolis
1730 3782 1816 3849 pariter

995 3837 1125 3910 proiecti,
1153 3843 1183 3894 ut
1197 3840 1326 3908 epistolae
1349 3841 1428 3896 Pauli
1445 3843 1668 3911 demonstrant,
1694 3852 1729 3905 ad
1752 3851 1815 3907 indi-

993 3911 1112 3966 candam
1132 3911 1295 3966 earumdem
1310 3911 1507 3969 exclusionem
1521 3928 1537 3970 a
1561 3923 1735 3979 sacerdotio
1747 3923 1814 3978 Chri-

994 3984 1104 4037 stiano:
1122 3980 1196 4051 quod
1211 3982 1284 4038 viris
1307 3986 1504 4041 tantummodo
1520 4001 1711 4049 reservatum
1738 3993 1814 4050 iuita

993 4053 1107 4108 Christo
1138 4054 1267 4120 Domino,
1295 4054 1438 4111 scribente
1468 4059 1614 4126 apostolo
1656 4067 1671 4119 i
1697 4067 1732 4121 ad
1763 4066 1812 4120 Cor.

993 4137 1055 4191 444,
1082 4137 1130 4178 ut:
1155 4125 1221 4177 Volo
1254 4130 1344 4180 autem
1371 4142 1416 4180 eos
1444 4131 1523 4196 scire,
1553 4135 1634 4200 quod
1663 4141 1751 4192 omnis
1773 4136 1813 4189 4444

993 4200 1075 4264 caput
1090 4196 1211 4250 Christus
1232 4201 1293 4263 444,·
1307 4202 1493 4266 copulantem
1513 4205 1648 4260 mulieris
1670 4212 1734 4263 uir.-
1749 4210 1813 4276 mput

993 4283 1054 4322 vero
1078 4267 1179 4322 Christi
1193 4270 1273 4322 44444.
1304 4268 1395 4323 Omnis
1413 4273 1457 4323 444
1472 4287 1568 4338 orans,
1587 4283 1641 4331 out
1663 4282 1811 4350 prophetans

993 4339 1080 4393 444444
1092 4340 1179 4407 444444
1193 4340 1321 4409 deturpat
1344 4346 1425 4411 44444
1439 4357 1529 4397 suum.
1547 4345 1648 4403 Omnis
1663 4357 1753 4405 autern
1764 4365 1812 4403 rnu-

993 4411 1043 4464 ir'er
1054 4425 1145 4476 orares,
1163 4416 1211 4465 out
1221 4412 1387 4481 prophetans
1410 4429 1464 4467 non
1488 4416 1581 4471 oeloio
1597 4426 1693 4489 capric
1705 4423 1813 4490 deturpet

994 4486 1074 4551 ceput
1097 4496 1187 4535 suum.
1204 4483 1310 4538 Cretera
1326 4498 1388 4553 quae
1403 4493 1571 4554 sequuntur
1586 4491 1624 4545 ab
1650 4493 1761 4550 isidoro
1769 4494 1811 4562 jam

720 4564 771 4676 444
786 4565 815 4607 44
836 4550 939 4608 444444-
953 4543 980 4605 D
994 4552 1125 4623 exposita
1139 4553 1173 4608 de
1188 4554 1359 4623 capillorum
1379 4555 1550 4629 velamento,
1569 4563 1674 4618 eadem
1690 4566 1726 4622 de
1744 4575 1812 4621 4444

994 4624 1111 4682 44444444
1122 4625 1274 4688 attributo,
1292 4631 1320 4681 ot
1336 4629 1372 4682 de
1386 4629 1505 4698 mystico
1520 4632 1611 4703 signo
1628 4638 1756 4692 rationis
1766 4636 1812 4690 cri·

994 4697 1075 4752 nium
1094 4697 1122 4750 in
1137 4696 1232 4765 capite
1246 4697 1428 4763 clericorum,
1445 4713 1478 4754 ex
1493 4704 1662 4770 apostolica
1675 4709 1812 4764 traditione

993 4772 1105 4825 servato
1118 4780 1150 4822 44
1165 4770 1313 4834 44444444,
1329 4770 1472 4825 cohaerent
1486 4787 1553 4829 cum
1570 4783 1702 4848 utroque
1720 4781 1812 4835 444444

994 4840 1057 4895 Lini
1070 4838 1218 4894 ethniceti
1234 4841 1334 4895 inuino
1345 4842 1514 4909 apostolicis
1524 4846 1692 4918 institutis,
1703 4848 1812 4906 4444444-

994 4911 1079 4982 plina
1093 4911 1167 4965 Petri
1183 4913 1355 4966 auctoritate
1370 4914 1495 4983 vigentis
1510 4915 1540 4970 in
1559 4919 1692 4977 itomana
1708 4935 1812 4991 prascr-

993 4984 1045 5038 tim
1072 4982 1214 5037 Ecclesia:
1234 4989 1262 5036 et
1283 4984 1447 5053 ostendunt,
1463 4985 1615 5044 hisetiam
1633 4993 1751 5059 ritibus,
1774 4990 1811 5060 qui

995 5053 1154 5122 respiciunt
1175 5060 1323 5109 externum
1347 5055 1467 5126 cultum,
1502 5058 1532 5113 ln
1563 5070 1673 5119 exortu
1696 5064 1812 5120 Ecclesia

993 5126 1083 5181 luisse
1098 5124 1261 5180 consultum
1277 5127 1434 5195 apostolica
1449 5129 1648 5204 providentia,
1669 5149 1735 5192 cum
1751 5138 1812 5190 Pau·

993 5197 1039 5253 ius
1053 5197 1081 5250 in
1104 5194 1201 5250 eadem
1224 5196 1347 5264 epistola
1372 5211 1433 5266 cap.
1459 5196 1502 5266 ii,
1523 5211 1683 5275 postquam
1709 5207 1812 5263 mauda-

991 5270 1033 5323 vit
1047 5274 1105 5323 turn
1119 5267 1154 5322 de
1175 5268 1333 5324 velamento
1347 5282 1380 5324 ae
1395 5269 1513 5327 silentio
1535 5275 1709 5348 mulierum,
1724 5293 1757 5334 ne
1768 5278 1813 5332 do·

991 5346 1072 5397 ceant
1088 5338 1117 5392 in
1133 5338 1271 5403 Ecclesia,
1293 5347 1351 5414 turn
1367 5341 1401 5395 de
1424 5354 1544 5400 numero
1562 5359 1668 5404 eorum
1684 5351 1732 5420 qui
1748 5349 1808 5411 iege-

993 5417 1092 5468 rentur
1111 5410 1146 5464 ati
1165 5411 1390 5479 prophetandum
1405 5418 1435 5468 et
1457 5415 1724 5486 interpretandum.
1740 5425 1812 5486 eaput

991 5482 1111 5548 claudit,
1136 5480 1281 5537 affirmans
1295 5489 1323 5538 et
1339 5497 1466 5551 monens,
1481 5490 1595 5543 44444444
1609 5506 1669 5546 4444
1682 5491 1811 5551 mandatu,

991 5555 1135 5622 omniaque
1161 5554 1278 5618 honeste,
1297 5561 1321 5608 et
1345 5557 1493 5612 seeundum
1517 5561 1648 5616 ordinem
1670 5567 1730 5633 ficri
1748 5576 1812 5629 4444·

992 5633 1055 5681 tere.
1067 5625 1161 5694 Quare
1175 5632 1202 5680 et
1219 5627 1248 5681 in
1266 5626 1375 5682 citatum
1390 5627 1511 5685 istorum
1527 5643 1675 5704 praecepto
1690 5648 1742 5691 444
1763 5635 1812 5686 du-

991 5696 1066 5752 bitat
1090 5696 1290 5752 auctoritatem
1312 5699 1438 5768 Domini,
1454 5701 1561 5758 nedum
1587 5717 1673 5762 suam
1695 5708 1812 5772 interpo-

992 5780 1073 5824 nere:
1099 5775 1131 5823 ut
1147 5767 1228 5836 plane
1243 5774 1376 5827 constare
1391 5773 1491 5840 possit,
1514 5787 1571 5831 cur
1586 5777 1676 5834 etiam
1692 5778 1737 5834 his
1748 5787 1811 5829 con-

991 5838 1140 5899 iirmaudis
1163 5839 1253 5898 binus
1284 5849 1313 5899 et
1344 5842 1482 5902 hnieetus
1519 5847 1675 5917 4444444444
1709 5850 1810 5908 decreta
