3892 6136
115 284 169 347 3th

510 276 556 333 ho
574 266 792 331 huhslhswhl
810 263 1067 349 Puohhoollsshh
1083 264 1173 321 holt.
1194 262 1409 323 imit-Phliu.

149 399 229 455 Anni
262 397 339 452 Anni
352 399 428 457 llam,
443 393 550 463 ciuiles,
563 403 708 457 corumque
723 400 801 440 com·-
835 375 914 431 Anni
952 376 982 435 A
1023 374 1102 431 Anni
1133 376 1212 435 Anni
1222 382 1329 436 iuliani
1338 383 1483 453 prolcptt'ci
1497 385 1562 437 ante
1575 383 1670 437 AEram
1713 374 1734 433 Δ

135 471 195 525 Per.
206 469 234 523 J.
296 481 404 521 morasus
412 466 544 520 cumAEra
553 453 796 517 t'hrtsticomnruni
830 449 863 504 U.
883 446 913 501 C.
1010 444 1116 518 Olyntp.

132 546 157 596 et
169 539 238 610 cycli
292 544 317 593 et
329 553 391 592 oum
400 535 514 606 periodo
526 533 639 587 thliuno
654 529 794 595 Scalipene
819 523 924 659 adaptata

150 606 219 687 (dh

426 623 491 679 RES
517 619 638 679 GESTAE

330 717 522 783 homanorum,
542 722 689 777 comamque
709 706 798 761 ἀοιιι-

483 804 576 855 mento

299 894 393 949 Caesar
406 890 538 948 abdicata
556 887 700 944 dictatura
714 895 798 940 crea-

264 990 313 1041 tus
327 984 349 1038 ll
366 977 479 1055 consul]
492 979 563 1036 Cas.
575 975 642 1033 bell.
659 973 737 1031 ciril.
749 970 801 1027 lib.

266 1061 802 1147 rulabnrbcltrundusiumprotectus,

267 1173 335 1230 inde
348 1171 447 1240 soluit,
470 1168 500 1225 in
522 1167 642 1237 Epirum
664 1161 803 1233 nauigans

267 1270 363 1343 pridie
386 1269 482 1324 Nonas
506 1263 638 1322 ianuarii
665 1257 744 1334 [ihil.
774 1260 804 1313 ln

266 1350 805 1431 campisl’harsalictsconlligitmedia·

267 1456 365 1508 astate
392 1443 547 1522 [Plutarch.
577 1445 607 1498 ln
636 1437 734 1514 Bruto]
756 1437 806 1494 die

267 1538 423 1598 Psextilis
447 1531 670 1605 Tarquiniensis
696 1545 721 1585 u.
747 1540 804 1583 uro.

267 1641 381 1686 uueusm
399 1640 424 1682 o.
441 1632 732 1680 ruuuusruuns.u1o1r
749 1612 807 1691 [le-

270 1710 349 1782 gitur
370 1707 399 1764 in
422 1705 510 1762 reteri
531 1699 704 1758 Kalendario
726 1710 807 1752 mar-

270 1790 804 1856 moreoiuruinisllutlatumreperto,

269 1891 298 1943 et
317 1887 346 1942 in
363 1886 499 1941 llusaeum
514 1879 597 1935 card.
610 1876 691 1933 illex.
703 1872 806 1930 Albani

270 1976 420 2048 translato]
435 1988 498 2047 qua
509 1973 574 2030 dies
585 1968 738 2041 respondet
747 1964 806 2022 diei

270 2068 288 2124 9
311 2069 391 2125 Juuii
416 2065 536 2125 iuliani.
567 2062 651 2119 Victo
672 2056 808 2127 Pompeio

270 2147 472 2204 Alexandriam
498 2142 623 2214 navigat,
640 2137 808 2208 suspicatus

271 2251 336 2293 eum
362 2250 393 2292 se
414 2234 556 2304 recepisse
584 2232 614 2287 in
643 2229 806 2301 AEqyptnm.

271 2327 374 2384 Verum
393 2323 533 2392 hospitem
555 2321 689 2392 llagnum
706 2316 807 2387 pcrlldi

271 2421 397 2473 vectores
422 2413 596 2470 obtruncant
624 2409 718 2480 pridie
745 2408 808 2477 elus

271 2505 384 2564 Natalis
398 2505 426 2560 b.
443 2517 468 2560 e.
486 2502 580 2574 pridie
594 2499 657 2556 Kal.
673 2496 807 2554 Octobris

271 2596 340 2653 anni
353 2591 591 2666 Tarquiniensis:
607 2601 670 2659 quse
681 2586 746 2642 dies
759 2598 808 2642 re-

271 2684 392 2754 spondet
414 2683 484 2740 huic
507 2692 583 2737 anuo
596 2674 633 2735 25
649 2672 807 2745 Quinctilis

271 2771 392 2841 tuliani]
407 2769 534 2827 Velleius
547 2765 599 2822 lib.
619 2778 652 2831 ιι,
670 2776 732 2832 cap.
748 2758 805 2837 53].

272 2861 406 2931 Caputad
415 2873 446 2916 se
457 2858 576 2915 allatum
588 2855 682 2910 Cesar
696 2850 809 2921 excepit

198 2941 200 2949 ⁴
272 2948 417 3018 iacrymis,
431 2951 460 3001 et
479 2946 509 3000 in
529 2942 670 3000 suburbio
684 2941 808 2998 excitato

273 3025 379 3081 sacello
396 3026 547 3079 Nemeseos
563 3022 681 3093 sepeliri
696 3018 808 3076 curauit

275 3101 408 3178 [lippiam
432 3100 577 3157 Plutarch.
604 3101 634 3157 iu
654 3099 723 3155 cres.
746 3097 806 3152 hir.

273 3182 324 3239 lib.
343 3178 423 3256 cx11].
448 3181 542 3236 serius
560 3180 669 3237 creditu
683 3182 727 3235 est
748 3177 809 3232 llo-

275 3286 326 3328 mae
343 3268 470 3340 Pompeii
495 3282 572 3324 mors
595 3272 658 3338 post
676 3267 739 3337 clus
752 3277 808 3321 an-

274 3361 375 3418 nulum
391 3358 520 3416 allatum.
537 3358 608 3416 Tum
624 3368 689 3411 vero
703 3352 807 3411 Caesari

273 3449 371 3508 collati
388 3449 520 3512 honores,
537 3452 565 3502 et
581 3448 706 3514 poteslas
720 3443 809 3499 mani·

274 3553 329 3596 ma.
353 3540 387 3595 Ut
403 3538 453 3608 jus
477 3538 503 3592 ct
526 3535 600 3597 beili,
626 3538 652 3589 et
677 3536 755 3605 pacis
778 3535 808 3587 in

274 3643 364 3682 omnes
374 3629 494 3682 homines
508 3630 586 3688 osset,
602 3628 627 3679 et
641 3625 761 3693 sineque
771 3621 809 3677 ad

270 3716 404 3783 populum
417 3715 450 3767 dr
464 3717 498 3768 iis
513 3714 661 3768 retudisset.
679 3715 712 3768 Ut
722 3714 809 3782 quin-

275 3818 327 3870 que
341 3803 477 3856 continur’s
486 3804 568 3853 annis
579 3802 749 3855 consulatum
758 3815 810 3867 qe-

275 3894 359 3944 ncret.
395 3889 431 3944 th
459 3900 590 3943 ormurou
618 3904 674 3941 non
697 3889 734 3941 od
763 3903 804 3941 se·

274 3983 371 4032 mestre
381 3982 487 4032 tantum
502 3979 621 4046 spu-tium
635 3979 666 4029 ut
675 3976 748 4033 olim.
761 3976 810 4029 sed

274 4071 409 4133 inteprum
428 4067 458 4119 in
480 4080 584 4119 annum
603 4064 746 4118 diceretur,
776 4063 810 4116 Ut

275 4155 458 4209 tribunitiam.
478 4157 638 4223 potestatem
666 4151 704 4205 od
724 4153 810 4205 uitam

275 4242 394 4298 haberet.
411 4242 473 4314 [Dio
489 4241 540 4298 lib.
553 4237 637 4315 ιιιιι.]

310 4330 362 4385 llis
382 4330 506 4399 acceptis
529 4323 688 4386 honoribus
705 4329 807 4395 cesar,

275 4411 493 4482 quamvisextra
506 4409 618 4465 ltaliam
627 4414 698 4467 erat.
711 4410 807 4464 statim

274 4490 447 4546 dictaturam
465 4490 543 4545 iniit.
561 4483 625 4561 [Dio
641 4487 705 4564 ihi]
722 4491 810 4546 Usse-

275 4570 339 4627 rius
359 4569 417 4627 haec
447 4569 571 4626 reterens
597 4569 669 4625 illud
695 4576 810 4641 quoque

275 4650 406 4707 observat
418 4657 588 4720 opportune.
612 4651 726 4705 Utrectc
747 4652 810 4705 hinc

271 4732 460 4802 principatum
477 4731 553 4785 illius
568 4730 697 4800 iosephus
716 4746 810 4785 arces-

273 4812 389 4874 siuertt3
406 4815 460 4864 tres
473 4825 559 4864 annos
567 4824 628 4864 eum
641 4810 755 4865 dimidio
766 4811 810 4866 illi

274 4893 422 4960 assipnans
438 4886 499 4964 [lib.
515 4904 573 4957 ιιιι,
597 4906 622 4947 c.
645 4887 700 4967 47].
718 4892 810 4962 Atque

273 4973 304 5026 t'n
317 4972 410 5042 Syria,
422 4977 454 5027 ut
467 4988 484 5027 a
495 4974 587 5043 prima
602 4972 739 5028 dictatura
754 4974 810 5029 Au·

275 5053 401 5116 tiocheni,
421 5056 490 5107 itaa
511 5053 630 5108 secunda
644 5054 695 5108 hac
716 5054 810 5110 dicta-

275 5134 339 5184 tura
355 5133 498 5187 Laodtceni
512 5137 633 5200 tempora
652 5134 809 5188 cesariana

277 5209 463 5266 dinumerasse
488 5211 646 5264 uideantur.
679 5212 808 5268 Laodice-

276 5303 341 5341 nam
370 5292 441 5343 enim
469 5305 561 5355 aerorn,
589 5291 668 5343 unico
704 5297 809 5348 tantum

275 5382 349 5422 anno
361 5365 532 5423 Antiocheno
543 5370 719 5438 posteriorem
732 5373 809 5439 suis-

275 5463 313 5511 se,
324 5446 458 5502 Eusebius
470 5449 501 5501 in
513 5448 643 5504 chronico
655 5451 693 5504 ad
705 5467 809 5507 annum

275 5527 419 5599 bimperii
435 5527 518 5582 Probi
536 5529 651 5584 indicat.

310 5615 394 5674 Circa
404 5616 488 5674 linem
502 5615 599 5688 itaque
610 5619 678 5676 anni
691 5621 810 5692 Tarqui·

828 659 910 717 Parit.

1256 454 1356 509 Christi
1380 469 1553 508 communem.

1308 568 1372 626 RES
1380 568 1507 626 GESTAE.

1139 677 1302 746 Pontificum
1334 671 1499 738 iudeorum,
1531 682 1678 738 eorumque

1247 743 1568 814 pentiscttlnitimarum.

1175 844 1682 916 Caesarhlexandriaereceptusdum

1147 938 1412 1017 interrumpendis
1420 935 1615 1008 pecuniisslbi
1628 935 1685 992 de-

1146 1032 1219 1090 bitis
1244 1044 1261 1087 a
1290 1027 1441 1085 Ptolemaeo
1472 1023 1574 1081 holere
1602 1030 1685 1095 patre

1148 1123 1225 1194 regis
1246 1120 1339 1193 pueri,
1362 1123 1391 1175 ct
1413 1114 1539 1172 dissidio
1561 1127 1685 1185 compo-

1147 1211 1239 1267 nendo
1276 1211 1351 1266 iuter
1385 1209 1473 1278 hunc,
1499 1212 1527 1263 et
1555 1220 1685 1265 sororem

1145 1302 1323 1372 Cleopatram
1364 1312 1398 1356 ex
1433 1300 1552 1368 paterno
1590 1302 1686 1354 testa-

1148 1395 1242 1447 mento
1256 1389 1291 1444 de
1303 1402 1390 1460 regno
1402 1386 1617 1456 contendentes,
1626 1386 1686 1443 Po-

1147 1474 1687 1535 thinieunuchiconsiliistumultnex·

1147 1569 1246 1637 citato,
1280 1568 1309 1624 in
1337 1564 1508 1624 discrimine
1542 1570 1684 1621 uersatur.

1148 1658 1211 1730 [blo
1237 1656 1288 1713 lib.
1312 1670 1371 1712 ιιιι
1393 1662 1422 1713 et
1446 1655 1520 1711 Plut.
1546 1653 1576 1710 lu
1600 1653 1683 1733 Cas]

1146 1749 1361 1809 controversias
1382 1757 1480 1818 regum
1495 1743 1530 1800 ad
1546 1746 1686 1816 populum

1148 1847 1318 1915 homanum,
1342 1845 1392 1916 qui
1418 1851 1506 1916 tutor,
1536 1851 1566 1905 ct
1585 1849 1621 1905 ad
1643 1863 1683 1921 se,

1149 1936 1199 2008 qui
1215 1932 1316 1992 consul
1329 1937 1413 1993 esset.
1435 1934 1579 2004 pertinere
1591 1937 1686 1995 cesar

1148 2025 1342 2082 existimabat.
1364 2023 1425 2080 Sibi
1452 2024 1544 2096 iqitur
1562 2025 1683 2097 plaeere,

1150 2130 1242 2189 regem
1257 2115 1450 2182 Ptolemaeum,
1465 2116 1586 2188 ejusque
1600 2130 1687 2175 soro-

1150 2220 1207 2262 rem
1223 2206 1399 2278 Cleopatram
1418 2205 1563 2262 exercitus
1580 2206 1688 2263 dimit-

1150 2303 1217 2357 tere.
1232 2310 1305 2367 quos
1321 2296 1467 2364 haberent,
1480 2294 1554 2352 etde
1565 2300 1684 2353 contro·

1148 2385 1253 2442 versiis
1263 2386 1328 2455 lure
1341 2384 1416 2455 apud
1432 2397 1463 2441 se
1477 2385 1585 2457 potius,
1599 2397 1686 2456 quam

1150 2471 1226 2529 inter
1247 2487 1277 2530 se
1296 2473 1386 2529 armis
1408 2472 1580 2542 disceptare.
1604 2468 1686 2547 [cns.

1149 2561 1202 2618 lib.
1219 2561 1276 2639 uu]

1185 2664 1276 2721 llucta
1297 2666 1423 2735 potestas
1442 2661 1565 2719 cesaris
1585 2674 1638 2733 per
1657 2661 1686 2719 S.

1150 2755 1180 2809 P.
1193 2754 1226 2824 0.
1242 2753 1287 2819 lt.,
1305 2753 1383 2809 circa
1398 2751 1481 2808 linem
1499 2750 1569 2807 anni
1581 2748 1688 2808 collata

1151 2841 1208 2899 sibi
1229 2854 1389 2910 nummum,
1404 2839 1573 2910 causisque
1591 2837 1689 2895 hono-

1151 2926 1243 2996 ribus,
1259 2941 1292 2983 ac
1303 2926 1421 2998 turibus
1435 2926 1465 2983 in
1477 2939 1568 2983 annos
1582 2925 1689 2983 subsc-

1151 3020 1272 3086 qucntes
1286 3015 1445 3086 duraturis,
1459 3015 1494 3072 ad
1509 3028 1571 3072 eam
1582 3014 1697 3092 copul<

1151 3102 1617 3173 tionemsecuriussuscipiendam
1628 3115 1690 3174 per·

1153 3193 1250 3261 moult,
1284 3193 1331 3248 sod
1362 3191 1482 3249 insimul
1507 3190 1689 3264 dipytlornm

1151 3280 1293 3336 animosa
1308 3280 1431 3336 Pothino
1441 3279 1573 3336 studiose
1580 3277 1691 3336 sollici·

1152 3373 1227 3425 tatos
1245 3373 1342 3424 contra
1369 3369 1463 3438 ipsum
1488 3366 1630 3438 incendit,
1655 3380 1689 3424 cx

1152 3455 1266 3527 bospite
1290 3457 1416 3527 iudicem
1443 3469 1527 3528 quem
1557 3444 1691 3513 uldere'nt

1152 3559 1270 3603 suorum
1296 3559 1406 3618 regum.
1430 3545 1580 3603 Ptolemae
1598 3544 1688 3612 enim,

1152 3640 1179 3689 et
1193 3634 1347 3705 cleopatrae
1370 3647 1487 3706 mgnum
1509 3632 1623 3705 AEqypti
1642 3635 1690 3688 at-

1153 3722 1268 3794 tribuit,
1290 3724 1450 3794 horumque
1465 3721 1611 3794 germanis
1626 3718 1690 3777 tran

1153 3811 1248 3869 trihus
1263 3818 1333 3869 natu
1355 3810 1519 3868 minoribus
1537 3808 1690 3867 Ptolemaeo

1150 3901 1273 3972 juniori,
1289 3909 1317 3957 et
1329 3900 1459 3957 Arsinoae
1469 3899 1594 3971 Cyprum
1604 3896 1692 3970 tarpi-

1154 3999 1200 4047 tus
1223 3997 1274 4047 est.
1305 3985 1383 4063 [Cas.
1409 3988 1472 4055 ihi,
1495 3988 1598 4046 Liuius
1626 3982 1689 4058 us,

1152 4079 1226 4136 Plut.
1244 4081 1274 4135 iu
1289 4077 1374 4154 Cas]

1187 4172 1228 4228 En
1256 4172 1358 4229 iterato
1383 4171 1474 4244 igitur
1499 4168 1631 4226 tumultu
1659 4167 1689 4224 ln

1152 4247 1692 4323 apertumhcllnmdmuctlsdtgyptils

1152 4338 1180 4388 et
1196 4334 1340 4401 llomanis,
1363 4332 1478 4387 incensa
1492 4333 1537 4385 est
1555 4328 1588 4385 in
1605 4332 1690 4399 portu

1153 4428 1217 4470 cum
1232 4413 1354 4470 naribus
1372 4411 1494 4468 celebris
1508 4409 1562 4466 illa
1576 4409 1691 4467 biblio-

1154 4493 1234 4550 theca
1250 4493 1326 4562 repis
1338 4489 1519 4560 Philadelphi
1534 4486 1589 4546 lou
1605 4489 1691 4547 libro·

1154 4587 1217 4629 rum
1239 4571 1370 4627 millibus
1394 4571 1547 4626 instructu.
1573 4565 1691 4643 [senem

1153 4653 1204 4710 lib.
1223 4653 1259 4709 de
1284 4650 1445 4723 tranquill.
1470 4649 1562 4706 animi
1582 4663 1637 4722 cap
1653 4648 1688 4717 9;

1152 4737 1233 4792 Oros.
1257 4734 1273 4789 l.
1293 4747 1334 4802 ιι,
1349 4748 1374 4789 c.
1399 4729 1452 4801 ⁴53
1468 4730 1646 4788 Plutarchus
1659 4730 1690 4787 iu

1151 4818 1220 4873 Caes.
1234 4821 1260 4872 et
1273 4815 1326 4871 Dio
1341 4812 1393 4871 lib.
1407 4807 1491 4886 ιιιι]
1503 4809 1609 4874 Caesar,
1623 4809 1690 4867 licet

1153 4911 1208 4955 non
1218 4896 1309 4954 multo
1319 4907 1437 4952 suorum
1452 4890 1580 4947 militum
1592 4904 1691 4948 numo

1153 4992 1194 5047 ro,
1222 4979 1256 5034 ad
1284 4978 1337 5033 hoc
1362 4972 1492 5046 pralium
1518 4969 1688 5042 perductus,

1152 5058 1227 5128 quod
1241 5055 1298 5112 sibi
1313 5060 1480 5112 eventurum
1496 5064 1554 5107 uon
1568 5058 1691 5122 reputa-

1152 5142 1239 5205 verat,
1250 5142 1373 5191 attamen
1385 5129 1690 5203 opportunlsanxlllls

1153 5215 1363 5281 loederatorum,
1380 5221 1408 5270 et
1430 5212 1592 5269 amicorum
1608 5212 1638 5266 P.
1655 5212 1688 5268 lt.

1152 5309 1211 5352 rem
1244 5311 1377 5367 prospere
1401 5296 1501 5369 gessit.
1534 5294 1690 5351 strenuam

1153 5376 1198 5431 illi
1220 5390 1333 5446 operam
1356 5380 1498 5432 natarunt
1520 5374 1691 5429 tudertum

1151 5458 1348 5525 Alexandrini,
1359 5463 1416 5512 tum
1426 5456 1577 5515 Palaestini,
1591 5469 1689 5518 setosa,

1151 5542 1177 5592 et
1204 5539 1364 5591 auctoritate
1392 5539 1516 5607 Hyrcani
1535 5538 1690 5607 pontificis,

1151 5616 1348 5676 ethristobuli
1366 5614 1433 5691 [los.
1445 5616 1496 5672 lib.
1510 5630 1607 5687 xru,c.
1625 5611 1688 5691 tlJ:

1707 516 1733 644 h
