3892 6136
178 233 246 296 titt
794 231 976 292 missiset
994 229 1269 292 immerentium
1819 233 1881 295 titi

178 358 872 490 ttftallrilcitlltti'lttttlttit‘n
886 359 1006 488 abac
1019 359 1555 492 *tit¹llnltbaailnlltc
1568 362 1882 495 'inaremitti

183 504 294 560 renasci
318 503 505 587 cupientibus
526 445 724 587 perssrorima
746 501 817 559 testa
841 503 1005 586 paschalia3
1060 503 1080 560 S
1110 447 1232 560 vitruvii.
1247 505 1348 588 statim
1365 519 1431 562 vcro
1444 519 1478 563 ac
1495 506 1541 563 loc
1563 505 1723 591 celebritas
1740 451 1886 578 paulatin

180 574 286 632 deinde
302 575 421 641 subdrt;
436 574 537 631 «Tunc
556 573 688 629 Liberius
700 574 788 643 cieplt
808 575 1005 631 constantium
1061 574 1176 632 dentlor
1190 577 1316 632 ethnicis
1328 574 1402 633 iacta
1421 585 1465 634 est
1479 577 1536 634 sub
1550 578 1713 635 Antoninis
1729 584 1830 635 contra
1844 594 1886 637 nos

203 644 521 719 abiiceredarguere..,
535 645 1010 714 UndeConstantlus‚vehementer
1063 646 1165 702 mitius
1184 647 1346 730 agentibus,
1363 648 1453 704 evasit
1472 650 1532 719 jam
1553 649 1646 706 ulmis
1670 648 1791 722 vulgata
1811 656 1888 736 ιιιιι

183 660 288 785 iratus,
305 718 381 774 hunc
398 723 477 774 extra
492 716 637 773 civitatem
661 718 744 787 quasi
761 719 790 773 in
803 717 939 773 exsilium
955 717 1009 772 de·
1062 719 1191 786 exposita
1208 731 1238 773 ιι
1255 719 1386 788 proxima
1399 721 1601 791 persecutione
1614 719 1673 776 sub
1685 720 1793 778 Severo
1814 736 1889 793 priu-

73 856 76 863 ,
185 789 293 918 portari
309 791 461 860 praecepit:
478 795 507 844 et
522 787 663 845 habitavit
676 794 756 845 extra
767 789 907 845 milliario
924 787 1009 844 tertio
1062 787 1135 860 cipe.
1160 787 1254 856 Quare
1276 790 1453 874 zephyrinus
1473 797 1501 848 et
1515 791 1660 848 Callistus
1678 792 1716 848 ad
1736 793 1813 849 riam
1837 795 1891 864 ip-

230 859 799 930 ecemeterloquoddiciturNoaelluvia
819 858 1008 929 Salaria,ete.
1065 859 1151 930 piam,
1190 859 1358 931 triumphali
1392 861 1451 919 iere
1478 876 1514 919 ex
1553 863 1705 920 diametro
1737 865 1891 934 oppositam

184 931 288 989 Eodem
316 939 442 1002 tempore
466 932 716 1002 appropinquante
746 931 927 988 solemnitate
955 944 1009 1000 pa·
1063 929 1105 1003 (ιι
1127 944 1184 1001 qua
1197 929 1365 989 Vaticanum
1378 935 1572 991 cumeterium
1589 932 1736 1006 occurrit)
1751 948 1824 992 nora
1840 949 1892 993 ere·

185 1003 288 1072 acheli,
307 1016 363 1073 qua
383 1003 412 1058 in
437 1002 552 1058 Christo
578 1002 689 1058 renasci
707 1015 806 1060 omnes
827 1001 1008 1073 exoptabant,
1064 1003 1182 1058 materia
1205 1003 1292 1060 simul
1317 1011 1346 1060 et
1369 1005 1493 1062 eoncilia
1515 1012 1682 1076 martyrum
1705 1012 1893 1077 aperuerunt:

185 1072 1010 1144 convocavittiberiusUrbisepiseopusuniversoscatho
1065 1072 1115 1129 ubl
1145 1086 1265 1143 synaxes
1287 1082 1407 1147 egerunt
1429 1083 1457 1133 et
1480 1076 1628 1147 baptisma
1654 1076 1789 1134 subinde
1806 1078 1893 1134 adui-

185 1144 258 1202 licos
273 1144 485 1202 ecclesiasticos
504 1145 620 1217 gradus,
632 1144 791 1216 sedensque
807 1144 1009 1203 incoemeterio
1065 1144 1229 1200 nistrarunt
1261 1145 1402 1217 Urbanus,
1435 1148 1606 1220 Pontianus,
1637 1147 1808 1218 Cornelius,
1837 1151 1893 1206 Ste-

186 1217 351 1287 supradieto
370 1217 413 1274 sic
426 1216 504 1287 loqui
521 1231 606 1274 orsus
618 1221 678 1272 est:
699 1219 760 1272 lites
775 1218 970 1282 tribulationis,
985 1219 1011 1270 ct
1066 1216 1189 1287 phanus.
1217 1218 1350 1343 ieffiimus
1373 1219 1458 1275 etiam
1483 1233 1572 1291 supra
1596 1233 1686 1277 uum.
1705 1217 1745 1277 22
1769 1235 1821 1292 per
1844 1221 1894 1278 bae

185 1291 329 1356 encratia,
353 1291 455 1356 tratres
478 1288 639 1354 charusirni,
656 1294 837 1344 emerserunt:
860 1290 890 1343 in
912 1289 1011 1358 quibus
1065 1292 1193 1358 tempora
1216 1289 1245 1344 in
1281 1301 1315 1344 oc
1328 1291 1520 1347 caemeterium
1557 1290 1655 1348 artata
1670 1290 1768 1349 luisse
1786 1306 1893 1364 corpora

186 1362 265 1414 nauis
284 1361 358 1415 Petri
371 1362 458 1414 oeulis
471 1359 677 1427 intereuntibus
688 1361 861 1430 perturbata,
879 1363 1012 1429 tanquam
1065 1357 1110 1416 SS.
1127 1358 1322 1442 apostolurum
1336 1362 1409 1417 Petri
1431 1368 1459 1418 et
1476 1305 1578 1419 Pauli:
1596 1364 1683 1434 quod
1698 1364 1895 1434 interpretatus

187 1429 639 1498 Christodcrrnientenaurrapium
645 1433 820 1500 pertimescit,
833 1438 885 1487 ete.
900 1432 1011 1488 Necesse
1065 1443 1131 1486 sum
1147 1430 1257 1488 idcireo
1282 1433 1451 1501 praestitum,
1477 1438 1510 1489 ut
1533 1433 1570 1489 de
1594 1447 1682 1491 more
1706 1435 1895 1492 ordinationes

185 1501 278 1573 itaque
292 1509 332 1558 est
344 1507 376 1557 ut
385 1503 530 1557 Dominum
543 1502 706 1557 clamoribus
720 1505 874 1570 excitemus,
888 1507 941 1559 etc.
955 1504 1012 1570 Epa
1067 1500 1243 1558 haberentur
1257 1502 1305 1559 ubi
1331 1517 1436 1574 corpus
1448 1503 1659 1562 asservabatur
1672 1506 1822 1578 Principis
1835 1521 1894 1577 apo-

185 1574 304 1643 t'nterim,
320 1577 424 1643 batres
440 1574 579 1628 uobiscum
597 1589 654 1629 esse
671 1589 773 1645 nequeo
789 1576 939 1645 prasentia
952 1588 1012 1628 car·
1066 1573 1217 1629 stolorum.
1230 1573 1374 1632 Fabianus
1393 1581 1487 1633 autem
1502 1589 1569 1632 eum
1588 1578 1702 1632 multas
1712 1579 1839 1646 tabneas
1855 1595 1896 1650 per

184 1646 296 1716 parulis
311 1646 417 1701 bebetis
432 1650 523 1700 auten
542 1646 677 1700 uicarium
691 1647 817 1712 matrem,
846 1652 871 1701 et
892 1660 1011 1715 compre-
1066 1648 1215 1700 carneuna
1231 1647 1291 1715 fieri
1311 1652 1439 1714 curasset,
1462 1651 1495 1704 nt
1509 1647 1540 1704 in
1557 1653 1626 1718 ejus
1642 1661 1772 1706 numero
1790 1649 1896 1706 affirmat

186 1717 324 1785 tbytuun
343 1721 498 1784 Dammana
523 1719 622 1784 airum,
648 1719 742 1788 utique
761 1717 958 1787 fidelissimum,
987 1718 1050 1793 etp
1066 1715 1319 1787 bibliothecarius,
1327 1718 1546 1776 catacumbaset
1555 1718 1693 1777 concilia
1705 1726 1860 1792 martyrum
1871 1723 1894 1777 in

186 1791 290 1844 cunctis
299 1789 448 1844 uirtutibus
460 1789 626 1842 adamatum
638 1790 717 1858 cujus
724 1789 901 1860 prudentiam
910 1794 936 1844 ct
944 1803 1013 1844 con·
1066 1789 1228 1845 coemeterio
1239 1789 1352 1846 callisti
1369 1789 1482 1847 ridetur
1494 1790 1625 1847 nimiunn
1643 1797 1715 1848 noia
1729 1793 1892 1850 reddidisse.

187 1863 319 1917 stantiam
328 1860 511 1931 mibipubiiee
521 1860 679 1931 praedicatis
689 1878 698 1928 ;
709 1864 852 1986 eufrasio
860 1863 1013 1932 postDeum
1067 1858 1247 1916 Percrebrult
1262 1861 1300 1916 ita
1311 1860 1365 1916 sub
1374 1861 1506 1918 Cornelio
1518 1875 1553 1917 ae
1568 1861 1727 1933 Stephano
1739 1866 1805 1934 atus
1818 1864 1896 1935 prori-

186 1933 336 1988 iniunctis
355 1933 408 1987 ciis
426 1933 524 1987 vestiis
543 1933 670 1986 utamini.
691 1936 730 1988 lie
759 1935 903 2002 aptisrnate
923 1938 1013 1987 autent
1068 1930 1124 1987 mis
1138 1931 1356 1988 suecessoribus
1376 1933 1479 1989 notitia
1492 1934 1661 1991 emmeterii
1674 1935 1796 1992 callisti
1810 1937 1842 1993 ad
1856 1949 1895 1992 ea·

207 2004 258 2059 uid
277 2006 313 2060 sit
324 2003 461 2072 mendum
475 2003 623 2070 decernite
642 2008 667 2059 et
685 2020 737 2075 quo
759 2006 788 2058 in
802 2004 857 2060 loco
870 2005 1013 2060 celebran-
1068 2002 1226 2072 taeumbas,
1246 2008 1278 2060 ut
1295 2003 1457 2075 Stephanus
1478 2004 1542 2075 ipse
1558 2004 1700 2076 pontifex
1715 2007 1896 2078 deprebensae

187 2020 253 2131 garn
274 2082 314 2131 est
331 2076 489 2146 prmiduQ
530 2077 640 2130 uoniam
654 2075 794 2131 Parabatis
809 2078 894 2132 instat
913 2077 1015 2132 salen-
1068 2074 1108 2131 sit
1122 2086 1139 2129 a
1151 2073 1328 2130 satellitibus
1354 2080 1569 2146 persecutorum
1584 2077 1741 2135 solemnia
1760 2081 1897 2150 mysterio-

187 2149 272 2213 nitas,
289 2149 319 2202 in
340 2163 396 2218 pua
412 2148 495 2202 inulti
546 2148 648 2218 ptiaari
669 2147 832 2203 desiderant.
856 2147 1015 2219 Respondit
1069 2144 1252 2203 rumibideru
1266 2148 1898 2220 peragens,eiquecaputamputatumtuerit

187 2219 344 2290 Dionysius
360 2218 516 2290 presbyter,
533 2225 561 2276 et
579 2218 637 2274 ait:
661 2219 765 2274 Prasul
786 2225 879 2275 sancte
892 2224 917 2275 el
930 2222 1015 2274 inno-
1070 2217 1101 2275 ln
1117 2229 1168 2273 sua
1183 2217 1249 2273 sede
1263 2218 1365 2274 iisdem
1381 2219 1410 2273 in
1424 2219 1535 2290 cryptis
1550 2221 1737 2278 constituta.
1751 2222 1835 2279 Nora
1852 2223 1898 2292 igi-

189 2305 259 2358 cens,
287 2294 385 2361 ιοιιιιιε
408 2291 525 2345 chusam
546 2290 577 2344 in
598 2292 705 2345 nomine
723 2292 893 2361 illiusquam
930 2291 1016 2345 ablica
1071 2295 1119 2345 tur
1134 2288 1259 2353 latebra,
1276 2302 1309 2345 ac
1324 2290 1432 2346 tutiora
1450 2288 1584 2361 perlaeta
1611 2293 1778 2363 quaerenda
1800 2292 1897 2351 luerunt

187 2362 333 2435 predicat,
349 2366 374 2417 cl
388 2362 583 2417 &ababtibus
597 2360 632 2416 ba
652 2364 770 2417 tismum.
787 2307 944 2434 uesponifit
958 2364 1017 2418 Da·
1070 2360 1206 2431 Stephani
1220 2361 1436 2417 suecessoribus
1448 2361 1502 2417 suh
1518 2363 1612 2420 Decio
1623 2370 1655 2421 el
1664 2363 1833 2422 valeriano.
1843 2366 1898 2421 iun

190 2447 287 2491 masus
306 2434 434 2491 vicarius
455 2439 484 2489 et
506 2433 600 2489 dixit:
623 2379 695 2489 Karta·
713 2449 769 2490 esse
778 2448 933 2506 possumus,
950 2435 1017 2505 quia
1071 2445 1138 2488 vero
1151 2432 1243 2488 Tusco
1262 2437 1291 2488 et
1304 2433 1389 2489 Basso
1408 2432 1584 2490 oonsulibus
1614 2434 1673 2492 hoc
1688 2441 1736 2493 est
1764 2438 1828 2508 ipso
1840 2449 1898 2492 anm

188 2522 243 2562 nau
259 2506 394 2575 relinquet
407 2507 539 2560 Dominus
554 2505 659 2575 plebem
673 2521 760 2575 suam,
782 2522 844 2561 cum
862 2522 917 2576 qua
932 2520 1017 2576 usquc
1072 2503 1203 2574 martyrii
1222 2503 1393 2574 astepbano
1410 2504 1439 2560 in
1463 2505 1653 2562 catacumbis
1675 2505 1898 2566 lortitertolcrati

189 2577 227 2634 ad
236 2581 315 2648 inem
325 2577 641 2647 mundiparntausurum
655 2592 683 2632 se
697 2579 896 2647 essepromisit.
911 2578 1017 2633 tiabibe
1072 2574 1196 2647 legimus
1211 2588 1329 2645 corpora
1342 2575 1388 2631 ss.
1406 2576 1611 2646 apostolorum
1642 2579 1739 2635 relata
1753 2580 1790 2636 ad
1814 2579 1899 2644 pristi-

189 2649 268 2704 nobis
284 2648 453 2716 adpraesens
467 2648 602 2702 celebrare
619 2649 733 2703 Paseba.
750 2651 806 2717 epa
819 2651 850 2702 in
864 2649 1017 2704 bumilitate
1073 2660 1124 2703 nas
1136 2645 1227 2714 sedes,
1242 2647 1316 2703 Petri
1344 2646 1459 2718 quidem
1476 2648 1506 2703 in
1531 2647 1732 2719 Vaticanum,
1755 2650 1836 2709 Pauli
1850 2664 1898 2707 raro

192 2720 304 2788 Duum:
317 2733 385 2773 anus
399 2720 471 2772 caim
486 2719 560 2787 quad
578 2733 661 2787 super
681 2723 705 2774 te
721 2719 841 2788 bajulas,
861 2735 910 2775 nos
930 2721 1018 2775 suble·
1070 2717 1190 2774 adriam
1205 2715 1374 2774 Ostiensem.
1387 2718 1452 2775 nlla
1465 2723 1773 2791 qunqueeoemeteria
1787 2723 1897 2794 adapmtt

191 2805 256 2847 nare
270 2803 485 2859 nonpossumus,
509 2791 576 2858 quia
588 2791 699 2856 teneras
713 2790 762 2843 ubi
776 2791 903 2860 baptizes.
917 2792 1016 2847 Nonne
1070 2789 1107 2845 ab
1122 2788 1168 2845 his
1183 2790 1345 2845 remotiora.
1362 2791 1431 2845 Nam
1452 2789 1562 2862 legitur
1578 2793 1725 2863 sepultus
1751 2796 1897 2851 taumatia

191 2865 309 2918 ioannes
332 2863 362 2915 in
381 2859 485 2915 deserto
502 2860 676 2930 baptizabat?
689 2861 785 2916 Patres
805 2877 911 2931 quoque
928 2863 1017 2916 nostri
1072 2860 1111 2916 im
1125 2861 1288 2917 caemeterio
1300 2860 1426 2930 Cyriaeae
1438 2862 1468 2917 in
1489 2874 1562 2934 agro
1590 2864 1733 2937 Verane(
1803 2879 1894 2922 annu.

190 2931 1017 3057 intypobaptismipermediummaretransierunt:namet
1070 2929 1125 3002 25).
1145 2931 1225 2987 Felix
1245 2931 1586 2991 viabnreliamilliario
1599 2933 1631 3002 D,
1655 2936 1711 2993 ubi
1728 2943 1758 2994 et
1807 2938 1895 2994 silicae

191 3008 222 3061 in
234 3007 341 3074 flumini
361 3018 393 3058 us
403 3007 428 3058 et
446 3007 477 3057 in
488 3003 649 3073 paludibus,
665 3008 784 3059 mamma
797 3007 917 3069 tristante
931 3018 1016 3060 neces·
1071 3001 1174 3060 iecisse
1185 3002 1311 3060 traditur
1322 3003 1413 3075 (num.
1427 3002 1472 3075 98)
1481 3007 1663 3076 temporibus
1672 3012 1737 3064 suis
1746 3026 1799 3080 per
1814 3010 1896 3065 diuers

192 3080 281 3144 tuate,
315 3076 437 3131 conuenit
472 3075 619 3145 baptizare.
655 3075 736 3131 Hune
765 3089 922 3132 sermonem
950 3068 1130 3134 cumClcca
1154 3072 1208 3130 ala
1229 3080 1365 3144 mamyres
1391 3091 1553 3131 munusue
1589 3093 1605 3133 s
1642 3080 1749 3137 elicit:
1784 3081 1831 3138 ubl
1856 3093 1894 3135 nar

231 3145 1017 3220 udinsuscapithlberiusepiscopus,itautprae-gaudio
1071 3145 1200 3202 abundat
1217 3151 1401 3202 connotatum
1427 3146 1500 3204 lllud
1524 3163 1579 3217 per
1628 3153 1724 3207 ’uma
1746 3153 1814 3223 bea,
1837 3166 1895 3223 pua·

214 3224 285 3276 eret.
312 3219 441 3275 Audiens
462 3225 555 3273 autem
575 3231 624 3287 per
645 3231 677 3274 os
690 3218 764 3274 beati
784 3220 910 3289 Daiarasi,
933 3232 1016 3291 quem
1072 3216 1329 3273 rentibusseilieet
1342 3217 1456 3275 diversa
1467 3222 1691 3278 coemeteriaac
1708 3223 1894 3297 perfugisse

192 3291 332 3347 vicarium
348 3288 566 3360 ipsedeligerat,
580 3288 711 3344 diuinum
724 3290 891 3361 eonsilium,
904 3304 1018 3348 conver·
1073 3289 1128 3345 etis
1141 3287 1327 3359 pontilleibus
1343 3288 1372 3345 in
1386 3290 1556 3346 «continuata
1575 3291 1632 3348 illa
1645 3295 1731 3352 serie
1747 3296 1892 3367 persecutio

192 3377 243 3420 sus
258 3363 292 3420 ad
307 3375 371 3418 eum
385 3361 480 3418 dixit:
496 3361 560 3417 Eris
573 3360 662 3428 rnojor
675 3362 872 3430 ministrorum,
885 3365 955 3418 sicut
971 3363 1019 3417 tlte
1074 3374 1153 3429 num,
1177 3369 1239 3432 quae
1264 3360 1351 3417 nimis
1374 3362 1523 3486 expositos
1544 3365 1740 3433 reperissent
1762 3366 1856 3428 tidelis,
1877 3364 1893 3420 ιι

212 3435 241 3489 ui
261 3434 425 3504 baptismum
444 3433 573 3486 instituit.
596 3433 630 3487 Et
643 3431 678 3487 ad
698 3432 806 3489 clerum
821 3433 858 3490 de
883 3434 935 3491 illo
955 3435 1016 3491 ait:
1073 3431 1394 3488 notioratantummodo
1423 3438 1663 3503 requentassent.
1677 3438 1896 3495 Decumanislar

192 3451 246 3572 itui
264 3509 401 3560 estocster
422 3505 512 3558 minor
533 3502 623 3573 maior
650 3507 709 3574 tat,
733 3510 759 3559 et
780 3509 829 3575 qui
841 3521 869 3561 se
892 3506 1020 3561 humiliat
1073 3504 1137 3561 dem
1160 3502 1298 3560 fluetibus
1323 3503 1481 3573 proeellaea
1503 3504 1701 3565 Diocletiano
1716 3511 1841 3566 excitate
1858 3510 1896 3564 Ue-

194 3577 372 3632 ecaltabitur.
391 3574 461 3631 Cum
482 3575 557 3630 enim
581 3580 656 3631 esset
685 3575 812 3644 pontitex
840 3577 1021 3647 prophetavit
1074 3574 1192 3632 alesiam
1217 3574 1420 3631 invadentibus
1441 3588 1545 3631 novum
1566 3585 1694 3647 portum
1717 3593 1754 3637 ac
1774 3583 1896 3638 statiores

195 3648 271 3720 quod
295 3648 394 3703 beatam
412 3648 551 3702 Damasus
567 3647 782 3716 praeeminentia
796 3648 974 3704 humilitatis
994 3653 1021 3704 et
1075 3660 1109 3703 ex
1123 3645 1211 3701 veteri
1225 3645 1388 3717 designare
1403 3652 1608 3716 opportunum
1630 3649 1694 3707 tuit
1711 3652 1743 3707 in
1766 3651 1896 3710 ιιιιιιιιιιι

195 3719 354 3792 vigilantia
370 3718 404 3774 ad
419 3717 532 3774 eulmen
548 3718 626 3773 sedis
645 3718 810 3788 apostolieae
830 3726 905 3777 esset
926 3733 1021 3792 quau·
1077 3716 1217 3774 Priscilla
1228 3717 1274 3772 vla
1289 3716 1418 3786 Salaria3
1435 3718 1511 3788 quod
1527 3717 1620 3792 longe
1634 3723 1782 3780 dissitum
1794 3723 1827 3780 ab
1843 3730 1897 3778 ulra

195 3792 290 3862 doque
307 3790 536 3860 provehendus.»
550 3790 599 3845 liis
619 3789 707 3846 dietis
725 3791 892 3848 decernitur
906 3794 935 3848 in
952 3805 1021 3862 pro·
1098 3803 1133 3845 ue
1161 3789 1267 3845 notiori
1290 3788 1436 3859 (Vaticano
1460 3789 1581 3847 scilieet
1603 3793 1654 3850 via
1679 3794 1897 3867 Triumphalia

195 3863 276 3918 xima
298 3861 460 3918 eoemeterio
489 3860 634 3929 Ostriano,
663 3860 712 3917 ubi
739 3861 841 3920 Petrus
874 3863 1022 3934 apostolus
1076 3805 1188 3916 galliani
1205 3873 1238 3915 ae
1254 3860 1394 3929 proximis
1408 3860 1455 3915 via
1469 3861 1605 3933 Appia)a
1622 3864 1897 3922 Mareeliiuoetdu·

197 3933 399 4003 baptizaverat,
421 3944 485 3987 esse
507 3933 768 3989 administrandum
793 3933 967 4004 baptismum
993 3935 1023 3990 in
1079 3930 1558 4014 cellodeligebaturadconreutus
1570 3934 1713 3992 bdelium
1723 3938 1898 4005 securiusprr

198 4006 334 4061 Pasehute
344 4003 401 4072 jam
418 4010 586 4072 appetente:
602 4004 652 4061 ubi
666 4011 791 4075 quatuor
804 4006 897 4063 millia
913 4006 1025 4077 promi·
1080 4003 1214 4076 agendos,
1239 4009 1267 4058 et
1289 4002 1520 4059 administranda
1540 4003 1718 4071 Paschalla,
1730 4014 1896 4066 aeramenta:

199 4077 273 4157 seui·
287 4088 375 4131 selus
389 4074 528 4131 dicuntur
544 4075 682 4132 salutaris
697 4076 802 4133 lavacri
825 4079 947 4150 gratiam
972 4093 1026 4133 su·
1083 4076 1220 4158 suadente
1232 4075 1316 4129 etiam
1328 4072 1615 4159 vicinia'cryptarum
1627 4077 1898 4164 ostriauiuoninrp

197 4158 459 4272 foeti'assffinenoun
473 4214 544 4270 duxi
557 4229 621 4272 eum
635 4216 776 4288 hringhio
794 4219 936 4291 integrum
951 4220 1028 4276 hunc
1083 4144 1786 4299 ξιιιὲιιὸιιιιιιῑᾞὲῗβιιι]ξιῇέινιιιιιέιιιιιθιιῃιιδιιῗιοῑιξιξεθὲ[ιιι
1797 4150 1899 4292 ἓξὲξ·

201 4288 296 4345 locum
312 4293 455 4357 gestorum
479 4285 533 4340 sub
555 4286 678 4355 tiberio,
701 4295 732 4343 ut
747 4289 829 4358 plura
856 4290 1028 4360 comproba-
1084 4289 1154 4346 teris
1168 4296 1329 4359 opportuna
1350 4296 1480 4356 yrraesetlll
1497 4288 1641 4346 ecclesiae
1658 4295 1754 4350 statui
1773 4295 1847 4350 sedes
1863 4290 1898 4346 illa

201 4371 408 4430 remanorum
427 4355 565 4412 nonnulla
586 4364 614 4413 et
636 4360 696 4428 ipse
718 4359 875 4416 adnotavit.
901 4363 1028 4418 Primum
1081 4361 1263 4431 judicaretur
1280 4376 1285 4411 :
1302 4373 1364 4429 qua
1379 4365 1437 4414 tota
1450 4357 1535 4415 Urbis
1550 4361 1707 4422 diametro
1719 4371 1748 4421 et
1766 4364 1898 4421 suburbia

201 4431 274 4489 illud
290 4431 430 4495 observat,
448 4429 642 4485 eoemeterium
663 4429 795 4501 Novella,
812 4432 976 4490 adientium
993 4433 1029 4490 ab
1086 4447 1148 4488 rum
1168 4444 1185 4486 a
1206 4432 1314 4502 cryptis
1326 4429 1438 4484 Callisti
1464 4431 1687 4505 removebatur,
1703 4434 1897 4508 pariquetemc

200 4503 275 4560 Urbe
294 4501 415 4572 lapidem
442 4500 488 4554 vla
511 4499 620 4557 salaria
644 4515 806 4571 occurrens,
832 4517 894 4560 esse
921 4511 1028 4575 partem
1043 4487 1069 4549 l)
1086 4501 1361 4561 intervalloethuvii
1371 4507 1400 4584 et
1409 4499 1722 4630 ιιιιιιιιιιιιιὲιοιιοιιι
1734 4505 1897 4564 dirimebatur

200 4574 356 4632 emmeterii
369 4571 517 4636 Priscilla,
535 4572 609 4643 quod
631 4574 754 4642 positum
768 4575 864 4630 eadem
881 4576 927 4631 via
940 4577 1030 4632 distat
1084 4574 1269 4641 allatieanis,
1285 4580 1313 4628 et
1327 4572 1483 4628 Peirxrestr
1506 4584 1535 4628 xa
1548 4587 1580 4630 ιιι
1606 4576 1759 4634 rlominus
1773 4577 1894 4635 retinebit

202 4647 264 4717 pari
280 4643 429 4700 intervallo
442 4642 478 4697 ab
492 4643 576 4698 Urbis
597 4646 741 4713 pomario.
758 4646 885 4703 Alterum
897 4654 949 4717 est,
967 4661 1030 4703 eon·
1118 4647 1183 4702 liae
1198 4644 1290 4715 igitur
1310 4655 1395 4699 eausa
1411 4587 1565 4711 rapuisse
1584 4646 1712 4705 videtur
1726 4650 1894 4706 masuilium

201 4716 329 4774 suevisse
342 4717 481 4770 homanos
495 4715 644 4784 pontifices
657 4723 782 4786 tempore
798 4721 1028 4787 persecutionum
1083 4722 1112 4774 et
1133 4716 1307 4779 marcellum,
1330 4720 1363 4772 ut
1383 4713 1549 4785 preferrent
1573 4716 1748 4776 indicatum
1771 4719 1894 4778 locunrir

201 4802 262 4846 sese
279 4789 476 4857 reciperecum
494 4785 572 4854 plebe
584 4784 710 4843 bdelium
725 4789 754 4844 in
770 4796 883 4859 cryptas
896 4797 1030 4847 coemete-
1083 4788 1203 4853 Salaria,
1219 4797 1247 4842 et
1258 4793 1389 4843 auctores
1401 4784 1660 4846 dereutPriseillre
1677 4793 1785 4862 tertiae,
1800 4790 1894 4849 sivein

202 4862 312 4917 riorum
327 4860 361 4914 ad
378 4871 459 4913 saera
474 4857 614 4929 obeunda,
635 4860 789 4929 praesertim
806 4875 871 4917 vero
884 4863 918 4918 ad
931 4876 1030 4918 saera-
1083 4860 1174 4929 vellae,
1184 4858 1218 4915 ad
1231 4858 1351 4914 iuncum
1365 4871 1460 4927 suum,
1474 4860 1652 4916 vetustioris
1664 4863 1810 4920 Priscilla
1818 4873 1891 4920 caue

202 4935 296 4989 menta
312 4929 447 4999 baptismi
463 4935 491 4984 et
504 4930 687 4985 eucharistia
700 4931 899 5001 compluribus
914 4947 1030 5005 erogari·
1085 4931 1158 4989 terio
1184 4931 1356 5000 proximum,
1376 4928 1510 4986 Ecclesia
1534 4928 1725 4992 oliereudum
1746 4937 1784 4993 ad
1805 4934 1893 4991 tutiore

202 5005 249 5061 da.
265 5002 392 5057 Tertium
406 5001 506 5056 addam
520 5001 555 5056 de
571 5001 683 5057 llicarlo
695 5003 779 5071 juxta
792 5005 1028 5060 consuetudinem
1084 5007 1243 5060 conventus
1262 5001 1504 5063 Christianorum,
1527 5006 1700 5072 prasertim
1727 5008 1761 5063 in
1781 5007 1892 5067 Paschae,

202 5074 370 5132 adornaris
385 5072 570 5141 pontificibus
591 5072 691 5141 eleeto,
712 5075 778 5129 dum
798 5077 984 5144 praeviderent
1000 5077 1029 5132 in
1085 5075 1135 5133 ubi
1156 5074 1229 5144 lapsi
1250 5072 1285 5128 ad
1309 5073 1517 5142 peonitentiam,
1533 5074 1680 5146 neophyti
1699 5079 1737 5136 ad
1754 5078 1893 5150 baptisma

202 5147 294 5205 sacris
309 5145 465 5215 prasertim
478 5143 664 5200 Paschalibus
674 5158 735 5200 sese
749 5153 901 5214 presentes
912 5148 1031 5204 minime
1085 5153 1165 5203 erant
1175 5145 1356 5200 admittendi.

202 5218 368 5275 reddituros
390 5215 477 5271 coetui
493 5215 632 5283 lldelium,
655 5216 698 5271 vel
714 5217 742 5271 ln
764 5217 899 5273 exsilium
918 5227 996 5274 actos
1014 5233 1031 5276 a
1122 5217 1208 5272 Linea
1220 5213 1247 5285 i,
1271 5214 1341 5271 5.-
1353 5217 1388 5270 ut
1402 5215 1581 5281 rccitccmct.
1597 5218 1648 5272 uia
1668 5218 1789 5276 Salaria
1804 5216 1893 5275 itui

205 5287 447 5361 persecutoribus,
458 5285 1029 5346 velaliunecessitatecoactosabscedere.
1086 5289 1156 5344 iulos
1178 5289 1208 5340 in
1235 5287 1302 5341 urbe
1326 5289 1409 5341 Roma
1436 5289 1578 5341 constituit
1602 5293 1693 5358 quasi
1717 5292 1839 5348 dioeccses
1854 5300 1894 5359 pn

202 5357 620 5430 Quartumdenlqueilludsit,
638 5365 747 5414 uicum
763 5360 918 5416 latebraein
934 5376 1032 5430 perse·
1083 5366 1145 5431 pter
1172 5359 1335 5427 baptismum
1356 5362 1381 5412 et
1400 5359 1589 5425 penitentiam
1606 5363 1768 5419 multorum
1791 5367 1892 5434 quiens

203 5432 484 5490 nationibus,essenl
516 5430 1029 5500 uaerendae,tumadeoncilia,tumuit
1085 5431 1260 5486 vertebantur
1281 5429 1453 5498 eapuponis,
1483 5434 1508 5483 et
1528 5435 1650 5500 propter
1672 5436 1894 5504 sepnuurninar·

203 5516 323 5572 synaxes
344 5509 426 5557 caute
444 5446 639 5565 celsinandas
663 5503 813 5572 quaesitum
831 5503 921 5560 luisse
937 5504 1030 5560 locum
1085 5507 1186 5571 iprum.
1202 5503 1240 5557 Ex
1253 5501 1396 5583 alliciatis
1409 5501 1592 5583 uuprcrcirea
1613 5504 1894 5585 designationum

202 5574 354 5628 couventui
376 5581 474 5643 aptum
499 5573 585 5642 spatii
610 5574 774 5629 extensione
789 5581 816 5630 et
837 5583 1029 5644 opportunum
1087 5574 1196 5629 meterli
1228 5572 1366 5628 Priscillae
1396 5577 1468 5627 salis
1499 5585 1576 5640 perci
1603 5574 1669 5631 itur
1692 5578 1769 5648 quid
1795 5583 1893 5634 ιιιιιιι

205 5648 376 5713 presumpta
400 5645 563 5700 securitate.
590 5645 665 5701 nanc
687 5658 752 5700 vero
774 5659 827 5702 eur
844 5647 1031 5704 llurrellinus
1084 5646 1152 5702 dum
1168 5645 1208 5700 sit
1221 5644 1257 5699 de
1271 5644 1406 5700 restituto
1421 5655 1540 5698 numero
1620 5646 1784 5705 titulorum
1804 5649 1832 5704 in
1848 5646 1894 5701 urbi

204 5714 973 5783 presumeretiuPriscillaeviasalariainconsidero.
1084 5717 1173 5773 homa
1196 5715 1443 5786 perilaroellum,
1465 5714 1543 5771 etde
1563 5719 1788 5780 constitutione
1805 5728 1894 5777 carue
1938 5780 1940 5785 ,

238 5783 311 5840 bule
328 5781 518 5853 zephyrinum
533 5786 663 5847 solebant
682 5789 803 5849 hnmani
824 5790 975 5863 pontidees
997 5792 1029 5850 ut
1082 5788 1147 5846 dem
1172 5790 1207 5846 ad
1234 5787 1387 5860 imaginem
1411 5785 1599 5860 nioemsum3
1629 5790 1712 5863 ned
1743 5788 1892 5853 lumbaria
1937 5844 1940 5849 ,
