3884 6126
112 256 167 316 444

151 444 220 501 Per!

141 532 199 589 tui.
212 538 239 589 44

181 604 218 660 cii

148 619 220 804 44

130 815 177 874 24.
191 813 235 872 45.

504 253 551 310 AD
568 253 788 323 ANASTASIUH
806 255 1068 319 rhoiheolttlttt
1086 258 1178 319 horr.
1197 258 1413 321 44044.·74470.

344 462 388 503 444
405 452 487 518 peste
502 453 529 504 44
539 449 710 507 documenta.

257 760 280 803 C.
297 761 403 804 VIBIVS·
420 761 443 804 C.
459 762 485 805 F·
496 761 523 803 C·
540 763 568 807 il.
581 764 668 809 ritlst

256 832 283 873 V·
301 832 426 876 fltnrius.
440 834 468 875 4.
481 833 510 875 4.

833 454 914 510 Urhit

808 542 923 598 44444444

832 617 896 668 onte

824 793 906 883 444.1

162 890 198 946 d.
293 902 388 981 ενι,4.
404 902 507 946 rrnrrs.
528 903 631 951 444444
652 892 798 965 (0444444-
823 896 861 952 4.
878 895 909 951 Ρ.

365 973 389 1015 4.
410 973 638 1020 maurianen.
730 965 795 1040 444)

292 1065 351 1122 svp
364 1046 390 1094 0.
407 1044 506 1088 Ptolis
523 1047 550 1095 0·
567 1047 582 1089 44

365 1116 390 1159 Ρ.
406 1115 564 1160 ventidius,
577 1118 603 1161 P.
619 1119 635 1162 F

292 1170 379 1242 Lapis
418 1173 587 1234 Colotianus
622 1191 668 1249 ap.
707 1178 792 1235 Grut.

258 1258 309 1317 447.
321 1273 447 1318 oexcrrrr.
528 1274 531 1279 ’

294 1350 356 1407 Kal.
380 1352 529 1410 ianuariis
551 1353 660 1424 Cicero,
679 1352 796 1424 Philip-

259 1438 323 1510 piea
335 1439 447 1511 quinta,
460 1439 618 1498 Antonium
631 1440 708 1499 helio
726 1454 796 1512 per-

259 1528 435 1598 sequendum
451 1529 561 1585 suadet.
581 1529 724 1586 Postridie
736 1530 797 1585 lrn-

259 1615 794 1689 periumextraordinarlum&Caesari

258 1707 414 1763 botariano
425 1706 563 1765 defertur.
576 1705 645 1782 [Clo.
654 1705 729 1762 Phil.
739 1699 793 1779 xe}

259 1797 448 1854 lieooneiliati
459 1797 593 1868 Lepidus,
604 1793 758 1861 Antonius,
768 1797 797 1848 et

258 1888 352 1944 Caesai·
374 1888 590 1942 44444ωυί44444
607 1882 792 1938 4444444444.

259 1961 290 2015 Ρ.
297 1958 325 2015 o.
337 1959 410 2015 dier
422 1957 473 2014 llal
482 1955 601 2013 0444474
612 1951 796 2024 hapiecolot.

261 2051 314 2108 ibi.
327 2056 355 2106 et
369 2049 479 2107 nummi
489 2052 518 2106 et
530 2043 664 2103 historici
676 2041 794 2114 passim.

294 2140 393 2196 Cicero
421 2138 567 2196 occiditur
589 2147 630 2191 444
659 2132 699 2189 id.
724 2128 794 2187 beo.

259 2230 366 2302 dialog.
383 2229 419 2288 de
432 2229 530 2286 444444
543 2239 604 2283 eor.
619 2224 657 2280 el.

821 969 918 1040 etpost

776 1086 780 1091 .
822 1039 906 1110 delii.

838 1108 902 1170 740.

143 2396 224 2457 4074.
290 2396 320 2452 l..
334 2391 506 2452 llunatiusl.
518 2388 568 2446 il.
582 2401 611 2444 rr.
625 2384 750 2441 Plancus
760 2376 798 2433 hl.
838 2366 905 2427 740.

134 2485 180 2547 23.
195 2485 239 2544 46.
257 2483 393 2540 AEmiiius
408 2495 446 2537 m.
469 2479 490 2534 4.
513 2494 540 2550 q.
569 2490 599 2533 n.
615 2471 739 2543 Lepidus
762 2479 793 2535 rr,
837 2454 901 2516 744.

171 2575 202 2633 d.

259 2575 335 2630 blan.
348 2571 423 2627 Anto
433 2568 502 2625 nius
513 2568 546 2622 ll.
558 2561 704 2634 sulpitius
714 2557 798 2614 Cone.

265 2645 400 2701 Lustrum
413 2653 469 2696 non
488 2636 566 2694 feeit.

300 2728 377 2784 Fasti
388 2739 487 2783 marm.
503 2721 645 2779 Colotiarr.
656 2731 701 2788 ap.
714 2713 799 2770 Grut.

264 2815 316 2874 447.
330 2813 393 2872 298.
408 2813 449 2869 hd
467 2811 617 2881 Philippos
630 2802 802 2863 htaeedoniae

264 2903 417 2962 commissa
441 2912 545 2972 pugna.
559 2894 642 2952 Bruti
659 2901 688 2952 et
708 2888 801 2948 Cassii

265 2990 393 3066 regiones
411 3002 474 3056 xxr,
485 3000 551 3043 oum
565 2983 684 3041 totidem
696 2980 733 3035 lt.
748 2979 804 3034 iln-

265 3078 340 3136 tonit
355 3082 384 3134 et
405 3072 536 3142 cesaris,
556 3069 673 3126 cassius
697 3070 802 3122 exutus
903 3138 908 3152 ι

265 3164 371 3222 eastris
383 3176 413 3220 se
423 3158 571 3218 interlieit.
581 3157 688 3212 Brutus
699 3154 802 3209 iterato

266 3253 367 3325 praelio
387 3250 483 3307 rietus
496 3261 528 3304 se
548 3245 656 3316 pariter
671 3240 799 3299 oontlelt.

266 3341 327 3399 Lir.
341 3339 393 3396 lib.
408 3349 494 3394 cxxrr
506 3353 515 3407 ς
529 3335 638 3390 Patere.
653 3329 704 3386 lib.
721 3343 753 3399 ιι,
774 3343 799 3388 4.

265 3427 312 3487 70.
327 3426 435 3485 Plutin
448 3426 545 3481 Bruto.
557 3420 679 3492 Appian.
696 3417 748 3474 lib.
762 3430 799 3474 rr.

265 3504 800 3576 Antoniusinorientalesl'rorineias,

265 3603 360 3660 Caesar
370 3602 401 3658 44
413 3595 610 3657 occidentales
618 3593 803 3666 promiscuu-

267 3697 317 3748 tur
327 3689 444 3761 partitis
456 3684 682 3755 interseoopiis,
694 3681 742 3737 sed
757 3681 802 3737 in·

269 3786 354 3836 terrm
368 3775 512 3832 44444444
522 3773 661 3830 hiemavit
670 3769 799 3827 Athenis.

268 3867 343 3923 Plut.
359 3864 390 3921 in
401 3862 538 3919 Antonio.

150 4056 230 4117 4072.
300 4056 329 4111 h.
352 4049 498 4109 Antonius
516 4045 548 4101 Ρ.
572 4040 713 4102 Seruilius
734 4056 762 4111 p.
778 4040 800 4097 4.
843 4039 908 4102 744.

136 4145 183 4205 24.
203 4142 237 4203 47

190 4237 215 4290 F

265 4142 420 4203 hanricus,
447 4135 533 4207 Lapis
555 4133 645 4191 Colot.

307 4226 451 4287 Antonius
481 4224 518 4280 ab
550 4221 667 4278 Asianis
691 4219 810 4290 premia

271 4318 364 4392 exigit
385 4313 422 4373 28
444 4310 609 4387 legionibus
636 4307 806 4366 victricibus

273 4404 348 4482 [quse
362 4410 430 4462 sunt
444 4414 509 4460 eum
532 4397 655 4457 auxiliis
677 4397 805 4453 virorum

273 4494 325 4554 470
347 4491 451 4571 millia]
467 4505 565 4549 norem
587 4501 728 4546 annorum
748 4487 806 4543 tri-

272 4586 375 4643 butum
398 4583 475 4639 intra
494 4578 657 4649 biennium,
682 4576 804 4646 nppian.

272 4674 315 4730 lib
329 4687 372 4744 444,
383 4685 446 4743 pag.
457 4667 520 4738 073,
528 4668 632 4726 444444
640 4665 702 4723 ahit
715 4665 744 4719 in
753 4662 808 4734 Sy-

274 4765 356 4820 riam.
382 4760 555 4818 Ostarianus
569 4759 673 4832 Cesar,
689 4770 807 4816 eausam

272 4852 308 4909 de
333 4850 413 4923 agris
434 4849 553 4919 eirium,
580 4848 631 4922 qui
667 4851 754 4906 Bruto
779 4853 809 4905 et

272 4939 371 4998 Cassio
385 4936 525 5009 laverant,
546 4938 712 4996 diuidendis
731 4937 807 4994 inter

274 5028 577 5099 militeacaesarianos,
592 5041 657 5084 eum
676 5026 713 5084 ab
735 5028 808 5097 ipsis

275 5116 419 5173 militibus
447 5116 638 5173 dirimendam
667 5119 807 5186 44444444,

273 5202 372 5260 Fulvia
388 5201 504 5258 illorum
518 5201 809 5272 odium,caesargra-

273 5292 344 5350 tiam
358 5291 535 5348 conciliarit.
551 5290 623 5346 ilino
636 5287 741 5345 bellurn
759 5288 809 5343 irr-

274 5392 317 5443 ter
330 5382 467 5439 Caesarem
487 5387 516 5437 et
539 5379 647 5436 Fuirim
672 5377 808 5433 maritum

274 5471 441 5529 44444444.
453 5465 808 5535 hiolib.xrrrrr·,srret.in

274 5562 335 5619 Oet.
356 5576 383 5618 4.
397 5557 442 5618 62.
449 5555 559 5615 Bellum
572 5555 754 5612 Perusinum.

845 4127 909 4188 742.

955 1691 983 1753 Β

1760 265 1817 329 tlt

142 374 222 430 444444·
254 377 444 448 imperotores,
461 375 589 434 Cometes
600 381 796 447 Romanorum,
830 381 909 438 444444·
947 381 978 445 Α
1023 381 1103 441 Anni
1136 387 1298 443 iudeorum
1311 391 1338 444 44
1358 364 1539 457 perrenorum
1549 393 1671 463 populo-
1707 392 1789 449 Auni

1006 451 1112 527 Olperp.
1175 474 1237 514 rum
1255 459 1407 528 Pontifices,
1428 460 1521 528 744444,
1537 478 1579 518 res
1591 468 1671 532 peste
1713 469 1782 519 44444

1036 1105 1089 1165 484

1007 1197 1111 1268 oipmp.

1020 1283 1100 1340 44444.

1042 1386 1051 1429 4
1068 1387 1089 1430 ii

1129 588 1132 592 ,
1167 533 1194 584 44
1213 529 1386 585 documento.

1695 534 1794 589 AErorrt

1681 606 1800 663 eisteti.

1132 669 1161 727 C.
1186 670 1304 728 Cassius
1323 671 1392 728 oiim
1416 679 1542 744 quaestor
1565 675 1671 747 crassi,

1132 757 1213 828 Syria
1236 765 1385 831 ooeupata,
1403 760 1434 817 in
1457 763 1581 818 7444444
1600 776 1674 819 444-

1133 845 1227 903 tendit
1251 846 1376 904 Propous
1400 848 1511 906 1444744)
1530 862 1619 906 xurrr.
1646 857 1676 907 et

1133 933 1179 990 sui
1203 935 1281 1004 juris
1305 933 1376 992 44444
1404 949 1455 1006 pro
1477 937 1676 1008 llepublieari

1131 1020 1229 1079 Judaea
1242 1024 1337 1095 exegit
1357 1026 1468 1097 argenti
1485 1025 1589 1083 talenta
1602 1023 1670 1085 700.

1131 1110 1195 1166 47744
1214 1111 1267 1167 744
1284 1113 1314 1167 44
1337 1111 1397 1168 ilibl
1413 1112 1509 1186 Polygl
1525 1114 1606 1171 Paris
1619 1115 1678 1173 He-

1134 1197 1217 1255 rodes
1246 1212 1281 1255 ex
1316 1200 1436 1258 Galilaea
1466 1199 1517 1260 400
1550 1203 1674 1275 talenta,

1131 1285 1249 1345 totidem
1273 1287 1421 1358 Hyreanas
1446 1290 1527 1347 misit
1545 1292 1594 1349 ios
1607 1291 1676 1348 libr

1136 1373 1205 1431 belli
1232 1389 1258 1431 o.
1281 1373 1308 1431 9.
1333 1380 1361 1432 et
1396 1376 1439 1433 lih
1465 1392 1512 1435 xrr
1543 1379 1679 1452 antiquit

1136 1478 1162 1520 o.
1179 1463 1223 1520 18.

1171 1554 1322 1627 Antipater
1334 1557 1451 1614 Maliehi
1465 1558 1565 1616 fraude
1588 1573 1677 1618 verre-

1139 1656 1176 1701 no
1189 1657 1205 1700 e
1220 1644 1313 1702 medio
1328 1646 1452 1703 tollitur.
1469 1648 1634 1719 Phasaeius,
1650 1656 1680 1704 et

1138 1733 1262 1790 Herodes
1288 1733 1342 1790 dlii
1373 1733 1512 1792 ultionem
1538 1735 1680 1794 differunt

1140 1823 1241 1894 patris.
1266 1823 1399 1894 ilerodes,
1421 1825 1521 1881 Cassio
1557 1829 1681 1896 permit-

1140 1919 1225 1983 tente,
1240 1913 1369 1969 eumdem
1386 1926 1436 1984 per
1450 1914 1590 1972 satellites
1607 1928 1682 1974 eon-

1140 2001 1214 2059 todit
1232 2002 1281 2058 ios
1301 2002 1390 2073 hntiq
1405 2002 1447 2059 lib
1471 2017 1531 2059 xrr.
1547 2018 1572 2061 e.
1591 2002 1639 2063 20.
1650 2010 1680 2061 44

1139 2089 1182 2146 lib
1198 2104 1206 2145 r
1222 2089 1303 2164 belli,
1316 2104 1341 2146 4.
1367 2089 1393 2147 9.

1174 2367 1322 2439 llyreanus
1357 2383 1407 2442 per
1436 2370 1544 2444 legatos
1566 2383 1684 2429 auream

1144 2471 1278 2516 eoronam
1300 2458 1338 2514 ll.
1359 2461 1485 2517 rintonio
1504 2461 1605 2530 mittit,
1631 2473 1685 2517 ro-

1146 2560 1217 2621 gans
1231 2563 1282 2619 pro
1303 2549 1398 2620 gentis
1410 2564 1470 2607 444
1488 2549 1631 2614 libertate.
1654 2552 1684 2606 ot

1144 2637 1223 2711 agris
1236 2650 1253 2693 a
1267 2637 1365 2695 cassio
1381 2639 1533 2709 ademptis,
1549 2646 1582 2696 ut
1593 2638 1685 2695 resti-

1145 2732 1275 2783 tuantur.
1288 2726 1415 2797 Quorum
1432 2727 1576 2798 postulata
1590 2728 1685 2784 rinto-

1144 2813 1214 2870 nius
1229 2828 1310 2886 aequa
1335 2816 1505 2873 existimans
1520 2829 1575 2873 non
1599 2817 1684 2874 modo

1144 2901 1273 2971 admisit,
1287 2904 1335 2960 sed
1350 2905 1499 2975 proposito
1517 2903 1611 2961 edioto
1625 2905 1685 2976 Ty-

1146 2992 1197 3059 ris,
1234 2991 1374 3062 Sidoniis,
1416 2993 1617 3064 lintioohenls,
1656 2999 1685 3052 et

1144 3082 1261 3140 4444444
1288 3084 1319 3140 44
1343 3085 1472 3140 444444
1512 3084 1684 3141 4444444444

1145 3171 1274 3242 scripsit,
1298 3177 1330 3228 ut
1353 3171 1439 3228 libert
1467 3173 1686 3229 dimitterentur

1144 3259 1235 3316 iudaei
1246 3260 1300 3317 sub
1314 3259 1396 3318 hasta
1407 3276 1424 3318 4
1437 3262 1467 3317 c.
1483 3261 1592 3331 Cassio,
1611 3263 1685 3319 Cas-

1146 3347 1273 3405 sianisre
1298 3350 1463 3415 venundati,
1486 3358 1515 3407 et
1536 3349 1598 3408 loea
1612 3351 1687 3409 uni-

1144 3447 1236 3506 tersa,
1272 3436 1374 3494 iisdem
1402 3439 1510 3495 iudaeis
1545 3438 1686 3496 similiter

1145 3523 1277 3594 adempta
1303 3526 1500 3598 redderentur,
1529 3532 1683 3598 essentque

1146 3617 1210 3669 rata
1223 3615 1384 3688 privilegia,
1409 3621 1438 3673 et
1455 3617 1522 3686 iura
1546 3615 1685 3672 benedeio

1145 3701 1308 3774 Dolabellae,
1350 3717 1384 3759 ao
1427 3716 1480 3760 suo
1519 3704 1684 3760 iudeorum

1145 3789 1222 3871 genti
1269 3805 1414 3850 oonoessa.
1446 3795 1495 3850 444
1541 3790 1598 3848 lib·
1620 3803 1682 3860 xrr,

1144 3884 1226 3944 442.

1722 673 1768 732 44.

1729 2367 1776 2426 43.

1020 4060 1053 4107 444
1083 4061 1126 4105 4444
1149 4046 1311 4119 Antigonus
1335 4044 1415 4101 illius
1437 4044 1599 4103 aristobuli
1625 4042 1688 4122 [qui
1736 4045 1783 4105 44.

1150 4134 1243 4192 tuerat
1265 4132 1354 4190 irater
1378 4134 1499 4204 llyreani
1525 4133 1686 4211 Poutldeis]

1147 4221 1285 4279 adversus
1296 4222 1648 4296 patruumeulusilegno,
1659 4228 1689 4280 et

1147 4309 1313 4367 sacerdotio
1350 4310 1490 4378 inhiabat,
1515 4311 1685 4368 Parthorum

1148 4411 1228 4456 arma
1253 4401 1386 4470 suscitat,
1402 4401 1476 4458 duee
1490 4400 1605 4470 Parbro,
1626 4401 1687 4471 444

1148 4500 1165 4542 a
1189 4487 1314 4546 Labieno
1339 4489 1433 4546 exeita
1458 4494 1556 4545 eontra
1579 4488 1690 4544 nona-

1148 4590 1201 4633 nos
1240 4584 1342 4650 paetus
1380 4577 1459 4634 mille
1496 4578 1612 4644 talenta,
1660 4582 1689 4633 et

1149 4667 1322 4740 quingentas
1346 4667 1493 4739 mulieres,
1519 4669 1546 4724 si
1561 4667 1597 4724 ab
1611 4668 1689 4739 llyr-

1148 4770 1220 4816 eano
1245 4758 1274 4814 in
1300 4771 1330 4815 se
1359 4770 1477 4830 regnum
1502 4756 1687 4827 transierant,

1149 4856 1178 4906 44
1191 4849 1327 4907 herodem
1349 4861 1406 4904 uua
1420 4861 1485 4904 eum
1507 4846 1578 4903 tiliis
1591 4846 1688 4903 inter-

1150 4937 1257 4994 ticiani.

1184 5025 1322 5082 llerodem
1347 5025 1435 5097 enim,
1462 5029 1490 5081 44
1518 5024 1688 5082 Phasaelum

1150 5114 1308 5174 tetrarchas
1327 5114 1518 5170 constituerat
1531 5113 1687 5178 44444444.

1149 5203 1225 5274 apud
1264 5215 1347 5272 quem
1385 5201 1499 5272 baphrri
1539 5202 1690 5261 hntoehiae

1150 5291 1288 5364 proxime
1302 5290 1356 5348 hoe
1367 5304 1443 5349 anno
1454 5295 1583 5364 agentem
1599 5305 1690 5348 aceu-

1153 5382 1291 5441 sabantur
1302 5381 1489 5438 4444444444
1505 5380 1683 5450 proceribus

1148 5471 1258 5530 Audito
1272 5476 1366 5527 tamen
1376 5471 1514 5540 llyreano,
1530 5469 1580 5541 qui
1598 5469 1689 5525 tiliam

1150 5561 1336 5618 blariamnem
1363 5558 1467 5617 llerodi
1500 5559 1691 5631 desponderat
