3892 6136
115 257 184 314 l0l5
729 251 907 307 hahethsll
926 247 1198 308 niatiotiiecrlnii
1756 247 1817 310 llltt

114 387 267 451 martyrem
285 394 395 450 vosque
410 393 510 435 omnes
524 377 672 434 saecularis
699 382 824 445 postetas
838 374 935 429 sabito
952 373 980 433 Α
995 374 1148 444 fiiseopist.
1162 375 1223 448 ιιι,
1240 377 1290 434 ubi
1302 376 1430 449 catalogo
1441 376 1641 435 Romanorum
1653 376 1816 447 pontificum

113 453 280 522 proruperit
303 452 374 514 (arte
396 464 496 518 nempe
517 448 750 513 Novatlanoruml
771 464 778 513 ;
805 447 880 501 unde
900 445 934 498 ad
993 460 1115 514 expenso
1129 449 1229 505 addit:
1247 470 1259 500 a
1275 452 1305 504 lii
1323 449 1376 504 boc
1386 450 1488 505 ordine
1499 448 1704 505 successionis
1727 448 1816 505 nullus

113 521 332 579 confundendos
349 522 508 581 hereticos,
524 527 552 576 et
568 520 760 574 retundendos
775 519 936 575 ostenderet
991 518 1140 574 Donatista
1154 523 1307 589 episcopus
1323 520 1490 588 invenitur3
1504 521 1552 576 sed
1567 526 1817 576 extransversoea

113 596 200 649 Deus.
215 608 277 664 qua*
290 599 363 648 esset
379 591 515 658 Ecclesia,
532 592 596 661 quis
616 591 765 659 episcopos
779 591 841 658 ejus
863 600 938 642 unus
991 587 1265 647 Africaordinalum
1290 591 1435 658 miserant,
1456 595 1507 660 qul
1536 592 1641 660 paucis
1668 590 1817 659 praesidens

114 665 215 720 divina
240 664 422 720 ordinatione
441 661 578 718 delectus.
601 681 614 710 a
638 663 667 716 ln
695 662 849 716 schismate
872 669 937 711 vero
991 657 1068 714 iilris
1094 662 1123 715 io
1144 662 1215 717 urbe
1231 664 1317 717 [loma
1342 663 1535 717 Montensiom
1553 663 1599 718 sel
1616 662 1817 731 cuzupitaren

114 736 330 791 Donatistarum
344 735 449 790 veritas
462 733 531 797 haec,
542 738 570 788 et
584 732 777 797 catalogorum
790 729 936 792 identitas,
992 730 1160 787 vocabulum
1179 732 1355 804 propagarit.
1373 750 1386 782 a
1402 734 1486 787 Tanti
1499 746 1569 789 vero
1585 733 1763 802 episcopum
1775 733 1817 788 De

116 813 144 862 et
160 807 332 861 iiiiiversalis
353 806 483 860 Ecclesiae
500 804 657 873 persuasio,
672 804 708 858 de
722 803 855 858 cathedra
870 813 936 858 una.
993 802 1305 860 itatiannmllomanum
1316 802 1817 874 faciebantpopuli,utlncollatione

76 908 84 917 ι
117 876 173 933 soli
190 878 270 932 Petro
296 878 371 935 data.
397 875 510 956 origine
532 875 691 930 necessaria
715 873 749 928 ab
775 887 831 928 uno
858 873 938 925 Petro
991 872 1208 940 Carthaginensi
1233 875 1460 943 disputationem
1488 874 1649 930 ineundam
1666 875 1816 930 detractare

117 948 309 1016 proveniente,
335 946 546 1014 spectatissime
572 945 688 1015 probata
710 951 753 999 est
778 943 814 999 ab
835 942 938 1010 Optato
993 942 1192 1000 obniterentur
1206 959 1239 1001 eo
1253 945 1379 1011 absente,
1401 945 1478 1000 sicut
1491 946 1521 1000 in
1542 945 1638 1016 gestis
1659 945 1814 1001 collationis

119 1019 149 1073 iii
172 1017 256 1073 libris
276 1021 415 1072 adversus
439 1017 669 1072 Parmeiiianum.
695 1015 765 1070 Cum
786 1011 938 1068 catholicis
995 1013 1110 1084 iegitur.
1127 1018 1260 1086 ignorare
1272 1016 1436 1072 cathedram
1451 1029 1536 1071 unam
1554 1016 1585 1070 iii
1610 1016 1756 1083 Ecclesia,
1771 1017 1814 1072 le-

117 1088 323 1144 conveniebant
335 1089 493 1143 donatistae
505 1089 533 1141 iii
547 1088 636 1156 priori
647 1100 718 1142 veris
736 1086 868 1140 Ecclesiae
883 1082 939 1136 do-
994 1090 1069 1139 trum
1083 1085 1175 1140 solum
1192 1088 1334 1142 sedentem
1357 1102 1422 1142 cum
1437 1087 1626 1143 successione
1644 1086 1813 1156 pontificum,

118 1166 154 1221 te,
185 1160 498 1230 quamdicebantesse
522 1154 940 1224 cathedrain.Petri·,pariter
994 1156 1733 1229 sicuiiDptatusdixerat,ignorantiaeascribinon
1779 1165 1814 1214 te-

118 1231 148 1285 in
165 1232 333 1286 continuata
350 1231 531 1284 successione
544 1230 572 1283 in
588 1229 734 1296 cathedra,
753 1228 782 1280 in
794 1240 850 1295 qua
865 1237 940 1280 unus
995 1234 1046 1279 rat.
1063 1229 1102 1280 lta
1118 1227 1268 1283 Cornelius
1286 1229 1361 1297 apud
1384 1229 1483 1283 euseb.
1499 1227 1552 1284 lib.
1575 1241 1609 1298 ιι,
1633 1241 1702 1297 cap.
1772 1242 1813 1301 pag

117 1302 270 1370 episcopus
297 1302 403 1356 sedeat.
431 1301 477 1355 Sic
507 1301 582 1354 enlm
613 1313 647 1354 ex
676 1304 827 1366 utriusque
853 1308 939 1350 sensu
993 1293 1814 1369 dibadversnshovatlanumagensinepistolaadfabi-

117 1378 249 1441 Dptatus,
265 1385 330 1426 cam
344 1373 379 1426 de
397 1371 488 1439 prima
512 1384 583 1424 verae
596 1369 729 1424 Ecclesia
739 1370 823 1424 dote:
840 1388 852 1416 a
865 1369 940 1420 inter
996 1381 1042 1421 om
1055 1369 1261 1423 antiochenum
1271 1383 1305 1425 cx
1318 1371 1443 1424 eoetiam
1453 1371 1550 1437 oaqiite
1562 1384 1646 1425 reum
1662 1371 1812 1427 schismatis

117 1443 388 1511 quascatbedraest
402 1443 502 1510 prima,
521 1440 570 1495 ubi
583 1441 639 1495 nisi
656 1440 763 1495 sederit
775 1438 937 1507 episcopiis,
996 1440 1141 1494 traducit:
1168 1462 1180 1491 a
1205 1442 1276 1509 Ergo
1303 1441 1351 1495 ille
1367 1441 1514 1512 Evangelii
1537 1442 1651 1496 vindex
1679 1442 1812 1512 ignorabat

118 1514 255 1582 conjungi
267 1513 487 1567 alteradosnon
509 1512 624 1581 poterit.
644 1511 741 1580 alhib.
760 1525 791 1577 ιι,
806 1523 867 1579 pag.
885 1504 940 1573 dl.)
996 1513 1502 1581 uniimepiscopumesseoporterein
1514 1510 1810 1568 Ecclesiamthotiea

115 1584 283 1639 cathedram
300 1597 366 1638 vero
387 1596 479 1638 essee
501 1584 528 1637 S.
554 1585 635 1638 Petro
652 1583 744 1637 Romae
760 1581 937 1641 collocatam,
997 1582 1029 1634 dt
1043 1580 1071 1633 in
1087 1583 1176 1636 altera
1191 1583 1256 1637 data
1271 1584 1411 1651 Cypriane
1426 1601 1432 1636 :
1449 1603 1460 1633 a
1488 1585 1546 1638 Nec
1559 1585 1640 1637 enim
1659 1585 1810 1653 ignoramus

118 1655 148 1710 iii
165 1668 220 1724 qua
234 1655 443 1719 solussederit,
464 1660 492 1709 et
512 1654 585 1708 hanc
607 1653 795 1708 aDohatlstis
811 1649 939 1721 ignorari
997 1665 1084 1705 unum
1100 1654 1187 1708 Deum
1203 1666 1275 1722 esse,
1296 1667 1383 1708 unuin
1410 1654 1561 1709 Christum
1580 1667 1647 1710 esse
1660 1654 1807 1723 Dominum,

117 1739 173 1780 non
195 1740 286 1794 posse,
303 1725 701 1791 sicuti,etsuccessionema
725 1727 804 1779 fetro
823 1723 937 1776 deriva-
956 1736 1078 1822 Bquem
1104 1723 1226 1778 confessi
1252 1739 1361 1787 snmus,
1391 1739 1480 1779 uriom
1509 1726 1660 1794 Spiritum
1687 1730 1808 1785 sanctum

115 1802 171 1851 tam
190 1797 400 1865 itaexpressit:
420 1818 432 1847 a
450 1796 606 1851 Videndum
620 1803 672 1860 est,
689 1796 739 1864 qui
754 1801 783 1849 et
797 1793 845 1849 nbi
862 1794 941 1861 prior
997 1806 1084 1846 unum
1101 1796 1266 1863 episcopum
1278 1796 1306 1849 in
1320 1796 1460 1850 caatholica
1470 1796 1600 1851 Ecclesia
1612 1810 1680 1851 esse
1692 1797 1807 1851 debere.»

115 1867 249 1923 cathedra
269 1869 399 1923 sederit:
422 1868 447 1922 si
475 1870 590 1938 ignoras
604 1867 706 1921 disce:
733 1867 757 1920 si
778 1866 852 1919 nosti
870 1878 941 1919 eru·
994 1863 1057 1917 hlox
1072 1865 1106 1919 ad
1125 1880 1181 1920 rem
1197 1873 1321 1920 nostram
1338 1868 1380 1920 sic
1397 1868 1426 1920 in
1443 1869 1616 1922 b'ovatianis
1632 1867 1753 1938 sugillat
1763 1869 1809 1935 epi·

115 1939 231 1995 besee...
250 1938 412 2007 ignorantia
436 1939 489 1993 tibi
510 1938 617 1992 ascribi
639 1936 939 2006 permadefacta
995 1937 1318 2006 nioiiem,auditumque
1330 1939 1364 1991 de
1376 1937 1490 2004 bicipiti
1508 1939 1607 2007 capite
1619 1944 1805 1994 commentum.

114 2018 176 2065 erat
191 2016 219 2066 et
235 2010 324 2065 unius
340 2010 482 2065 cathedrae
502 2009 588 2073 Petri,
600 2016 627 2063 et
642 2008 836 2063 successionis
850 2009 941 2061 conti·
996 2026 1008 2055 r
1031 2004 1102 2060 Dum
1118 2008 1282 2076 episcopam
1300 2008 1356 2062 sihi
1374 2009 1539 2064 constituit.
1563 2016 1593 2064 et
1607 2017 1713 2065 contra
1726 2022 1807 2064 sacra-

114 2087 202 2136 nuata
225 2084 325 2151 series,
347 2089 377 2137 ut
399 2094 453 2136 non
475 2079 652 2135 dubitaverit
668 2079 708 2133 ita
722 2079 939 2134 schismaticum
996 2084 1120 2132 mentum
1136 2079 1222 2133 semel
1239 2080 1377 2133 traditum
1391 2079 1497 2134 dirime
1510 2080 1808 2149 dispositionisetee

114 2150 296 2221 compellare.
316 2173 328 2204 a
352 2152 444 2222 igitar
462 2164 565 2223 negare
585 2165 640 2205 non
658 2157 746 2219 potes,
763 2151 838 2204 scire
859 2157 885 2205 tc
910 2149 939 2204 in
995 2147 1109 2203 thelicae
1132 2151 1254 2206 unitatis
1277 2150 1451 2213 adulterum,
1477 2157 1505 2204 et
1529 2150 1715 2207 contrarium
1739 2156 1807 2219 capnt

116 2223 187 2278 urbe
215 2224 302 2278 ilonea
331 2225 411 2278 Petro
443 2223 534 2292 primo
560 2222 723 2277 cathedram
748 2221 937 2291 episcopalem
994 2225 1074 2274 extra
1088 2220 1390 2276 Ecclesiamfecit:Ea
1403 2222 1700 2277 communiddelium
1714 2234 1806 2291 persua·

114 2308 176 2350 esse
191 2293 334 2361 collatam,
357 2295 385 2349 in
399 2308 457 2363 qua
472 2295 580 2349 sederit
598 2293 726 2349 omnium
743 2293 938 2361 apostolorum
995 2291 1077 2345 sione
1089 2293 1210 2348 enutriti
1222 2292 1341 2347 bomani
1353 2292 1381 2346 in
1396 2291 1632 2351 circelndcntes.
1647 2294 1704 2348 etsi
1718 2295 1805 2363 inqen-

113 2366 205 2434 Caput
229 2366 363 2419 Petrus...
391 2365 419 2418 in
444 2364 740 2434 quaenacatbedrae
779 2365 876 2418 unitas
903 2363 939 2418 ab
996 2370 1038 2415 tes
1055 2362 1154 2430 divisi,
1176 2378 1240 2418 cum
1270 2363 1395 2418 edictum
1418 2363 1571 2431 iniqieriale
1598 2364 1806 2433 audirentque

114 2435 250 2491 omnibus
260 2442 433 2504 servaretur,
448 2449 482 2490 ne
492 2436 586 2490 canteri
607 2434 729 2504 apostoli
744 2434 800 2488 sibi
816 2436 939 2503 quisque
996 2433 1113 2502 utrique
1136 2435 1208 2503 parti
1222 2441 1273 2489 aut
1290 2433 1431 2493 Liberius,
1448 2442 1498 2488 aut
1512 2434 1595 2489 Felix
1615 2435 1744 2502 daretur,
1756 2446 1808 2489 een·

113 2506 308 2573 defenderent,
324 2515 355 2561 ut
365 2507 423 2575 jhm
436 2506 651 2573 schismaticus,
660 2513 689 2560 et
708 2512 836 2574 peccator
853 2515 937 2574 esset,
995 2517 1065 2558 sona
1093 2518 1168 2574 voce,
1191 2504 1390 2560 simultatibus
1409 2505 1553 2574 depositis
1577 2519 1614 2560 ex
1636 2506 1806 2567 Theodoreto,

114 2579 165 2648 qui
179 2584 278 2633 contra
294 2578 470 2650 singularem
492 2578 655 2632 cathedram
678 2577 795 2631 alteram
811 2575 938 2630 colloca·
995 2576 1068 2629 llist.
1084 2575 1159 2630 Eccl.
1181 2575 1200 2630 l.
1217 2589 1248 2641 n,
1271 2591 1294 2630 c.
1321 2573 1363 2641 ll,
1380 2576 1625 2631 conclamarunt:
1649 2578 1724 2631 Urias
1739 2578 1806 2635 Deus,

114 2656 167 2704 ret.
195 2667 207 2697 a
231 2648 339 2703 Deinde
354 2661 388 2702 ex
413 2648 503 2717 priori
533 2649 621 2702 unius
643 2647 783 2702 cathedrae
807 2647 939 2701 itomanae
993 2647 1446 2715 araast'lrr·istas.armsrqiiscopus.
1461 2647 1807 2715 Exiiidesialiadeessent,

114 2719 272 2776 constituta
308 2719 437 2784 veritate,
464 2719 613 2773 descendit
645 2720 679 2772 ad
716 2725 938 2784 perseverantem
996 2716 1807 2788 lincunnmcollectorilibrlPoritiflcalisdebemus,quoe

114 2791 325 2846 successionem
352 2788 567 2849 ostendendam,
598 2801 681 2857 quam
702 2788 784 2857 jnxta
812 2795 939 2844 vetustos
995 2791 1181 2842 reservaverit
1202 2789 1392 2844 homanorum
1411 2788 1579 2857 pontificum
1607 2793 1725 2851 seriem,
1744 2788 1808 2843 acia

113 2860 258 2942 catalogos
280 2860 323 2915 sic
338 2867 474 2916 recenset.
494 2880 506 2910 ι
532 2861 602 2929 Ergo
618 2859 751 2914 cathedra
766 2859 861 2925 niiira,
876 2874 939 2929 qnae
993 2859 1128 2914 cathedra
1145 2860 1218 2914 Petri
1232 2860 1445 2914 succedentium
1462 2861 1671 2929 episcoporum
1685 2860 1808 2922 ordinem,

114 2939 159 2987 est
181 2945 274 3002 prima
288 2934 323 2986 de
338 2929 466 2993 dotibus,
491 2932 567 2985 sedit
581 2930 659 2998 prior
682 2931 789 2997 Petrus,
807 2931 854 2984 cni
869 2945 939 2984 suc-
995 2944 1058 2997 qnae
1071 2931 1193 2998 priorem
1208 2944 1279 2986 verae
1295 2930 1427 2985 Ecclesiae
1444 2931 1540 2985 dotem
1556 2931 1708 2987 exhibent.
1719 2932 1746 2986 si
1757 2942 1809 2984 iere

114 3005 203 3059 cessit
223 3003 352 3068 Lines»
377 3001 557 3071 reliquisque
583 3000 769 3069 pontificibus
786 3001 940 3071 assignatis
995 3001 1167 3069 quandoque
1187 3004 1281 3056 l’aires
1297 3015 1362 3056 cum
1384 3003 1464 3057 l’etro
1484 3003 1658 3057 societatem
1678 3000 1810 3057 l’auliad-

115 3086 207 3144 usque
226 3074 260 3128 ad
287 3073 436 3133 Siriciuin,
453 3085 509 3142 quo
524 3081 648 3140 tempore
664 3072 856 3126 velitationem
874 3086 938 3126 cuin
994 3074 1077 3138 ilunt,
1096 3072 1123 3125 id
1148 3072 1366 3143 intelligendum
1381 3073 1417 3126 de
1439 3073 1577 3127 societate
1595 3070 1809 3141 praedicatoris

115 3145 312 3200 schismaticis
324 3143 462 3215 agitabat,
479 3142 647 3198 concludit:
666 3162 679 3193 ι
699 3145 769 3197 Cum
784 3157 839 3212 qao
857 3142 940 3198 nobis
956 3134 978 3188 C
996 3155 1052 3195 non
1067 3143 1218 3198 cathedra.
1236 3146 1315 3211 Quod
1327 3143 1503 3198 adnotarunt
1514 3144 1679 3201 Eutherius
1688 3145 1811 3199 Thianea

116 3218 208 3273 totius
227 3215 307 3270 orbis
328 3215 500 3270 commercio
524 3211 709 3269 formatarum
732 3213 761 3267 in
783 3227 838 3268 nna
860 3228 941 3269 com·
996 3212 1810 3284 siselllelladinsfbarsiensisqnialoannisantiocheai

116 3286 266 3342 munionis
283 3288 419 3341 societate
440 3285 604 3340 concordat.
621 3304 633 3333 a
653 3285 809 3339 Donatistae
832 3285 942 3353 priores
996 3286 1137 3339 sententia
1153 3285 1346 3355 depositionis
1361 3300 1388 3339 in
1407 3286 1469 3354 ipso
1484 3284 1542 3339 lata
1563 3286 1602 3340 ob
1616 3285 1811 3343 contumaciam

116 3357 413 3413 videnteshancorbis
424 3360 701 3411 totiusoommunem
715 3358 939 3424 persuasionem,
998 3357 1027 3409 in
1043 3356 1197 3410 soliismate
1211 3358 1349 3412 adversus
1361 3366 1490 3411 sanctum
1506 3356 1652 3425 Cyrillum
1669 3359 1705 3413 ad
1717 3360 1811 3412 alitem

118 3443 154 3484 ne
166 3429 256 3497 priori
278 3428 345 3483 dote
372 3441 444 3482 verae
459 3427 746 3482 Ecclesiacathedrae
759 3427 900 3493 hiemante,
913 3434 942 3481 et
996 3426 1181 3495 appellantes,
1197 3428 1235 3482 ita
1252 3427 1381 3482 scribunt
1398 3428 1427 3481 in
1438 3428 1718 3496 synodicotlassin..
1729 3442 1753 3484 e.
1764 3421 1810 3491 iti.

118 3499 208 3555 nnius
231 3499 358 3569 episcopi
382 3512 398 3554 a
414 3501 495 3553 Petro
515 3499 637 3553 deducta
655 3498 815 3552 necessaria
830 3499 943 3569 origine

118 3570 245 3626 sedentis
260 3571 355 3626 orbari
372 3571 550 3631 viderentur.
564 3569 668 3624 exinde
683 3569 944 3624 comminiscantur

119 3642 331 3711 phantasticum
347 3648 444 3709 capul,
458 3643 653 3696 cenomanum
671 3639 943 3709 propriumeplsco-

120 3727 199 3783 pum,
221 3713 296 3782 quod
324 3715 363 3768 ita
385 3717 414 3766 iii
435 3713 479 3767 eis
501 3713 621 3782 opponit
643 3711 774 3780 Optatus.
797 3732 810 3761 a
840 3711 944 3766 Vestrae

119 3785 260 3839 cathedrae
273 3798 322 3839 vos
341 3784 484 3853 originem
505 3784 614 3837 reddite
641 3783 691 3851 qui
705 3783 795 3837 vultis
817 3790 943 3837 sanctam

118 3854 274 3910 Ecclesiam
303 3855 461 3909 vindicare.
488 3854 539 3907 Sed
566 3859 594 3907 ct
617 3824 721 3908 habere
747 3869 796 3908 vos
821 3855 849 3907 iii
875 3852 944 3908 urbe

120 3926 209 3979 Roma
229 3929 336 3993 partem
356 3925 484 3993 aliquam
499 3924 609 3979 dicitis.
630 3925 736 3979 Eariius
748 3925 888 3981 estvestri
904 3939 945 3978 er·

119 3998 360 4065 rorisproteosus
373 3996 409 4051 de
431 3995 587 4064 mendacio,
606 4008 661 4049 nen
675 3996 710 4050 de
726 3998 821 4051 radice
836 3996 946 4050 verita-

121 4070 171 4124 tis.
193 4067 322 4135 Denique
337 4069 361 4121 sl
383 4067 665 4125 blacrobiodicatur,
690 4068 737 4121 ribi
755 4068 816 4123 illic
837 4070 943 4137 sedeat,

122 4139 254 4208 nunquid
272 4138 469 4207 potestdicere
487 4139 516 4192 ιιι
534 4138 668 4193 cathedra
688 4139 762 4193 Petri
779 4139 886 4208 ‘lquam
901 4154 944 4194 ne·

56 4256 59 4261 .
121 4211 183 4266 scio
198 4210 222 4264 si
238 4208 280 4262 vel
301 4209 395 4263 oculis
409 4208 498 4273 novit,
512 4215 541 4263 et
558 4210 592 4263 ad
607 4210 690 4276 cujus
709 4212 872 4266 memoriam
889 4225 945 4266 non

122 4282 233 4338 accedit
248 4280 330 4350 quasi
348 4280 552 4335 schismaticos
567 4279 580 4333 ‘l
594 4299 607 4328 a
622 4280 778 4336 homanum
796 4283 871 4337 hunc
886 4284 946 4338 Do-

124 4354 296 4409 natistarum
331 4352 495 4419 primatum,
531 4351 753 4420 cathedramque
792 4356 945 4409 itomanam

999 3512 1061 3568 pag.
1084 3494 1137 3551 did
1152 3517 1157 3550 ;
1175 3519 1188 3549 ι
1201 3499 1359 3553 ιιιιιιιιιιιιιι
1380 3505 1408 3552 et
1421 3511 1555 3569 magnum
1582 3499 1706 3567 pietatis
1721 3511 1812 3569 pratea·

1000 3582 1071 3635 neni,
1089 3570 1237 3624 oraculum
1250 3570 1347 3625 mundi
1364 3583 1465 3638 3quem
1487 3582 1540 3624 nos
1554 3578 1587 3624 ut
1604 3572 1714 3642 pignus
1728 3572 1811 3625 habeo

999 3638 1210 3695 familiaritatis
1226 3648 1329 3695 nostrae
1342 3655 1409 3711 erga
1425 3647 1547 3695 vestram
1564 3640 1812 3698 eredimussanct'e

999 3716 1095 3764 tatem.
1110 3713 1188 3766 divis
1202 3714 1279 3767 enini
1294 3718 1390 3767 noster
1404 3712 1543 3777 existens,
1559 3725 1664 3769 errore
1677 3714 1763 3768 totius
1773 3724 1813 3766 or-

999 3780 1045 3835 bis
1055 3782 1207 3849 exstincto,
1221 3783 1477 3852 illiasaposlolicae
1488 3783 1568 3837 sedis
1579 3781 1813 3840 factueestorna-

1000 3859 1137 3922 mentam,
1151 3854 1295 3909 etabeato
1308 3855 1389 3908 l’etro
1399 3852 1529 3908 dextram
1540 3855 1698 3910 societatis
1710 3854 1812 3921 acepit

1000 3935 1031 3979 ut
1050 3933 1200 3993 appareret
1220 3925 1255 3980 ab
1273 3928 1404 3994 utrisque
1418 3939 1527 3994 aequaiii
1542 3925 1743 3982 subtilitatem
1755 3924 1814 4004 deg-

999 4001 1103 4050 matam
1118 3997 1271 4052 custodiri.
1290 4018 1302 4047 a
1318 3997 1379 4066 Quo
1401 4009 1486 4050 sensu
1502 3996 1643 4066 loquitur
1654 3997 1815 4053 Gelasiusia

999 4081 1052 4122 suo
1072 4069 1106 4121 de
1118 4069 1211 4122 sacris
1226 4067 1310 4123 libris
1323 4069 1446 4133 decreto,
1462 4074 1490 4121 et
1503 4066 1556 4122 alii
1577 4070 1689 4124 l‘atres.

1035 4139 1231 4192 Aritiocliertiis.
1247 4143 1269 4194 Α
1288 4138 1375 4193 oriori
1398 4137 1560 4193 Antiochiae
1580 4141 1726 4202 sessione,
1741 4150 1815 4203 mort,

999 4210 1200 4279 etepiscopau
1209 4211 1428 4280 appellationem
1439 4208 1654 4265 babuit.siculi
1663 4213 1817 4277 Redemptor

999 4284 1163 4336 Nazarrenns
1181 4283 1279 4338 dictus
1302 4297 1318 4337 a
1338 4281 1518 4337 diuturniori
1544 4295 1637 4337 mora.
1657 4278 1815 4340 antiocheni

1001 4353 1104 4409 exinde
1116 4355 1285 4422 patriarchae
1295 4353 1484 4423 episcopalem
1493 4354 1641 4423 originem
1653 4369 1669 4409 a
1683 4358 1763 4411 l‘etm
1773 4353 1816 4407 de-

118 4425 226 4482 exinde
250 4423 411 4492 proscindit
426 4423 494 4492 quia
516 4435 570 4477 non
590 4436 606 4476 a
634 4423 724 4491 Petro,
744 4425 791 4478 sed
805 4440 820 4479 a
835 4426 946 4480 lictore
1001 4423 1184 4480 docebantex
1197 4420 1355 4496 Fulgentio',
1371 4424 1422 4479 lib.
1436 4438 1442 4476 i
1456 4423 1606 4478 delrio:
1627 4447 1640 4476 a
1658 4425 1815 4482 lllamtidee

122 4495 286 4560 Garbiensi,
304 4496 353 4564 qul
367 4493 521 4549 schismate
545 4494 574 4547 in
589 4492 686 4548 Africa
700 4496 820 4551 condato
835 4498 985 4578 priinusD
1001 4496 1297 4552 corilesincerissimae
1309 4497 1394 4550 menti
1406 4495 1605 4552 titanosvelle
1616 4505 1816 4563 molestareptr

124 4583 213 4625 ausus
224 4573 267 4623 est
287 4567 380 4621 liomae
401 4564 572 4634 pestilentiae
584 4565 677 4620 sedem
694 4567 843 4622 collocare.
857 4567 946 4623 infert
1001 4567 1246 4636 quamiustillcati
1256 4574 1323 4622 sunt
1335 4566 1513 4636 patriarcha,
1526 4568 1685 4636 prophete,
1696 4565 1814 4639 apostoli,

125 4643 223 4709 itaque
246 4639 419 4708 Optatusza
445 4638 518 4704 Ergo
540 4644 637 4706 restat,
656 4643 688 4692 ut
710 4635 833 4693 fateatur
849 4654 947 4695 sociiis
1003 4645 1141 4707 martyres
1165 4639 1306 4708 coronati,
1331 4652 1413 4708 quam
1433 4637 1571 4692 hactenus
1597 4654 1648 4707 per
1664 4647 1755 4695 totam
1775 4652 1814 4695 or-

123 4717 217 4767 vester
233 4710 395 4765 Macrobius
410 4721 441 4764 se
454 4707 494 4762 lbi
510 4709 617 4774 sedere,
640 4707 688 4763 ubi
702 4708 858 4778 aliqnando
873 4711 949 4766 sedit
1002 4711 1063 4765 bem
1087 4718 1184 4764 saneta
1210 4716 1286 4765 tenet
1310 4709 1446 4764 Ecclesia.
1472 4707 1540 4776 Quae
1565 4723 1662 4779 usque
1683 4712 1757 4767 bunc
1778 4719 1814 4778 pet

123 4781 291 4850 Enclopius.
311 4779 632 4848 SietipseEnclopius
654 4781 945 4853 possitinterrogari,
1002 4781 1217 4837 successionum
1244 4783 1346 4834 seriem
1377 4782 1406 4834 in
1435 4780 1570 4834 cathedra
1602 4781 1681 4836 Petri
1708 4778 1812 4852 apostoli

124 4854 234 4909 diceret
249 4867 278 4908 se
290 4852 330 4907 ibi
348 4851 447 4908 sedere
466 4851 515 4906 ubi
535 4858 600 4906 ante
616 4852 692 4906 sedit
707 4852 869 4909 bonifacius
882 4854 949 4909 Del-
1003 4855 1106 4916 homa,
1132 4853 1173 4907 vel
1198 4851 1367 4919 antiochiae,
1390 4852 1418 4905 in
1444 4850 1580 4905 cathedra
1603 4852 1694 4907 blanci
1708 4864 1814 4922 evange

138 4927 245 4980 itatius.
264 4924 370 4979 Deinde
383 4924 407 4979 si
431 4929 458 4978 et
474 4923 534 4991 ipse
549 4923 720 4993 interrogari
734 4924 884 4992 potuisset,
898 4925 949 4980 di·
1004 4925 1122 4979 listae....
1137 4925 1173 4978 ah
1186 4924 1257 4991 ipsis
1269 4922 1414 4991 episi-opis
1428 4922 1615 4990 praedicatur.
1629 4941 1644 4972 a
1658 4925 1700 4978 Ex
1711 4935 1816 4994 quisce

125 5003 201 5051 ceret
213 4995 263 5051 ubi
274 4994 489 5051 sederitVictor
506 4993 699 5049 Garbieosisa
712 4997 879 5064 vestrisjam
890 4996 948 5050 du-
1003 4997 1084 5050 sione
1102 4995 1241 5062 civitatis,
1263 4999 1290 5047 et
1310 4994 1451 5048 cathedrae
1467 4992 1672 5048 excellentiam
1685 4995 1815 5051 deducunt

123 5069 192 5123 dum
205 5064 346 5121 dellfrica
365 5067 399 5122 ad
424 5078 528 5134 paucos
538 5069 676 5120 erraticos
690 5067 804 5122 missus.
819 5066 893 5134 Quid
905 5074 948 5122 est
1002 5068 1223 5136 ilocysostomns
1238 5065 1469 5120 etheodoretus
1481 5082 1487 5117 ε
1501 5062 1552 5118 ille
1562 5065 1635 5119 durii
1647 5066 1676 5119 in
1688 5068 1716 5120 S.
1727 5061 1814 5136 ignatii

126 5137 265 5207 hocquod
278 5145 445 5205 parsvestra
460 5137 488 5190 in
504 5137 946 5206 urpeliomaepiscopumcivein
1005 5137 1138 5206 ieaityris
1161 5138 1290 5190 encomio
1307 5137 1365 5190 haec
1390 5135 1533 5190 adnectit:
1553 5156 1566 5186 a
1593 5134 1772 5207 Quanquam,
1793 5138 1816 5188 el

125 5208 229 5264 babere
243 5222 298 5264 non
311 5208 403 5277 potuit
414 5205 511 5273 ‘lQuid
528 5209 653 5276 estquod
667 5209 719 5262 toti
736 5207 808 5271 hiri,
824 5218 851 5263 et
866 5223 949 5277 pere-
1004 5211 1146 5279 praecipua
1162 5208 1218 5260 Deo
1233 5207 1351 5276 hujusce
1373 5206 1502 5261 civitatis
1516 5218 1586 5260 cura
1604 5206 1673 5277 fnit,
1697 5209 1725 5262 id
1742 5204 1815 5276 quod,

126 5280 201 5346 grinl
216 5282 244 5334 in
258 5279 307 5334 illa
320 5278 435 5333 civitate
445 5278 502 5332 sibi
519 5278 691 5333 successisse
702 5284 881 5334 noscuntur?
893 5294 947 5334 lttlll
1003 5294 1029 5333 ei
1046 5294 1075 5334 re
1091 5280 1152 5347 ipsa
1170 5279 1251 5347 plene
1264 5279 1430 5334 declaravit.
1442 5277 1593 5345 Siquidem
1609 5286 1662 5334 toti
1673 5279 1736 5333 orbi
1746 5286 1816 5332 terri·

126 5352 337 5418 apparetdalns
349 5350 427 5404 ‘lnon
442 5350 518 5403 fictio
530 5359 645 5418 quaeest
658 5357 744 5404 mater
759 5351 924 5405 sctiismat'is
935 5352 949 5405 ‘l
1005 5365 1066 5406 ram
1087 5364 1151 5405 euin
1175 5364 1257 5418 quem
1278 5349 1402 5419 praefecit
1425 5349 1549 5410 Petrum,
1565 5350 1615 5404 cui
1630 5351 1724 5405 claves
1747 5344 1813 5417 regii

127 5419 236 5475 Interea
260 5423 355 5478 Victor
377 5420 556 5485 Garbiensis,
576 5429 606 5475 nt
620 5421 687 5475 liinc
703 5423 875 5484 initiaretur,
893 5436 947 5476 non
1004 5422 1140 5478 coelorum
1166 5421 1257 5484 dedit,
1280 5421 1364 5490 cujus
1386 5419 1509 5473 arbitrio
1533 5427 1562 5473 et
1577 5422 1716 5489 potestati
1727 5424 1816 5475 concta

126 5489 273 5559 dicolapis
284 5495 318 5546 ad
331 5490 446 5551 fontem,
458 5492 525 5559 qaia
536 5505 585 5545 nec
595 5492 949 5558 vaiiuitpiiiiiatomitaitlio-
1005 5493 1145 5561 peiaiiisit,
1162 5493 1238 5547 hunc
1251 5491 1290 5546 ibi
1303 5492 1388 5555 longo
1404 5492 1635 5558 temporeis-sit
1649 5488 1816 5547 commorari.

138 5559 192 5640 icae
207 5563 404 5618 multitudinis
419 5563 594 5631 perturbare.
612 5591 623 5614 ι
642 5565 847 5633 argenteolum
873 5563 945 5619 idom
1001 5564 1189 5633 iliiaiinobrem
1205 5562 1413 5618 universoorbi
1430 5576 1463 5615 ex
1479 5564 1568 5616 aiteio
1584 5570 1665 5630 parte
1682 5560 1817 5638 respondet

125 5632 650 5702 sapiusillustrariismogustinas,
668 5635 947 5702 quiexiinacathe-
1001 5638 1225 5689 civitasitostia.
1249 5654 1261 5682 a
1286 5633 1481 5688 Theodoretiis
1510 5647 1574 5687 irre
1605 5649 1671 5688 ianm
1701 5635 1816 5688 Diosceii

125 5699 190 5769 dia,
214 5707 242 5754 et
256 5705 437 5759 successione
448 5704 484 5759 ab
500 5715 566 5772 uno,
583 5709 612 5759 et
632 5703 693 5757 solo
711 5706 791 5758 l’etro
810 5704 944 5773 deducta,
1001 5706 1141 5760 ambitum
1153 5705 1271 5772 videret,
1283 5720 1341 5774 quo
1352 5704 1507 5774 primatum
1518 5706 1547 5757 in
1559 5705 1681 5760 drieiite
1693 5704 1814 5759 sibilia-

125 5771 944 5844 schismaticamDonatistarumEcclesiamostendit.Qued
1000 5776 1125 5843 dicabat,
1138 5778 1177 5830 ita
1189 5776 1333 5842 Elriviano,
1345 5776 1430 5845 epist.
1444 5771 1487 5841 lli,
1500 5775 1596 5842 primo
1613 5776 1718 5831 scribit
1733 5792 1738 5827 :
1752 5794 1764 5823 ι
1776 5771 1816 5826 llic
