3892 6136
141 278 210 338 iaoi
750 284 1223 344 ιιιιειιειιιιιιιοιιιιιιιιιι
1776 275 1842 337 ⁴3⁰⁸

140 413 826 496 eEpiscopussineconcilioclericorumsuorum
838 421 958 479 clericos
970 407 1000 469 Α
1013 420 1111 477 italico
1123 421 1158 478 de
1171 419 1257 477 sitris
1273 420 1302 475 in
1324 417 1495 476 caemeteriis
1510 416 1607 473 Roma
1626 414 1756 499 repertis
1765 428 1838 500 opn-

142 499 194 541 non
213 485 336 554 ordinet,
350 487 388 542 ita
398 495 430 543 ut
444 489 549 546 civium
563 494 773 550 conniventiam
786 500 813 550 et
826 494 960 551 testimo·
1014 493 1095 550 senio
1106 493 1233 558 disserit,
1247 496 1274 547 et
1288 491 1468 547 inventorum
1484 490 1627 560 imagines
1647 487 1779 543 exhibet.
1790 486 1839 542 Ti-

141 559 222 612 nium
234 563 376 627 quaerat.»
389 557 465 626 (Can.
479 563 636 632 Episcopus.
648 562 684 620 st
695 565 773 631 illst.)
786 567 816 621 ln
827 565 960 622 ordinan-
1014 570 1124 620 trorum
1140 577 1206 620 nero
1222 578 1292 619 usus
1305 564 1334 617 in
1349 560 1546 618 Eucharislico
1559 557 1726 630 peragendo
1736 558 1842 615 sacrib-

139 628 186 684 dis
213 628 328 683 clericis
347 628 419 685 hanc
449 631 537 701 legem
560 635 616 690 sibi
637 636 775 704 imiiosuit
799 637 959 708 cyprianus
1013 635 1058 692 cio
1068 635 1204 692 inductus
1213 640 1354 701 censetur,
1373 632 1522 688 nedumad
1541 630 1732 698 munditiam,
1746 643 1839 686 reruni

138 698 221 768 epist.
235 696 270 754 33
291 701 325 755 ad
349 701 526 772 presbyteros
547 712 572 760 et
585 707 724 764 diaconos
739 726 746 758 ι
762 709 827 764 «De
837 708 960 764 ordina·
1014 711 1046 764 nt
1068 720 1125 776 qua
1139 712 1254 777 possent
1271 704 1368 761 lideles
1382 703 1564 760 ostenderent
1585 700 1764 784 sacramenti
1778 714 1839 770 per-

140 770 271 826 tionibus
283 770 465 841 clericorum,
479 775 507 828 P.
522 776 552 829 P..
569 778 694 835 solemus
709 793 758 836 ios
770 785 836 834 ante
850 792 957 835 consu·
1013 778 1115 849 agendi
1131 777 1340 843 excellentiam,
1355 780 1383 830 et
1396 774 1544 845 praesentis
1554 773 1691 829 numinis
1706 777 1839 841 marsu-

140 840 206 911 lere,
221 847 249 897 et
263 856 355 897 mores
370 857 403 898 ac
417 846 518 902 merita
531 847 715 919 singulorum
726 851 871 906 communi
886 863 959 906 con·
1014 854 1068 904 tem
1090 849 1267 904 denotarent.
1295 846 1376 916 apud
1392 860 1457 902 eum
1475 845 1629 916 plerasque
1653 848 1757 915 gentes
1771 844 1837 899 iitra

138 913 207 968 silio
234 913 399 981 ponderare.
416 934 429 965 u
444 918 545 973 Novati
561 920 778 987 ordinationem,
799 922 873 991 quod
891 934 959 991 pre-
1014 921 1043 975 in
1057 920 1207 990 conviviis,
1234 920 1377 989 praecipuo
1401 931 1464 988 qnae
1480 916 1563 985 picta,
1579 921 1609 970 et
1621 915 1743 985 sculpta
1763 923 1839 970 erant

137 983 233 1054 shyter
265 985 416 1043 ordinatus
441 996 516 1045 esset
545 991 702 1048 reluctante
724 992 801 1049 clero
820 999 846 1048 et
867 993 957 1062 plebe.
1014 991 1161 1047 insumma
1170 990 1370 1057 aestimatione,
1382 988 1457 1058 quod
1470 984 1839 1057 paucisapuleinsexpres·

137 1055 246 1111 nullam
259 1062 285 1110 et
295 1056 406 1112 irritam
421 1057 513 1116 inisse
524 1063 611 1117 tradit
622 1063 769 1119 Euschlib
784 1077 824 1132 ni,
838 1077 900 1134 cap.
912 1062 957 1133 35,
1014 1063 1053 1118 sit
1075 1076 1140 1119 cnm
1153 1063 1188 1118 de
1200 1061 1318 1118 solemni
1329 1059 1460 1116 convivio
1481 1065 1576 1129 partes
1595 1056 1731 1113 exhibet.
1752 1058 1833 1113 bleta·

136 1126 354 1184 ordinationem
380 1128 503 1187 osberni
530 1133 686 1204 presbyteri
702 1135 736 1190 ad
752 1135 908 1191 Ecclesiam
923 1135 959 1191 de
1013 1147 1084 1189 mor.
1109 1133 1129 1189 l.
1145 1147 1175 1202 ii,
1202 1147 1264 1204 pag.
1281 1129 1316 1188 be
1332 1150 1338 1186 :
1355 1131 1525 1201 «Frequens
1539 1128 1581 1184 lbi
1599 1141 1757 1212 ‘nurnerus
1771 1141 1835 1211 epa·

135 1197 320 1254 Triehestana
333 1200 361 1254 in
374 1200 477 1270 dnqlia
492 1204 600 1260 nullam
612 1219 673 1261 esse
690 1205 852 1263 intendebat
863 1206 958 1262 iorda·
1013 1204 1120 1271 ionum,
1140 1210 1177 1268 et,
1202 1208 1299 1274 utpote
1314 1203 1347 1258 ad
1367 1201 1515 1271 primatem
1540 1198 1692 1264 feminam,
1717 1199 1771 1261 dos
1784 1213 1838 1269 ipse

136 1269 277 1338 nnsprior
292 1271 533 1343 aeneasannos
557 1275 620 1331 sine
632 1277 861 1346 ipsinsassensu,
879 1278 958 1332 invi·
1012 1276 1152 1332 civitatis.
1168 1278 1202 1332 Et
1225 1276 1358 1346 opipares
1369 1273 1441 1341 eibi,
1463 1279 1491 1330 et
1505 1272 1594 1328 ebore
1608 1270 1742 1327 nitenies
1766 1269 1837 1339 lecti,

135 1341 174 1395 tis
182 1346 208 1396 et
221 1341 445 1399 reclamantibus
454 1346 638 1413 parochianis
652 1350 799 1405 ecelesiam
809 1348 957 1419 ingressus
1012 1347 1107 1403 aureis
1122 1346 1250 1404 restibus
1264 1345 1377 1410 intexti,
1391 1344 1479 1413 ampli
1495 1342 1613 1408 calices,
1625 1341 1720 1398 variae
1729 1341 1837 1468 quidem

134 1418 217 1467 esset.
229 1413 308 1468 ioan.
325 1413 465 1471 sarisber.
477 1417 561 1486 epist.
574 1416 625 1473 lili
641 1438 647 1474 :
667 1421 835 1477 «Adversus
849 1419 957 1476 Osber-
1013 1420 1122 1490 gratiae,
1135 1420 1182 1476 sed
1197 1418 1388 1488 pretiositatis
1398 1416 1497 1472 nnius.
1508 1415 1561 1470 llic
1575 1414 1689 1470 vitrum
1706 1412 1735 1469 la
1757 1426 1786 1469 re
1797 1427 1837 1468 si·

135 1489 194 1538 tuin
227 1484 421 1554 presbyterum
449 1501 536 1557 super
559 1490 684 1547 Ecclesia
699 1493 734 1548 de
758 1491 954 1558 Trichestana,
1012 1484 1836 1560 gilletum,ibicrystalliimimpunctnmargentumalibi

133 1555 210 1610 iord.
223 1554 305 1611 Prior
319 1556 598 1616 Acreusiaeinstituit
613 1564 846 1628 controversiam,
856 1562 956 1618 dicens
1012 1561 1132 1628 claram,
1151 1570 1182 1617 nt
1197 1574 1300 1616 aurum
1317 1557 1478 1642 fulgurans,
1499 1562 1528 1613 et
1548 1556 1709 1613 succinum
1722 1555 1837 1612 mirera

134 1639 198 1681 euin
212 1625 357 1696 prefatam
373 1628 525 1689 Ecclesiam
540 1634 695 1700 possidere,
707 1648 792 1705 quam
809 1635 870 1690 sine
882 1633 956 1703 prio·
1011 1639 1106 1688 vatum
1118 1633 1146 1688 in
1158 1633 1285 1703 capides,
1304 1640 1335 1688 ut
1347 1630 1440 1685 bibas.
1458 1649 1471 1679 i
1487 1629 1657 1697 Antequam
1669 1640 1686 1682 a
1698 1632 1766 1683 nota
1780 1640 1836 1682 ma·

135 1698 176 1752 ris
191 1710 320 1765 assensa,
332 1704 360 1753 et
370 1699 493 1757 alterius
506 1702 645 1761 advocati.
657 1705 888 1762 citrasolemnem
903 1718 956 1760 or·
1011 1716 1077 1759 nuni
1101 1718 1291 1768 amoveamus,
1306 1715 1361 1759 non
1382 1702 1437 1757 erit
1459 1699 1566 1756 inutile
1580 1697 1741 1755 observare
1755 1698 1834 1768 qaod,

133 1769 231 1824 dinem
243 1770 330 1838 juris,
348 1775 375 1825 et
392 1784 422 1826 re
443 1773 472 1827 nl
489 1778 737 1845 consuetudinem,
756 1777 857 1833 invitis
867 1782 894 1832 et
906 1789 954 1831 re
969 1764 995 1824 B
1008 1775 1062 1829 etsi
1071 1775 1258 1831 Libernoster
1272 1772 1566 1839 Pontificalissaepius
1576 1774 1707 1839 repetat,
1722 1769 1836 1823 bunn-

134 1839 327 1922 clamantibus
342 1787 525 1910 parochianis
542 1846 688 1918 ingressus
699 1846 802 1905 luerat.
819 1866 831 1898 i
1008 1848 1098 1900 stituit
1113 1852 1162 1901 out
1175 1849 1241 1913 sccii
1255 1848 1473 1901 constitutionem
1485 1843 1517 1897 de
1530 1842 1671 1907 Ecclesia,
1691 1840 1721 1925 id
1738 1840 1833 1924 nonnil

168 1913 253 1967 Linea
275 1908 302 1967 i.
319 1915 402 1969 -e't
422 1917 462 1970 sic
486 1919 575 1973 inisse
600 1919 811 1988 celebrarentur,
845 1923 953 1987 eccepto
1008 1915 1202 1984 amiiiiandam
1220 1916 1396 1986 pontificiam
1412 1916 1601 1985 majestatem,
1620 1912 1674 1969 sed
1692 1911 1780 1968 titulo
1791 1911 1835 1967 di-

132 1982 206 2050 quod
211 1983 261 2051 jus
275 1986 393 2053 episcopi
409 1988 558 2055 interesset,
574 1996 605 2044 ut
617 1994 723 2046 tontum
736 1992 823 2046 clerus
837 1991 954 2045 sustine·
1008 1989 1139 2058 enitatis,
1153 1995 1181 2045 et
1190 1988 1299 2044 Christi
1317 1987 1470 2059 privilegio
1483 1990 1527 2041 est
1541 1990 1657 2040 actum.
1673 1981 1833 2066 Promisiss-

132 2057 173 2107 ret
186 2055 309 2109 ominibus
322 2059 501 2126 presentibus
514 2076 548 2114 ea
562 2077 594 2116 ec
609 2065 807 2118 consecratione
819 2062 852 2117 de
868 2076 954 2116 manu
1008 2059 1079 2115 tioni
1096 2059 1278 2117 subsecutam
1300 2059 1428 2116 lldelium
1450 2055 1674 2128 persuasionem
1692 2069 1724 2110 in
1737 2054 1835 2110 edictis

131 2126 250 2194 episcopi
259 2126 321 2194 jorn
339 2143 464 2184 eoronam
486 2138 677 2192 consecratum.
702 2139 727 2189 et
750 2136 881 2203 occiperet
892 2147 954 2201 prc-
1008 2131 1182 2201 recipiendis
1193 2133 1373 2202 aperteinter
1387 2130 1445 2186 alia
1457 2130 1518 2198 ipse
1530 2127 1743 2183 Tertullianus
1751 2132 1831 2208 testa

131 2194 390 2264 sbptcrtrodcndcnn
399 2204 509 2269 populo.
522 2205 559 2258 Er
572 2202 950 2275 constitutionezepherini,
1007 2203 1154 2259 tissimum
1169 2203 1237 2259 lacit
1261 2203 1289 2258 in
1304 2201 1389 2268 libro,
1413 2214 1497 2272 quem
1513 2203 1593 2254 certo
1609 2197 1669 2253 sub
1682 2196 1834 2278 zepherino

132 2264 180 2322 uhi
203 2267 356 2338 episcopus
381 2274 497 2328 missam
527 2275 698 2344 celebrabat,
730 2278 791 2346 ipse
817 2288 951 2332 coronam
1006 2273 1098 2330 edidit
1112 2276 1147 2330 de
1163 2275 1318 2338 Pudicitia,
1337 2273 1451 2344 qnando
1464 2271 1499 2327 ab
1513 2269 1649 2325 Ecclesia
1661 2266 1832 2349 deiecitbo

130 2345 334 2408 consecratam,
357 2341 385 2396 id
408 2350 451 2400 est
476 2358 585 2402 sacram
609 2348 829 2416 Eucharistiae,
845 2346 952 2402 distri·
1006 2359 1097 2415 quens
1109 2347 1186 2402 enim
1198 2347 1233 2403 de
1254 2345 1404 2414 zepherini
1423 2344 1538 2400 decreto
1550 2341 1735 2396 concedente
1750 2338 1833 2421 lapsis

131 2407 236 2465 bueliat
252 2410 377 2478 clericis,
390 2422 416 2470 et
441 2416 568 2488 reliquas
582 2425 675 2487 partes
688 2419 816 2475 tradebat
832 2416 952 2487 preshy—
1006 2418 1332 2486 graviorumeriminum
1343 2415 1533 2481 reisveniam‚
1543 2412 1601 2468 ait:
1613 2432 1628 2464 r
1639 2410 1741 2467 Audio
1753 2417 1830 2493 etiae

131 2485 201 2548 tero,
219 2495 334 2550 pereum
349 2484 544 2544 distribuebat
556 2489 782 2558 plenioritcinm
794 2488 950 2559 presbyteri
1005 2488 1130 2544 edictum
1144 2488 1405 2559 essepropositum,
1415 2485 1568 2556 etquidem
1586 2488 1830 2566 peremptoriam:

131 2556 173 2605 est
185 2554 300 2632 tradere
314 2567 423 2611 sacram
452 2558 663 2617 Eucharistiam
680 2561 768 2631 plebi,
789 2559 949 2630 Presbyteri
1006 2557 1134 2627 pontifex
1147 2560 1260 2616 scilieet
1280 2559 1433 2628 maximus,
1449 2557 1525 2627 quod
1545 2560 1590 2610 est
1606 2565 1833 2636 episcopiasepi·

131 2635 209 2676 ruris
233 2637 260 2676 in
285 2625 411 2681 Ecclesia
440 2631 579 2700 civitatis,
597 2640 734 2700 presente
757 2633 891 2701 episcopo
907 2629 949 2685 iel
1005 2643 1167 2700 scopornm,
1197 2632 1287 2688 edicit
1303 2648 1309 2684 :
1325 2632 1382 2700 Ego
1397 2637 1425 2685 et
1447 2625 1587 2693 moechiae,
1614 2632 1645 2681 et
1661 2624 1832 2706 fornicatio·

130 2691 303 2772 presbyteris
320 2696 413 2762 ipsius
426 2699 516 2761 urbis.
539 2716 595 2756 non
609 2715 729 2771 possunt
744 2704 854 2771 olierre,
868 2702 950 2757 idest
1005 2701 1051 2755 nis
1061 2702 1339 2772 delictapoenitentia
1355 2701 1463 2757 iunctis
1476 2697 1631 2780 dimitto.»
1649 2693 1831 2778 suggillatis

131 2776 244 2818 missam
268 2764 419 2834 celebrare,
443 2783 493 2826 nec
505 2772 715 2829 Eucharistiam
731 2774 854 2840 danesii
868 2785 948 2828 conc.
1005 2771 1237 2831 refractariorum
1248 2768 1635 2841 nnmeropositnsedicium,
1651 2768 1704 2824 sed
1716 2764 1831 2822 insimul

129 2834 286 2915 Neocaesar.
309 2851 372 2892 can.
400 2838 444 2908 iti,
457 2855 520 2898 can.
537 2844 699 2913 Presbyteri.
713 2842 748 2902 95
762 2845 832 2901 dist.
846 2844 949 2899 Tamen
1005 2844 1214 2929 promulgantis
1233 2845 1427 2900 conditionem
1443 2839 1594 2909 exprimit,
1616 2844 1647 2894 et
1665 2837 1831 2918 quidem-ex

129 2912 215 2960 etiam
231 2916 368 2975 praesente
384 2912 546 2983 presbytero
569 2914 718 2984 diaconus,
743 2918 768 2973 si
794 2915 949 2971 necessitas
1003 2929 1187 2984 persuasione
1206 2917 1362 2984 communi,
1379 2927 1435 2986 qua
1449 2911 1593 2968 imbutum
1608 2914 1678 2965 aitte
1693 2906 1831 2990 delectio·

131 2984 239 3046 uigeat,
257 2985 474 3054 potesteiogare
486 2987 746 3058 Eucharistiam,eii
760 3001 839 3043 conc.
850 2985 947 3042 Carth.
1004 2984 1171 3044 neminisse
1193 2987 1239 3043 bis
1253 2985 1349 3044 verbis
1362 2985 1485 3042 latetur:
1501 2982 1592 3037 «Erit
1622 2981 1723 3050 igitur
1740 2986 1769 3035 et
1790 2978 1831 3033 bie

130 3059 167 3115 iv,
188 3061 251 3103 can.
279 3051 424 3107 Prusente.
453 3053 488 3113 93
510 3058 579 3113 dist.
600 3059 635 3113 Et
650 3059 709 3115 haec
729 3058 784 3116 luit
798 3057 949 3129 antiquior
1003 3057 1140 3116 adversus
1155 3060 1306 3121 Pencbicos
1324 3058 1443 3126 titulus,
1458 3053 1599 3111 adversus
1634 3064 1707 3106 mese
1723 3060 1831 3132 quoqne

128 3121 307 3203 consuetudo
319 3123 460 3181 Ecclesia.
472 3126 606 3197 cyprian.
621 3130 777 3200 delapsis:
792 3150 805 3184 c
819 3129 872 3186 llhi
883 3136 987 3200 ierac
1003 3132 1151 3187 sententie
1166 3136 1241 3187 retro
1262 3145 1346 3200 penes
1373 3129 1440 3185 illos
1455 3126 1637 3193 societatem,
1654 3134 1718 3193 quo
1747 3132 1831 3201 maps

129 3189 600 3272 soleninihusadiinpletiscalicem
615 3201 755 3258 diaconus
768 3201 868 3258 olferre
881 3213 948 3269 pra
1005 3199 1056 3254 hoc
1070 3202 1139 3257 mihi
1151 3203 1180 3258 in
1194 3209 1290 3259 notam
1304 3202 1431 3260 levitatis
1440 3199 1596 3269 objectent.
1611 3195 1831 3274 »Peremptorit

130 3260 262 3319 sentibus
277 3266 375 3335 coepit,
391 3286 404 3318 i
421 3277 475 3325 etc.
500 3271 574 3327 ldem
586 3273 691 3328 lustin.
709 3271 946 3344 martyrilpolog.
1003 3270 1101 3341 itaque
1114 3272 1293 3330 habebantur
1304 3273 1469 3344 apostolicae
1481 3267 1558 3328 sedis
1571 3265 1687 3348 edicta,
1698 3271 1729 3320 et
1739 3262 1830 3320 taliter

128 3344 167 3386 ιιι
185 3333 448 3406 «Εὐχαριπισαντος
469 3340 496 3394 δὲ
515 3348 559 3394 τοῦ
582 3350 747 3414 προεστῶτος,
774 3341 813 3396 καὶ
840 3340 947 3411 irenen·
1001 3351 1134 3413 suscepta
1160 3359 1222 3401 esse
1236 3345 1271 3401 ah
1293 3345 1420 3402 Ecclesia
1433 3350 1492 3400 tum
1506 3357 1540 3399 ex
1554 3334 1760 3406 Tertulliano,
1773 3339 1827 3390 ιιιι

127 3405 249 3489 eiecisse
284 3405 375 3471 πὰντος
404 3417 448 3464 τοῦ
475 3414 547 3476 λαοῦ,
575 3415 598 3467 ol
628 3417 774 3486 καλουμένοι
804 3414 862 3484 παρ’
887 3414 945 3480 ipo
999 3425 1032 3468 ex
1048 3413 1116 3471 aliis
1127 3417 1253 3472 laudatis
1264 3416 1475 3486 laudandisqae
1487 3414 1592 3471 claret.
1810 3472 1817 3484 ,

127 3473 234 3559 διακοιοι
256 3477 364 3532 διδόασιν
391 3482 486 3556 ἑκάστῳ
506 3490 555 3537 τῶν
575 3485 704 3556 παρόντων
721 3486 875 3558 ,perniciem
895 3481 944 3538 ἀπὸ
1034 3484 1121 3542 Linea
1130 3484 1156 3542 Ἰ,
1173 3517 1210 3528 -
1221 3488 1294 3542 Ante
1307 3504 1335 3542 se
1349 3487 1534 3543 sacerdotibus
1543 3484 1747 3542 adstantibus,
1757 3475 1829 3540 Abii·

125 3550 169 3597 τοῦ
190 3549 406 3631 superstitem,
430 3555 515 3626 ἃρτου,
536 3551 602 3609 ilios
621 3559 662 3610 καὶ
676 3557 689 3610 t
705 3578 772 3621 ατος,
792 3551 944 3619 antrensi
999 3557 1828 3642 quumpontidciscelebrantlsritamexhibetLiberPou·

127 3623 232 3699 nappin
254 3624 413 3693 nnopipoun.
452 3627 603 3683 l'raesi'dens
626 3634 845 3699 oeropostquuin
873 3645 944 3697 pru·
999 3625 1116 3685 rideatis
1134 3643 1150 3685 a
1168 3630 1297 3699 praesenti
1312 3629 1454 3700 perioche,
1466 3634 1495 3685 el
1509 3629 1714 3700 sequentihus
1728 3626 1825 3695 verilis,

127 3692 228 3744 tucrurn
238 3695 370 3750 actionem
381 3700 504 3766 perfecit,
525 3705 550 3753 et
563 3702 681 3770 populus
694 3702 944 3766 uniuersusfausto
998 3707 1026 3758 et
1049 3701 1196 3771 exprimit,
1213 3701 1391 3772 presbyteros
1414 3715 1478 3757 cum
1500 3700 1645 3757 Pontibee
1671 3700 1827 3758 celebrum

126 3760 388 3842 sceleritationeeurn
409 3771 613 3840 comprobavit„
641 3772 750 3826 diaconi
774 3771 945 3825 distribuunt
998 3776 1085 3830 etiam
1109 3773 1333 3838 concelebrasse,
1349 3779 1376 3827 et
1390 3771 1426 3827 ab
1454 3772 1517 3841 ipso
1531 3772 1646 3829 deiude
1671 3785 1764 3843 supra
1785 3769 1826 3851 ti·

127 3843 274 3910 “immine
287 3840 469 3904 Praessfflit'llmr
487 3845 517 3894 vi
529 3843 676 3912 participet
687 3858 757 3905 111111,
771 3844 802 3896 iit
813 3858 865 3912 nuo
875 3858 944 3910 nra·
1001 3852 1077 3902 treas
1089 3849 1205 3913 patenas
1217 3851 1414 3900 consecratum
1431 3843 1591 3913 accepisse,
1609 3844 1725 3913 populo
1738 3843 1826 3900 distri·

126 3901 171 3952 ‘²³⁴'
185 3907 251 3956 ‘¹⁶⁶ae
271 3910 343 3973 sunt,
356 3922 464 3977 Panem,
479 3913 573 3968 1111111111
588 3918 613 3970 ti
624 3929 736 3985 aquam,
752 3913 945 3969 etobsentibus
1001 3917 1157 3974 bnendum.
1172 3916 1273 3985 Deque
1285 3914 1343 3971 ritu
1357 3914 1392 3970 ob
1402 3913 1573 3983 ampliatam
1589 3915 1695 3971 Romae
1713 3912 1825 3983 religio·

125 3972 277 4039 mserum·
1002 3980 1825 4057 neminaliquibusimmntataitaloquiturlnnocentiusl

465 4091 601 4148 BENclNi
1000 4052 1824 4127 adDecentiumEgubinumscribensm.l:iheiermente

185 4187 191 4199 .
261 4187 274 4204 ,
605 4133 611 4147 '
1003 4132 1077 4200 quod
1092 4130 1127 4185 de
1150 4129 1299 4185 Dominico
1316 4141 1365 4198 per
1390 4128 1492 4183 titulos
1508 4127 1675 4198 mittimus,
1691 4126 1824 4198 superbiit

161 4188 246 4244 [ΗΜ
259 4205 286 4245 ⁰·
302 4220 337 4231 ··
355 4193 426 4248 Μ’
447 4199 623 4252 constitutum
642 4198 675 4252 dt
689 4199 818 4263 Ecclesia,
846 4201 878 4251 111
889 4211 947 4265 po·
1001 4215 1053 4257 nos
1068 4199 1218 4257 consulere
1231 4199 1361 4266 soluisti,
1382 4212 1447 4255 cum
1461 4210 1563 4254 omnes
1578 4200 1721 4256 ecelesiae
1731 4202 1824 4255 nostre

126 4262 202 4313 tenus
216 4261 317 4316 vitreos
331 4268 395 4318 unte
409 4267 560 4322 sacerdotes
578 4274 608 4322 in
625 4269 736 4324 ecclesio
748 4270 868 4323 ministri
880 4283 945 4336 por-
1003 4274 1078 4329 intra
1101 4271 1246 4328 civitatem
1271 4276 1339 4327 sunt
1362 4270 1537 4326 constituta.
1567 4269 1644 4327 cnm
1660 4267 1823 4342 presbyteri,

126 4333 433 4417 lietenbbiiniblTOPUm
446 4340 560 4394 nomine
571 4339 740 4410 plerumque
753 4339 869 4395 veniunt
880 4337 946 4394 sub·
999 4344 1068 4415 qula
1078 4342 1126 4400 die
1136 4343 1198 4412 ipsa
1208 4349 1323 4412 propter
1334 4341 1441 4412 plebem
1452 4339 1508 4397 sibi
1519 4342 1670 4399 creditam
1683 4342 1822 4399 elohim

126 4401 249 4483 1111111111,
262 4420 322 4488 ,11111
349 4420 414 4463 cum
433 4407 476 4464 vel
501 4409 684 4481 presbiteris,
711 4411 753 4466 111
768 4410 899 4466 blattinis
915 4411 944 4465 in
1000 4414 1152 4472 conuenire
1164 4426 1219 4469 non
1241 4419 1372 4483 possunt,
1390 4413 1499 4469 idcirco
1518 4410 1706 4470 termentum
1720 4428 1737 4470 a
1749 4410 1821 4469 nobb

126 4481 289 4532 ministerio
320 4484 474 4535 rastoesse
488 4481 632 4553 deberent,
653 4488 792 4553 sequentes
805 4482 945 4538 dicuntur
999 4485 1158 4543 coniectum
1179 4498 1228 4554 per
1257 4483 1404 4553 acolythos
1427 4483 1592 4552 accipiunt.
1612 4490 1648 4541 ut
1663 4490 1822 4543 seanostrt

125 4558 162 4600 sa
185 4546 231 4601 ius
247 4547 276 4602 iii
290 4491 397 4606 &rdine
414 4551 548 4609 Romano.
561 4555 593 4609 Et
609 4556 781 4617 amalarius.
802 4553 852 4609 lib.
874 4567 894 4608 ii
909 4552 944 4608 de
960 4542 1208 4619 Dnnmmuninne,
1226 4555 1349 4612 manime
1376 4555 1425 4611 illa
1453 4554 1499 4611 die
1521 4554 1699 4625 (Dominica
1727 4548 1821 4633 neap)

123 4614 201 4698 ⁰..‘⁵·
218 4619 292 4675 Eccl.
306 4634 330 4676 c.
350 4618 619 4695 inconsequentes
640 4632 730 4697 vocat,
746 4626 899 4693 Alcuinus,
915 4631 945 4679 et
999 4643 1055 4685 non
1078 4627 1209 4698 judicent
1231 4633 1388 4697 separatos.
1413 4625 1492 4694 Quod
1521 4638 1574 4696 per
1591 4628 1754 4697 parochias
1770 4626 1819 4683 leri

123 4687 175 4742 alii
194 4690 309 4758 passim.
326 4692 456 4751 Pontifex
472 4697 569 4767 itaque
584 4699 719 4767 decrerit,
732 4696 942 4754 atsubdiaconi
997 4700 1100 4756 debere
1114 4712 1171 4755 non
1188 4705 1266 4767 puto.
1280 4697 1354 4768 Quia
1365 4710 1421 4753 non
1439 4697 1521 4768 longe
1532 4701 1686 4766 portanda
1702 4705 1819 4757 sunta

123 4764 189 4815 ante
203 4763 364 4820 sacerdotes
383 4772 513 4837 gererent
527 4768 633 4825 vitreas
650 4775 776 4839 patenas,
789 4768 857 4824 duni
878 4781 943 4838 per·
998 4777 1159 4838 eramenta3
1170 4782 1277 4826 necnon
1291 4783 1339 4839 per
1349 4768 1642 4826 coemeteriadinersa
1653 4767 1819 4843 presbyterii

123 4836 187 4886 acto
201 4833 345 4890 saeribcio
360 4849 376 4890 a
392 4838 526 4906 pontibee
550 4839 707 4910 presbyteri
724 4840 860 4897 deberent
871 4853 944 4895 con·
997 4843 1185 4903 destinamus,
1200 4840 1498 4911 etpresbyterieorum
1517 4840 1819 4910 conficiendorumltt

123 4909 265 4960 ⁸⁰⁰f³¹⁰ffl
278 4919 376 4975 Panem
392 4910 545 4978 111111111θὸ
561 4920 676 4980 patenas
692 4912 826 4981 1111111111,
843 4917 870 4966 et
891 4924 944 4979 lio·
999 4914 1103 4970 habent
1123 4918 1151 4969 et
1171 4912 1326 4968 licentiam.
1340 4913 1402 4969 nile
1418 4909 1658 4981 presbyterorum
1687 4914 1818 4970 assistet-

123 4974 322 5041 pulotradeie,
340 4986 371 5034 ut
388 4992 452 5036 mor
476 4981 602 5039 dicetur.
625 4984 693 5039 Erat
707 4997 772 5039 vero
792 4984 827 5038 Ze
848 4980 943 5037 herini
998 4986 1049 5055 tia,
1078 4992 1107 5041 et
1133 4983 1378 5041 concelebratione
1411 4995 1477 5038 cum
1500 4980 1644 5054 episeopo
1668 4985 1818 5042 celebrante

122 5052 204 5102 atate
219 5049 402 5130 pervulgatus
416 5066 485 5108 usus
496 5054 647 5123 vitrorum,
667 5069 732 5111 cuni
751 5061 780 5110 et
793 4997 897 5110 carices
909 5067 943 5109 en
997 5056 1146 5113 adeundus
1171 5062 1215 5110 est
1237 5054 1367 5110 liorinus
1386 5052 1506 5109 deSacr.
1519 5055 1657 5112 ordinat.
1668 5071 1747 5114 exer.
1764 5065 1816 5117 iiii,

122 5118 216 5173 eadem
234 5125 351 5175 materia
367 5123 583 5193 conicerentur,
607 5126 682 5195 quod
702 5139 805 5183 coetus
819 5126 944 5195 scriptor
997 5143 1022 5184 c.
1040 5128 1065 5189 l,
1084 5141 1147 5198 pag.
1166 5122 1227 5181 itte.
1242 5127 1323 5182 Sicut
1333 5134 1361 5181 et
1378 5126 1475 5195 Lupus
1490 5130 1562 5181 tom.
1580 5127 1616 5183 lli
1633 5128 1666 5185 in
1683 5125 1818 5200 responsis

121 5186 318 5247 Tertullianus
339 5193 410 5262 (cop.
423 5191 451 5264 T)
466 5201 586 5252 testatur
605 5197 634 5252 in
661 5196 734 5253 libro
749 5198 784 5253 de
798 5197 942 5253 Pudicitia
996 5199 1030 5255 ad
1045 5197 1187 5255 cerularii
1206 5197 1367 5254 calumnias
1387 5198 1416 5251 in
1440 5196 1571 5252 Latinos.

122 5257 190 5315 dnm
206 5263 344 5318 adversus
358 5265 516 5322 catholicos
529 5266 676 5339 insurgit:
691 5290 703 5320 ι
717 5268 873 5324 Procedant
894 5270 942 5337 pi-
1032 5271 1118 5325 Linea
1131 5266 1159 5332 7,
1172 5267 1200 5323 8.
1214 5271 1379 5337 —Ercepto
1393 5267 1525 5337 quodjits
1535 5271 1664 5340 episcopi
1673 5273 1814 5327 biumsset

122 5335 210 5409 ctare
225 5333 349 5390 calicum
364 5344 535 5400 vestrorum,
559 5339 584 5393 si
596 5340 637 5394 iel
660 5340 689 5395 in
708 5339 770 5395 illis
783 5340 941 5409 perlucebit
994 5347 1025 5396 ut
1040 5346 1146 5395 tontum
1158 5340 1244 5395 clerus
1254 5344 1407 5394 sustineret.
1426 5340 1502 5394 intra
1516 5340 1721 5407 parenthesim
1730 5342 1816 5414 perio-

123 5406 321 5471 interpretatio
333 5407 451 5476 pecudis
467 5408 558 5465 illius.
576 5411 631 5466 »Et
645 5424 709 5467 niox
722 5410 790 5482 (cup.
804 5408 846 5482 l8)
859 5431 867 5465 :
881 5431 895 5464 r
910 5412 940 5467 Si
994 5414 1075 5469 chem
1098 5411 1298 5468 includendam
1314 5417 1393 5481 puto,
1406 5422 1439 5465 ac
1461 5414 1574 5465 textum
1591 5411 1640 5468 eie
1655 5412 1813 5486 legendnm:

123 5466 194 5548 lorte
201 5476 430 5557 patrocinabitur
445 5485 642 5550 pastor,quem
661 5485 689 5537 in
704 5482 793 5538 calice
801 5483 896 5554 pingis
908 5501 939 5538 :i
993 5483 1039 5539 Sic
1052 5486 1141 5539 inissa
1149 5482 1316 5538 celebrentur
1330 5481 1449 5551 (eccepto
1464 5481 1597 5550 quadius
1604 5486 1816 5555 epuwpieiter-

123 5552 153 5593 ιιι
168 5541 265 5626 iraqili
281 5547 348 5603 vitri
362 5550 477 5606 materia
494 5558 634 5620 pastorem
649 5567 825 5624 expressum,
841 5563 870 5609 et
887 5554 941 5609 de-
995 5559 1071 5619 esset,
1094 5561 1123 5609 ut
1138 5559 1245 5611 tantuin
1259 5556 1346 5608 clerus
1368 5553 1516 5607 sustineret
1527 5565 1606 5610 ontis
1616 5554 1817 5613 celebrationis

121 5623 208 5679 super
225 5622 333 5698 pictam
348 5621 503 5679 deducitur
517 5636 551 5679 eii
566 5623 662 5679 verbis
676 5624 937 5696 subsequentibus:
994 5626 1143 5682 sacribciit
1157 5627 1265 5680 omnino
1286 5623 1476 5694 presentibus,
1490 5629 1519 5680 et
1533 5625 1628 5682 simul
1644 5640 1816 5684 auscense-

123 5686 303 5765 “Aleiwqttt
318 5694 441 5755 pastoris
457 5694 617 5763 scripturas
630 5694 742 5763 haurio,
759 5698 810 5766 qui
823 5710 876 5752 non
894 5710 941 5767 po·
994 5702 1113 5752 erutione
1125 5697 1158 5752 de
1180 5711 1265 5751 manu
1284 5711 1296 5750 e
1317 5694 1472 5764 iscopijnn
1497 5709 1629 5752 comneni
1640 5702 1815 5755 mesenates·

121 5757 176 5813 tesi
190 5750 294 5837 1111131.
309 5759 450 5830 theuso,
465 5765 663 5839 imaginibus,
679 5773 707 5824 et
737 5767 830 5823 ictura
845 5768 940 5826 vitro-
993 5769 1161 5824 sumentibus
1176 5776 1204 5824 et
1223 5712 1327 5825 deinde
1346 5768 1481 5837 occipem
1497 5768 1814 5839 prubpterrrodendur

107 5839 175 5895 rum
187 5833 589 5905 antiquorumernoittsslnie
600 5836 643 5898 ΕΙ.
657 5838 703 5899 tir
717 5781 895 5898 {habaistis
908 5840 940 5896 ln
991 5840 1101 5912 populo.
