3892 6136
55 315 104 376 lta
701 318 879 378 ruAEthlo
903 320 949 378 ab
970 324 1052 380 Tohl.
1079 326 1126 380 111.

70 455 1755 484 Μ

464 617 689 766 littlll
751 618 1015 768 lllltltll
1078 622 1348 774 lllltllll

742 879 1065 989 humuncio

307 1100 366 1162 ab
401 1098 591 1164 TERTIUM
632 1101 784 1165 TOMUM
824 1103 1037 1170 EDITIONIS
1074 1107 1503 1175 ROMANO-VATIOANAE.

804 1295 1006 1308 *-

81 1437 107 1495 l.
129 1440 290 1500 Professus
312 1443 421 1502 fueram
442 1446 470 1501 in
486 1445 652 1516 prelatione
673 1445 759 1501 initio
784 1443 880 1514 operis
894 1441 1060 1514 Aexpositi
1069 1449 1326 1520 complecterentur
1335 1467 1475 1512 summam
1484 1460 1655 1527 gestoruma
1671 1459 1760 1515 maxi·

56 1531 164 1600 prensa
187 1547 314 1590 numero
330 1531 364 1590 ll)
385 1540 516 1591 acturum
541 1550 585 1591 me
601 1536 756 1608 generatim
769 1535 804 1590 de
820 1536 881 1588 cci-
936 1533 991 1589 mis
1004 1537 1353 1604 pontificibuseditorum.

55 1620 118 1689 piae,
145 1625 317 1677 auctmitnte
333 1635 367 1680 ac
382 1624 434 1692 nde
448 1624 577 1680 historiae
591 1625 621 1680 in
640 1624 718 1680 hisee
737 1623 814 1679 Vitis
828 1636 881 1679 ex·
971 1621 996 1678 3.
1014 1625 1157 1684 Fraudare
1172 1643 1227 1686 non
1243 1631 1331 1688 debeo
1344 1635 1544 1692 communione
1559 1635 1646 1706 hujus
1661 1636 1758 1694 laudis

56 1722 164 1779 pressae,
187 1716 254 1767 tum
277 1714 313 1769 de
329 1713 413 1770 illius
432 1714 598 1770 documentis
620 1718 648 1770 et
660 1714 879 1784 probationibus.
935 1714 1071 1771 saeculum
1094 1717 1202 1774 Christi
1225 1720 1368 1778 decimum
1392 1724 1524 1780 tertium:
1542 1726 1626 1794 cujus
1651 1728 1759 1783 monu-

55 1795 198 1869 originem
215 1815 285 1857 vero
311 1802 432 1872 primam
447 1816 509 1860 esse
530 1802 728 1859 arcessendam
740 1816 755 1857 a
769 1800 881 1857 catalo-
935 1809 1061 1858 mentum
1077 1804 1158 1873 plane
1168 1809 1313 1880 egregium
1327 1816 1355 1866 et
1365 1817 1464 1868 nostro
1478 1817 1645 1884 argumento
1659 1813 1689 1870 iu
1701 1814 1760 1884 pri·

57 1886 101 1957 p‘s,
117 1890 287 1957 praesertim
302 1902 318 1946 a
336 1890 449 1948 duobus
465 1891 527 1947 illis
543 1892 717 1962 antiquitate
738 1896 881 1961 praestau-
935 1888 991 1944 mis
1006 1891 1140 1949 idoneum
1153 1897 1387 1966 nupereilossum
1398 1901 1427 1956 in
1438 1900 1535 1957 tabula
1550 1915 1707 1960 marmorea
1721 1915 1756 1960 ex

57 1975 231 2047 tibussupra
246 1983 375 2045 caeteros,
388 1994 508 2051 quorum
523 1981 603 2051 prior
617 1980 671 2037 sub
682 1979 795 2036 tiberio
808 1991 880 2048 papa
935 1979 1089 2038 ruderibus
1099 1983 1275 2043 suburbanis
1289 1988 1379 2044 vineae
1389 2003 1445 2045 non
1460 1989 1542 2062 louge
1549 1990 1585 2046 ab
1593 1990 1679 2047 Urbis
1691 2004 1761 2048 moe·

59 2064 174 2123 nlertur
188 2068 228 2124 ad
245 2077 381 2140 quartum
392 2085 455 2127 aerae
466 2068 880 2140 Christianaesaeoulum,alter
935 2065 1021 2124 nibus
1033 2071 1078 2126 via
1097 2073 1214 2130 Aurelia
1232 2077 1397 2132 constitutae
1423 2077 1453 2132 in
1466 2077 1591 2135 collibus
1609 2079 1757 2135 Vaticanis

60 2167 113 2210 tero
123 2156 182 2213 sub
193 2156 293 2213 Felice
303 2159 338 2214 lv
347 2159 382 2215 ad
398 2159 522 2229 primum
534 2161 666 2216 trientem
680 2158 777 2216 saeculi
793 2157 878 2227 sexti,
934 2152 1082 2216 lubentius
1096 2160 1179 2235 dabo,
1195 2177 1260 2220 cum
1275 2163 1401 2236 elogium
1417 2165 1563 2235 pontilicis
1572 2166 1689 2223 Maximi
1705 2166 1756 2222 Ni·

60 2255 147 2314 nenpe
162 2244 200 2301 ad
229 2259 338 2302 anuum
354 2247 470 2304 circiter
484 2245 545 2305 530.
561 2250 601 2305 Dc
616 2254 737 2319 utroque
752 2246 880 2318 catalogo
933 2243 1007 2300 colai
1021 2249 1100 2304 tertii
1111 2249 1219 2308 litteris
1230 2253 1404 2322 capitalibus
1419 2254 1449 2309 in
1467 2253 1517 2311 illo
1534 2268 1673 2313 marmore
1685 2254 1758 2312 luci·

58 2333 119 2388 ntis
129 2335 253 2405 egimus
269 2339 330 2392 tum
345 2337 459 2393 concise
473 2338 503 2393 iu
519 2336 685 2409 prolatione
699 2336 802 2408 tomil,
819 2342 878 2391 tum
934 2347 996 2388 sum
1022 2336 1062 2392 ita
1076 2339 1191 2396 accedat
1211 2340 1245 2396 ad
1274 2342 1378 2412 stylum
1395 2343 1603 2414 compendiosae
1623 2345 1755 2402 vitarum

10 2460 12 2481 2
59 2418 142 2478 insius
167 2423 202 2479 in
234 2424 447 2497 prolegomenis
461 2427 591 2498 secundi,
607 2426 658 2483 ubi
684 2427 878 2497 catalogorum
933 2425 1141 2495 complexionis
1157 2428 1186 2484 in
1201 2429 1340 2502 catalogis
1353 2437 1507 2502 usurpata,
1524 2440 1557 2489 ut
1572 2433 1667 2504 portio
1682 2446 1758 2504 quae·

59 2506 139 2568 tontes
160 2525 198 2568 ae
222 2512 395 2570 documenta
415 2517 583 2587 aperuimus
607 2517 638 2572 in
662 2516 798 2586 genuinis
820 2515 881 2571 lio-
932 2513 997 2568 dam
1017 2514 1140 2587 catalogi
1164 2517 1256 2573 videri
1272 2520 1373 2590 possit,
1394 2521 1451 2576 nisi
1467 2528 1636 2593 conspectus
1648 2522 1757 2594 lapidis

60 2611 135 2655 nane
153 2600 299 2658 Ecclesiae
314 2606 524 2676 monumentis;
542 2611 570 2662 et
579 2605 708 2675 exempla
722 2604 880 2661 vetustiora
934 2606 962 2657 et
975 2601 1135 2660 litterarum
1150 2606 1265 2663 Gothiei
1279 2608 1393 2678 duetus,
1407 2622 1440 2665 ac
1456 2609 1546 2667 iorma
1567 2610 1650 2668 illius
1661 2612 1757 2669 aetatis

60 2689 207 2761 utriusque
222 2691 316 2763 illius,
332 2706 448 2751 necnon
461 2694 586 2751 aliorum
599 2693 794 2766 catalogorum
811 2707 881 2763 pro-
935 2692 1050 2761 propria
1077 2692 1285 2753 demonstraret
1314 2697 1403 2754 luisse
1426 2699 1644 2770 inscriptionem
1673 2713 1756 2758 muro

59 2775 170 2849 latiora,
182 2784 214 2835 et
228 2781 629 2840 universorumcorrectioues
641 2797 674 2839 ac
684 2782 881 2853 supplementa
896 2773 1020 2836 BUrbis
1040 2782 1109 2837 olim
1124 2783 1234 2841 ahiram
1251 2787 1282 2841 in
1304 2800 1337 2843 ea
1359 2794 1439 2857 parte
1461 2789 1592 2858 pomoerii
1612 2790 1755 2860 Vaticani,

61 2867 242 2934 protulimus.
255 2870 333 2926 Satis
349 2871 439 2942 igitur
453 2873 617 2929 consultum
633 2870 724 2929 luisse
735 2871 881 2928 videretur
935 2883 1020 2941 quam
1045 2869 1167 2941 legimus
1180 2875 1265 2930 etiam
1287 2876 1361 2945 apud
1391 2875 1573 2934 Ptolemaeum
1587 2879 1753 2951 lucensem,

62 2953 114 3012 laic
142 2959 238 3014 etiam
268 2964 346 3017 tomo
372 2975 420 3031 per
443 2960 640 3034 prolegomena
662 2962 793 3031 secundi,
818 2975 880 3032 quae
934 2959 1084 3015 Jordanem
1099 2965 1126 3016 et
1141 2962 1280 3020 Plotinam
1298 2963 1593 3023 luisseaNicolaolll
1607 2965 1755 3025 laudatam

935 3056 985 3104 aut
1005 3056 1171 3118 reparatam.
1195 3052 1332 3123 Suspicor
1353 3058 1448 3111 autem
1464 3070 1521 3112 una
1539 3070 1605 3113 cum
1626 3058 1758 3130 antiquis

936 3138 1078 3195 moenibus
1101 3140 1236 3209 dejectam
1259 3140 1359 3214 luisse,
1384 3143 1457 3198 etin
1480 3144 1641 3213 adjacentes
1659 3146 1758 3203 uineas

934 3229 1040 3283 temere
1061 3230 1197 3297 perlatam
1212 3243 1228 3286 a
1249 3232 1449 3302 caementariis,
1467 3235 1580 3303 quaudo
1598 3248 1675 3292 novae
1690 3249 1759 3293 mu-

936 3316 1061 3372 nitiones
1070 3332 1135 3373 cum
1147 3320 1370 3391 propugnaculis
1380 3322 1463 3391 juxta
1471 3322 1547 3392 leges
1558 3322 1758 3379 architecturae

936 3404 1074 3462 militaris
1099 3407 1243 3463 hodierne
1258 3416 1428 3464 constructae
1442 3407 1558 3464 luerunt
1571 3408 1686 3464 sedente
1701 3408 1758 3464 Ur-

935 3492 1009 3551 bano
1019 3503 1127 3566 octavo,
1140 3503 1167 3552 et
1181 3496 1273 3552 diruti
1289 3503 1396 3551 veteres
1411 3496 1487 3550 muri
1504 3509 1569 3552 cum
1584 3497 1647 3553 suis
1661 3498 1758 3554 turri-

935 3582 1000 3654 bus,
1014 3586 1064 3654 qui
1076 3584 1204 3641 civitatis
1217 3585 1347 3640 Leoninae
1361 3588 1389 3638 et
1404 3583 1534 3640 Vaticani
1550 3584 1650 3654 palatii
1661 3585 1759 3643 ambi-

936 3679 997 3730 lum
1012 3680 1095 3729 antea
1109 3673 1331 3729 constituebant.
1348 3673 1471 3728 llarmor
1481 3674 1553 3730 mihi
1570 3673 1696 3733 feliciter
1710 3677 1760 3733 in-

937 3763 1074 3829 dicatum,
1107 3769 1135 3818 ct
1168 3777 1185 3818 a
1219 3761 1341 3832 scalpris
1366 3761 1558 3832 lapicidarum
1586 3767 1759 3838 exemptum,

937 3851 1045 3921 quibus
1058 3851 1174 3920 jamjam
1189 3849 1393 3907 admovebatur
1406 3850 1436 3906 in
1452 3849 1544 3909 inusta
1560 3853 1759 3926 excidendum,

938 3942 980 3997 vel
993 3939 1101 3997 iornaci
1120 3940 1251 3996 calcariae
1273 3939 1377 3996 misere
1399 3939 1586 4013 destinatum,
1612 3949 1762 4001 numerato

61 3045 202 3104 illustrant
215 3056 328 3106 atatem
344 3050 381 3106 ab
396 3058 518 3123 utroque
529 3052 659 3123 catalogo
667 3052 815 3108 delinitam
829 3069 836 3119 ς
853 3051 879 3106 si

61 3135 123 3194 altra
143 3138 276 3195 Felicem
296 3140 332 3195 lv
349 3154 405 3196 non
421 3142 605 3211 procederent
619 3142 690 3197 vitae
711 3141 779 3197 huic
795 3141 879 3196 tertio

61 3229 125 3284 tomo
143 3227 343 3285 includendae.
360 3229 462 3287 Verum
477 3244 543 3286 eum
558 3231 615 3288 illae
629 3235 783 3287 excurrant
803 3231 880 3286 ultra

60 3325 136 3374 retas
145 3316 278 3390 catalogi
292 3318 430 3375 Feliciani
443 3321 478 3376 ad
490 3320 574 3376 linem
584 3318 672 3376 ferme
682 3319 780 3375 saeouli
793 3319 879 3389 sexti,

59 3406 159 3464 anobis
174 3408 301 3479 exigunt
317 3413 349 3464 ut
362 3408 410 3463 bic
424 3409 560 3465 afferatur
572 3409 715 3480 quidquid
737 3408 881 3479 peculiare

60 3499 180 3568 suppetit
200 3501 269 3568 post
279 3497 440 3569 catalogum
455 3498 560 3554 Felicis
575 3499 610 3555 lli
624 3499 658 3554 ad
679 3498 880 3555 illustrandam

60 3586 283 3659 chronologiam,
301 3587 453 3643 historiam
468 3601 501 3644 ac
515 3588 685 3644 documento
705 3572 848 3660 gestorum
863 3600 880 3641 a

59 3676 245 3744 pontincibns
260 3676 355 3732 aetatis
372 3676 438 3732 inde
456 3683 624 3733 consecuta.
640 3678 705 3732 llaec
718 3690 785 3732 vero
797 3677 882 3747 dige-

60 3778 112 3821 ram
127 3766 238 3838 partim
254 3765 285 3821 iu
301 3764 477 3837 prelatione,
495 3767 599 3837 partim
616 3767 645 3822 in
661 3765 880 3838 prolegomenis,

59 3855 209 3925 partimin
229 3855 317 3927 notis,
332 3856 570 3926 quemadmodum
597 3856 785 3928 insuperiori
806 3861 882 3912 tomo

59 3945 216 4012 prestitum
230 3942 297 4000 luit.

87 4030 113 4088 2.
133 4031 265 4090 Obserro
281 4033 374 4104 igitur
389 4035 512 4105 primum
533 4048 589 4090 non
609 4034 731 4091 desiisse
744 4047 809 4090 cum
829 4033 885 4089 Fe-
940 4032 1032 4101 pretio
1056 4031 1229 4102 quantocius
1244 4030 1361 4100 redemi,
1385 4037 1412 4085 et
1426 4030 1601 4087 offerendum
1615 4046 1678 4088 esse
1692 4033 1763 4090 duxi

57 4120 108 4179 lice
125 4123 164 4179 tv
184 4137 287 4180 curam
308 4123 501 4193 complurium
517 4124 649 4179 lioiuauae
671 4123 806 4179 Ecclesia
827 4099 924 4179 mi·C
941 4121 1052 4176 llrbano
1065 4120 1258 4192 magistratui,
1277 4124 1309 4175 ut
1325 4120 1353 4174 in
1366 4120 1662 4189 Capitolinisaedibus
1675 4122 1764 4193 inpo-

56 4214 217 4270 numnam
227 4212 257 4269 in
268 4212 475 4285 colligendiset
487 4213 668 4282 inepitomen
678 4212 884 4269 contrahendis

55 4302 128 4359 litis
138 4303 323 4375 pontilicnm,
334 4303 571 4373 quemadmodum
581 4302 642 4358 lieri
656 4301 884 4374 perceperautab

54 4392 227 4449 auctoribus
235 4391 525 4464 utriusquecatalogi,
538 4392 724 4448 Liberianiac
733 4393 882 4463 Feliciani,

55 4497 147 4554 usque
168 4482 205 4538 ad
231 4495 338 4538 annum
366 4479 431 4537 530.
456 4481 527 4536 vitu
542 4481 612 4552 ipsae
631 4481 847 4555 subsequentes,
868 4496 884 4538 a

54 4571 293 4630 bibliothecariis
313 4577 418 4629 sancta
439 4573 571 4628 Romanae
593 4572 671 4628 sedis
686 4586 736 4642 pro
760 4580 884 4642 tempore

52 4664 248 4731 concinnatae,
261 4666 290 4719 et
308 4662 481 4735 posteriores
495 4661 628 4735 catalogi,
649 4662 684 4717 ad
700 4662 843 4718 decimum
856 4666 884 4718 et

54 4752 362 4810 undecimumchristi
378 4753 514 4808 saeculum
532 4752 672 4823 perducti,
691 4751 804 4807 abunde
820 4766 883 4807 ma-

53 4841 197 4900 nifestant
223 4842 311 4912 hujus
335 4842 556 4898 consuetudinis
581 4842 809 4912 prosecutionem
826 4854 882 4897 non

52 4932 266 4990 intermissam.
281 4932 344 4987 Duo
365 4937 460 4988 umen
478 4930 593 4987 aiteram
616 4929 774 5001 peculiaria
788 4930 882 4987 docu-

52 5029 160 5090 meula,
177 5035 242 5093 quae
253 5020 448 5091 comprobant,
461 5034 518 5077 non
528 5020 654 5078 modoad
668 5022 797 5088 linquam
810 5019 881 5074 Gre-

52 5114 174 5178 pon'um,
190 5111 220 5166 in
236 5110 411 5182 quodesiuit
424 5110 528 5167 tertius
546 5108 593 5165 hic
607 5114 711 5181 tomus,
726 5109 796 5179 quin
808 5113 836 5164 ct
846 5107 879 5162 ad

52 5200 261 5257 duodecimum
274 5199 384 5256 Christi
395 5198 543 5269 suculam,
559 5200 593 5255 ad
610 5199 685 5271 quod
700 5196 832 5257 nonnulli
848 5211 882 5251 ex

53 5291 197 5364 catalogis
206 5289 446 5360 insuperioribus
459 5288 546 5346 tomis
559 5288 631 5344 editi
641 5287 818 5358 pertingunt,
834 5285 881 5341 sed

56 5381 194 5438 etiamad
211 5378 350 5436 iuferiora
367 5383 504 5450 tempora,
523 5379 580 5434 imo
594 5378 666 5433 etad
678 5381 804 5432 nostram
820 5381 884 5430 ata-

940 4216 1047 4267 stcrum
1073 4214 1261 4280 praeservetur
1285 4222 1342 4265 una
1367 4223 1432 4264 cum
1459 4210 1571 4266 caeteris
1586 4224 1764 4269 summorum

941 4301 1110 4371 pontificum
1125 4299 1328 4369 monumentis,
1345 4313 1409 4369 quoe
1423 4299 1540 4368 posthac
1550 4300 1700 4357 evenerite
1712 4314 1764 4358 sua
1862 4372 1865 4379 Ι

940 4389 1005 4445 sede
1031 4389 1146 4445 divulsa
1168 4387 1299 4458 reperiri.
1316 4388 1405 4443 Tanto
1420 4387 1496 4443 enim
1522 4389 1627 4458 potiori
1640 4389 1706 4459 jure
1722 4390 1763 4447 ihi

938 4478 1042 4533 debent
1064 4483 1228 4533 nostrorum
1243 4475 1410 4545 pontiucnm
1434 4475 1577 4531 memoriae
1593 4477 1723 4548 retineri,
1736 4485 1764 4535 et

939 4567 974 4621 ab
990 4567 1109 4637 injuriis
1122 4572 1280 4636 temporum
1292 4565 1434 4621 vindicari
1450 4579 1507 4634 prae
1515 4567 1626 4623 caeteris
1637 4567 1764 4639 antiqua

939 4657 981 4712 vel
993 4656 1115 4712 recentis
1125 4654 1211 4710 Urbis
1222 4654 1386 4723 principum
1400 4656 1429 4709 et
1442 4655 1662 4725 magistratuum
1673 4657 1763 4712 nomi·

939 4746 1025 4801 nibus
1042 4759 1075 4800 ac
1092 4743 1194 4814 lastis,
1209 4748 1315 4814 quanto
1333 4742 1425 4814 regaie
1444 4742 1552 4799 Christi
1569 4744 1760 4800 sacerdotium

938 4849 987 4905 per
1003 4835 1077 4890 beati
1091 4833 1166 4889 Petri
1186 4832 1280 4888 sedem
1297 4833 1326 4886 iu
1341 4831 1411 4887 urbe
1426 4833 1554 4887 omnium
1569 4832 1686 4887 domina
1707 4833 1761 4888 de-

936 4917 1761 4993 dicatumsuperatrerumhumanarumsubjectalastigia.

936 5011 1027 5068 Velim
1048 5015 1184 5072 attamen,
1200 5012 1231 5063 ut
1246 5006 1432 5063 incitamento
1450 5007 1490 5062 sit
1503 5007 1670 5078 prescripta
1685 5010 1759 5068 mibi

937 5105 1127 5158 Romanarum
1151 5097 1358 5167 antiquitatum
1373 5096 1408 5151 ab
1431 5095 1545 5153 excidio
1559 5110 1592 5154 ac
1614 5098 1759 5158 oblivione

937 5190 1174 5247 vindicandarum
1188 5202 1266 5257 cura,
1282 5192 1311 5242 et
1325 5186 1616 5258 obsequentissimum
1628 5191 1757 5247 studium

938 5296 1004 5354 erga
1027 5279 1130 5336 Urbem
1157 5283 1198 5334 tot
1223 5276 1390 5333 nominibus
1410 5276 1607 5335 universarum
1630 5279 1757 5350 gentium

939 5385 1062 5427 amorem
1083 5369 1278 5440 promeritam,
1305 5380 1377 5438 quas
1403 5367 1524 5439 benigne
1546 5367 1757 5443 complectitur,

56 5477 111 5528 mm
135 5469 296 5527 identidem
317 5468 456 5540 viguisse,
472 5473 501 5525 et
515 5467 610 5524 adhuc
635 5467 731 5537 vigere
747 5466 823 5522 viros
839 5471 884 5520 te-
900 5455 924 5515 D
938 5460 1000 5531 ulit,
1014 5459 1096 5529 louet,
1112 5459 1252 5526 honestat,
1272 5456 1358 5512 unica
1374 5469 1475 5536 parens
1494 5469 1526 5510 ac
1546 5455 1639 5524 patria
1653 5461 1761 5517 exteris

60 5559 268 5630 uacesantiqui
285 5557 370 5616 illius
386 5557 485 5628 moris,
501 5557 552 5629 qui
568 5557 628 5612 sive
643 5556 755 5626 priuato
774 5555 881 5625 studio,
940 5549 1060 5609 oilercns
1085 5561 1141 5604 non
1167 5546 1249 5601 modo
1276 5545 1442 5616 reipublicae
1456 5557 1515 5600 suae
1538 5555 1655 5602 munera
1673 5548 1760 5607 etiam

62 5652 117 5706 sire
140 5648 260 5721 publico
274 5647 443 5707 testimonio
462 5645 629 5705 documenti
645 5645 775 5702 omnium
791 5644 885 5702 oculis
940 5651 1082 5710 suprema,
1103 5636 1150 5694 sed
1169 5634 1311 5705 quidquid
1337 5631 1407 5689 coelo
1425 5633 1565 5702 terrisque
1578 5635 1761 5704 pretiosissi-
