3892 6136
115 301 170 362 724
520 310 568 367 hb
585 310 803 369 humisine
820 312 1077 373 habundoniam
1096 316 1183 373 ablu.
1204 313 1420 373 holt-vmc.
1760 310 1801 374 'iffi

39 450 45 457 ·
139 435 220 489 Aoni
249 436 439 505 Imperatores,
481 437 619 502 04444444,
661 442 797 495 44444444-
838 441 916 495 Anni
959 440 987 499 A
1038 440 1116 495 4444·
1147 442 1373 502 Christianorum,
1401 440 1557 495 4444444444
1578 443 1604 495 44
1628 442 1692 509 4444-
1721 437 1790 493 Anni

113 506 239 561 Pectat.
311 522 384 571 rum,
408 523 452 564 res
478 513 559 577 peste
583 516 609 565 et
631 511 799 567 documento.
835 512 867 566 U.
883 510 912 568 G.
1022 511 1126 582 044444).
1165 515 1292 568 timorum
1318 512 1479 582 populorum
1523 512 1674 581 Pontifices,
1709 510 1773 564 Ere

115 572 141 631 44
161 576 226 631 lod.
824 588 889 637 onte

400 686 406 697 ·
807 657 906 724 etpost

820 743 903 797 Pelii.

258 846 330 919 obit,
347 847 516 905 succedente
534 847 717 906 sibihlarioo
732 849 804 919 tilio,

256 950 323 993 curo
353 943 499 1007 4444444444
522 951 615 995 annos
652 951 703 1004 xx,
737 940 805 995 Pota

260 1037 295 1081 ex
326 1025 442 1082 victore
457 1031 487 1083 et
508 1026 608 1084 conell
635 1027 802 1100 Agathensi.

294 1112 427 1170 Edictum
464 1115 675 1185 persecutionis
706 1117 807 1172 44444-

259 1201 314 1258 rlcl
328 1202 428 1259 datum
442 1216 470 1259 44
483 1202 536 1259 Kal
554 1205 629 1261 Mart
642 1218 700 1276 quo
728 1218 804 1263 anno

258 1287 472 1361 Follpsolisla,
481 1293 622 1350 44444444.
631 1293 703 1351 llide
717 1294 802 1352 Norie

260 1376 322 1435 hist
331 1379 378 1436 Pel
388 1379 408 1436 l.
421 1377 450 1450 0,
459 1394 484 1437 4.
495 1377 541 1438 24.

154 2038 227 2098 5498
298 2043 359 2114 lmp
371 2042 432 2099 caes
443 2042 517 2098 zeno
530 2041 597 2115 hug
610 2044 647 2098 tr.
660 2055 687 2111 p.
700 2038 743 2112 44,
758 2039 801 2099 42.
841 2036 911 2098 4234

138 2133 175 2204 ω
193 2130 227 2192 48
263 2135 317 2191 Cos
328 2148 371 2191 111.
844 2128 913 2188 4238

137 2221 220 2297 044
295 2223 435 2280 odoacris
446 2221 533 2294 Regis
543 2217 571 2292 9,
582 2226 610 2277 44
621 2217 663 2278 40.

173 2317 197 2369 F
302 2310 631 2382 cosSymrnachussine
651 2309 774 2382 collega.

139 2405 230 2462 indict
301 2400 389 2456 Vetus
401 2399 526 2468 inscript
538 2399 613 2468 apud
628 2399 720 2472 44444
747 2405 806 2456 tom

155 2508 206 2550 444
263 2493 296 2559 ll,
314 2502 368 2560 pag
392 2484 455 2554 449,
469 2493 499 2542 44
512 2488 618 2544 Gruter
632 2484 710 2556 4057,
724 2487 752 2558 5,
778 2490 807 2543 44

158 2589 184 2639 44
194 2595 224 2638 44
261 2580 366 2637 heines
378 2572 506 2649 pegusa.

297 2666 419 2723 tenonis
434 2663 515 2721 dlins
539 2663 574 2719 ad
587 2664 704 2733 imperii
717 2676 805 2735 spem,

264 2755 314 2813 sed
339 2753 462 2825 pessime
491 2752 639 2822 educatus,
672 2752 805 2809 moritur.

264 2846 349 2902 Peter
361 2855 396 2900 ex
417 2841 516 2899 Suida.

300 2931 541 2989 clodoveusanno
553 2944 580 2984 r.
589 2930 671 3002 regni
684 2929 730 2986 sul
743 2929 808 3001 Sya-

265 3022 362 3095 grium
390 3018 596 3076 suessionibus
620 3020 805 3088 imperantem

266 3110 329 3167 acie
349 3108 429 3178 44444,
448 3114 477 3164 44
494 3107 531 3163 44
544 3106 659 3164 Alarico
682 3106 804 3178 visigot.

265 3199 340 3269 llege
360 3195 395 3252 ad
420 3209 503 3268 quem
528 3193 650 3267 fugerat,
665 3195 806 3251 clodoveo

264 3287 382 3345 deditus
399 3285 552 3342 occiditur.
573 3285 614 3341 Ex
626 3284 735 3356 Gregor
748 3285 810 3340 Tu·

268 3389 320 3433 ron
331 3380 360 3432 et
372 3375 517 3432 44444444.
531 3373 672 3430 Petarius.

161 4010 234 4072 4499
305 4011 367 4081 lmp
378 4008 461 4065 0444
474 4007 547 4063 zoco
558 4006 623 4077 444
633 4008 672 4061 44.
686 4018 713 4075 p.
728 3999 813 4059 4243.
851 3999 920 4061 ists

146 4100 236 4178 &49
272 4100 381 4156 cosm.
851 4089 920 4149 4239

42 4207 50 4221 ‘
144 4192 231 4271 042
306 4179 669 4255 004444440444440,44.

156 4286 247 4412 infiat
296 4273 539 4417 (3044Βῖ31ςηὶ444.

186 4457 215 4501 rx
313 4439 401 4495 Vetus
413 4433 577 4503 inscriptio
601 4432 629 4489 S.
646 4431 764 4489 ltartini
781 4434 816 4490 de

171 4538 231 4590 etx
275 4526 433 4595 Montibus,
449 4525 535 4595 cujus
549 4524 633 4581 44444
659 4522 816 4594 fragmenta

275 4621 432 4689 supersunt
456 4615 485 4671 in
500 4616 602 4685 parim.
618 4617 730 4687 lntegra
743 4613 819 4684 legi-

276 4714 326 4766 tur
343 4705 418 4776 apud
432 4704 578 4761 Fleetrood
596 4718 623 4774 p.
639 4701 702 4774 448,
717 4708 745 4759 44
761 4705 818 4759 lie·

278 4796 344 4855 land
360 4795 467 4851 44444
483 4790 544 4862 442,
567 4791 631 4859 thu,
656 4798 686 4848 et
706 4793 752 4865 leg
773 4791 816 4866 44,

276 4886 307 4943 0.
329 4884 365 4942 44
378 4881 512 4951 testibus,
528 4880 651 4952 aliaeque
662 4881 714 4939 ihi.

169 4976 241 5037 0200
313 4972 652 5045 lmpcaeszenohugtr.
669 4988 696 5044 p.
711 4969 755 5044 43,
770 4969 814 5027 44.
854 4969 925 5029 4239

155 5065 244 5147 φ20
278 5066 389 5123 Cosrn.
857 5060 927 5121 4440

153 5164 243 5241 043
310 5161 550 5234 Odoacrlrllegis
574 5157 708 5217 444442.

155 5262 179 5315 n
317 5250 371 5306 Cos
385 5250 424 5306 Fl.
439 5248 576 5305 Boethius
589 5248 679 5305 solus.

162 5345 252 5403 indict
319 5337 431 5409 hringh
444 5334 519 5392 libi.
528 5336 597 5392 44444
610 5336 679 5393 subt
691 5351 743 5410 pag
758 5336 819 5405 409,

193 5446 212 5488 x
286 5436 315 5486 et
338 5426 440 5482 heines
464 5421 527 5486 920,
543 5431 571 5480 44
596 5425 743 5484 Fleetvood
766 5443 821 5501 pag

176 5524 202 5575 et
215 5533 245 5575 11
283 5514 346 5587 440,
374 5519 403 5570 44
414 5509 476 5570 hil.
502 5517 530 5568 et
544 5513 641 5570 (144444
664 5516 733 5572 lions
750 5515 778 5571 h.
791 5511 819 5572 ’4.

283 5613 313 5663 44
335 5604 355 5661 l.
370 5603 398 5672 5,
412 5603 441 5658 C.
466 5601 635 5660 detractet
654 5599 690 5660 lit
703 5618 820 5675 expens.

1179 585 1272 652 hopes,
1293 599 1336 638 res
1348 589 1429 652 peste
1443 588 1469 637 et
1495 583 1670 637 documento.
1697 579 1791 636 Christi

1142 849 1237 906 chiam
1254 849 1417 923 ingreditur
1427 853 1456 906 et
1469 846 1544 905 Praei
1551 848 1685 904 Praethl·

1142 937 1418 995 lialunrconstituit.
1444 938 1468 993 Α
1492 939 1602 994 unone
1620 937 1684 1006 hug

1141 1033 1317 1086 contraeunt
1331 1034 1359 1084 44
1370 1027 1454 1084 illurn
1469 1027 1580 1084 4444444
1594 1026 1683 1083 mitti·

1142 1118 1191 1172 tur
1201 1116 1324 1172 loannes
1336 1115 1449 1186 Scytha,
1465 1128 1482 1171 a
1497 1114 1634 1186 qucricti
1652 1115 1681 1169 in

1142 1204 1293 1262 castellum
1315 1217 1345 1261 se
1367 1203 1521 1275 recipiunt.
1543 1204 1629 1260 Petav
1646 1216 1681 1260 ex

1141 1293 1321 1363 Theophane.

1176 1380 1245 1435 Dira
1261 1381 1423 1450 persecutio
1431 1381 1462 1436 in
1473 1378 1570 1437 Africa
1580 1385 1680 1438 contra

1140 1468 1304 1525 catholicos
1317 1469 1353 1524 ab
1365 1470 1508 1526 ilunerico
1522 1469 1598 1542 liege
1610 1471 1685 1527 exci-

1140 1564 1219 1614 tatur
1233 1571 1328 1614 mense
1354 1557 1427 1614 Febr
1442 1557 1535 1628 pulsis
1551 1559 1581 1614 in
1603 1559 1685 1615 exsi-

1141 1646 1213 1704 lium
1249 1647 1402 1719 plusquam
1440 1645 1494 1703 334
1520 1648 1680 1720 episcopis

1140 1734 1208 1792 Obit
1224 1736 1387 1792 llunericus
1413 1736 1453 1792 44.
1469 1737 1534 1792 Dec.
1550 1737 1684 1794 Succedit

1139 1827 1342 1885 Guntabudus.
1366 1825 1452 1883 Nonis
1467 1826 1529 1884 hist
1541 1826 1590 1884 Pel
1618 1826 1639 1884 l.
1653 1825 1680 1885 2.

1142 1913 1221 1973 424.

1037 2021 1116 2093 Olym
1180 2021 1321 2081 44444442.
1335 2031 1364 2080 44
1376 2022 1403 2081 3.
1727 2021 1812 2080 ibi

1045 2109 1099 2169 345
1175 2113 1282 2182 Quarta
1318 2115 1449 2186 synodus
1475 2114 1603 2173 44444444
1631 2116 1686 2174 snb

1055 2216 1084 2259 44
1143 2203 1237 2260 Felice
1258 2210 1357 2260 contra
1389 2203 1537 2261 Fullonem
1563 2209 1592 2259 44
1610 2204 1686 2261 444-

1055 2298 1082 2348 et
1146 2294 1234 2350 cium.
1247 2294 1318 2351 Vide
1334 2298 1417 2349 notas
1430 2306 1484 2364 pag
1508 2288 1561 2348 484
1579 2299 1608 2349 44
1621 2290 1682 2350 tal.

1055 2379 1108 2438 346
1179 2384 1210 2438 44
1225 2382 1324 2439 losnla
1337 2382 1550 2453 cyprocorpus
1564 2383 1593 2439 S.
1613 2384 1685 2440 Bar·

1145 2471 1225 2527 nabe
1234 2471 1364 2541 Apostoli
1380 2485 1413 2527 eo
1423 2472 1686 2545 revelantedetegl·

1147 2567 1210 2617 tur:
1239 2561 1324 2630 enjus
1336 2561 1370 2616 44
1396 2567 1495 2631 pectus
1508 2561 1538 2616 S.
1555 2561 1681 2619 4444444444

1144 2648 1691 2721 EvangeliumrepertumConstantino-

1145 2736 1234 2808 polim
1246 2735 1385 2793 defertur.
1394 2738 1487 2793 Petav.
1501 2736 1553 2792 Sed
1567 2739 1688 2795 444444

1146 2827 1286 2882 44444444
1315 2825 1391 2881 intra
1413 2825 1584 2882 triennium.
1618 2827 1689 2884 Vide

1148 2915 1265 2985 Pagium
1277 2915 1306 2969 h.
1320 2927 1347 2969 4.
1364 2927 1392 2968 4.
1408 2911 1436 2971 2.

1182 3004 1223 3058 Ex
1235 3002 1481 3061 Antiochlhrono
1491 3003 1576 3075 pulso
1585 3004 1690 3063 calen-

1145 3093 1234 3150 dione
1251 3091 1398 3148 catholico
1426 3094 1527 3150 Petrus
1543 3093 1627 3152 Fullo
1639 3096 1692 3153 Se-

1147 3180 1211 3236 dem
1232 3185 1363 3251 occupat,
1379 3187 1408 3236 44
1417 3180 1558 3251 xenaiam
1574 3196 1688 3241 serrum

1146 3268 1692 3341 Persamhierapolisllpiscopnmcon·

1100 3385 1104 3391 =
1150 3357 1259 3421 stituit,
1267 3357 1317 3428 qui
1332 3363 1535 3414 contrasaeras
1550 3359 1693 3433 imagines

1150 3445 1263 3517 primus
1292 3446 1498 3519 dogmatizavit
1522 3447 1641 3520 Thecph
1663 3450 1693 3507 in

1148 3533 1258 3590 lliscell
1283 3540 1311 3590 et
1331 3534 1420 3590 hnast
1435 3535 1505 3592 binc
1527 3536 1557 3593 44
1574 3535 1694 3609 ‘synodo

1147 3623 1202 3678 Nic
1215 3625 1249 3691 ll,
1264 3623 1441 3694 hierosolym
1454 3624 1599 3696 Episcopo
1613 3627 1693 3684 llar-

1150 3711 1225 3783 tyrio
1236 3709 1690 3772 deiunctosucceditSallnstlus.

1147 3801 1242 3857 Petne.
1265 3799 1369 3871 Papius
1391 3797 1490 3857 4444444
1503 3800 1536 3858 ad
1552 3814 1611 3860 ann
1623 3816 1696 3876 pro·

1150 3888 1271 3945 simunt.

1185 3993 1403 4053 norrenses.
1732 3984 1812 4053 13

1064 4100 1084 4144 4
1185 4087 1308 4142 loannes
1334 4085 1520 4144 Antiocheno
1560 4088 1695 4146 Ecclesia

1151 4174 1300 4244 Presbyter
1309 4181 1408 4232 contra
1421 4175 1619 4246 Eutychianos
1628 4177 1696 4235 scri-

1152 4263 1197 4319 bit
1217 4263 1364 4320 Marcellin
1380 4278 1463 4336 quem
1479 4265 1649 4323 Gennadius
1661 4267 1697 4323 de
1720 4300 1726 4307 ·

1155 4353 1230 4409 viris
1241 4353 1310 4409 illc.
1327 4350 1371 4419 93,
1388 4354 1615 4411 Nestorlanisnri
1628 4369 1696 4413 sus-

1159 4442 1373 4513 pectumbabet,
1386 4441 1556 4498 observante
1570 4444 1696 4501 Petauio.

1191 4531 1351 4589 clodoveus
1373 4531 1548 4589 Chlotildem
1573 4532 1695 4605 chilpe-

1157 4624 1211 4680 rici
1227 4623 1374 4694 lturgundi
1392 4621 1481 4677 tiliam
1503 4635 1624 4679 uxorem
1639 4624 1697 4682 dn-

1156 4714 1207 4781 444,
1223 4726 1287 4768 cum
1307 4710 1514 4768 Theodoricurn
1532 4725 1567 4768 en
1588 4725 1698 4770 concn-

1156 4804 1223 4859 bina
1236 4804 1293 4873 jam
1311 4801 1495 4873 suscepisset.
1517 4801 1561 4858 lbi
1576 4814 1613 4859 ex
1626 4803 1700 4876 0444

1156 4895 1262 4950 Toron.

1065 4998 1084 5040 4
1193 4982 1297 5037 roliers
1319 4979 1376 5038 cer
1393 4981 1420 5039 5.
1785 4971 1812 5022 A

1061 5088 1093 5132 44
1194 5071 1334 5140 Quintum
1353 5072 1515 5130 Concilium
1539 5073 1699 5132 4444444444

1160 5157 1215 5216 sub
1238 5161 1332 5217 Felice
1349 5162 1395 5227 lll,
1412 5162 1531 5219 Boethio
1543 5162 1577 5218 V.
1592 5164 1623 5220 0.
1640 5177 1698 5220 cos.

1160 5248 1232 5305 lide
1252 5255 1335 5305 notas
1347 5251 1381 5306 ad
1396 5249 1518 5307 Felicem
1530 5252 1577 5307 lll.

1193 5338 1388 5394 Theodericus
1402 5336 1562 5396 Gothorum
1578 5342 1637 5398 ilex
1648 5342 1702 5398 be-

1159 5428 1244 5484 nonis
1258 5429 1320 5499 hug
1333 5440 1480 5499 nunquam
1499 5427 1650 5488 beneticiis
1661 5445 1703 5489 sa·

1159 5518 1249 5574 tiatns
1262 5529 1348 5587 prope
1362 5515 1643 5589 Consmntinopolinr
1654 5519 1703 5575 in-

1161 5604 1252 5662 tesius
1276 5605 1398 5660 accessit
1421 5610 1451 5660 et
1478 5605 1615 5675 pluribus
1630 5607 1702 5665 locis
