3884 6126
113 241 167 301 695
512 242 559 297 nt>
577 240 794 298 ANASTASIUM
813 241 1071 327 Puondaonsstttt
1089 244 1177 300 EDlT.
1200 241 1415 300 Rosa-vanc.
1766 236 1812 296 Ε

149 367 230 421 Anni
261 367 451 436 Imperatores,
493 364 629 427 Consules,
669 367 807 420 44444444-
841 366 919 420 Anm'
955 365 986 426 A
1023 368 1102 423 4444444
1134 368 1361 431 Christianorum,
1382 368 1536 423 suesorum
1560 372 1585 421 et
1601 367 1670 435 fini·
1704 364 1783 418 hatti

134 438 246 492 Periodi
298 451 370 506 rum,
386 451 429 490 res
444 441 534 506 qesta,
549 441 575 490 ct
589 436 756 491 documento.
834 439 865 492 tt.
882 436 909 492 G.
1020 437 1124 511 olymp.
1182 443 1309 495 timorum
1324 439 1496 509 populorum,
1526 440 1681 506 Pontifices,
1711 436 1788 488 AErae

132 508 188 562 tut.
204 512 231 562 et
824 513 887 562 onte
901 513 927 563 et
1180 514 1329 580 lioptacus
1349 515 1430 578 qesta
1454 510 1655 563 etdocumentu.
1674 506 1786 562 Christi.

149 579 213 634 lud.
791 585 852 649 post
864 579 924 633 Pol.

1139 741 1218 810 scopi
1245 740 1387 796 Armeniae
1414 752 1478 795 cum
1498 737 1683 794 consulenti-

1142 835 1196 885 bus
1217 828 1252 884 de
1279 829 1365 885 libris
1380 827 1520 886 Theodori
1543 828 1682 905 Mopsue-

1141 918 1226 975 stenl.
1251 917 1322 973 Vide
1342 917 1427 975 Naris
1448 916 1509 972 diss
1523 915 1679 986 desynodo

1140 1009 1172 1063 V.
1186 1006 1252 1062 OEc.
1266 1020 1318 1077 cap
1329 1003 1372 1076 44,
1389 1020 1443 1077 pag
1458 1002 1518 1061 4544.

292 774 418 843 inscript
438 772 520 828 vatic
543 773 618 843 apud
640 772 751 845 hringb
772 780 801 829 et

257 863 406 921 Flcetvood
421 869 451 918 ct
476 861 584 918 Reland
600 876 666 919 curn
688 861 802 933 legibus

260 953 415 1024 utriusque
437 950 547 1007 codicis
573 950 614 1006 ibl
640 949 801 1023 productis,

257 1053 358 1112 nempe
396 1039 449 1121 cod
485 1038 580 1095 Theod
621 1039 657 1095 de
704 1040 800 1113 baeret,

258 1130 277 1185 Ι,
294 1127 330 1186 66
355 1135 410 1185 etc·
1177 1094 1304 1152 Basilius
1316 1094 1423 1151 librum
1434 1094 1502 1164 edit,
1518 1107 1574 1164 quo
1585 1093 1683 1150 Theo-

331 1170 339 1200 ’
968 1202 972 1209 ¹
1141 1183 1206 1241 dori
1232 1189 1261 1239 44
1273 1183 1392 1239 Diodori
1415 1181 1607 1252 blasphemias
1633 1183 1685 1236 44-

1141 1274 1245 1330 tandas
1259 1272 1369 1329 docuit.
1398 1273 1465 1328 Post
1480 1271 1538 1327 baec
1550 1271 1685 1327 Armenii

1142 1361 1271 1419 Monachi
1287 1361 1494 1429 constantinop
1509 1360 1638 1428 4444444,
1655 1367 1686 1415 44

1144 1450 1252 1522 ubiquc
1274 1450 1373 1507 ambos
1413 1450 1479 1506 illos
1507 1450 1686 1505 damnandos

1143 1553 1205 1596 esse
1220 1544 1383 1596 suaserunt.
1407 1541 1490 1595 Petav
1505 1553 1540 1593 44
1553 1537 1686 1594 Liberata

1147 1642 1199 1699 cap
1212 1626 1254 1684 40.

294 1220 351 1274 Pax
378 1216 454 1274 lacta
476 1230 541 1275 cum
567 1216 714 1288 Vandalis,
737 1218 803 1274 data

259 1308 303 1364 eis
312 1306 347 1362 ad
368 1305 557 1362 habitandum
574 1320 623 1377 per
644 1307 802 1362 trienninm

261 1398 291 1452 in
308 1394 481 1453 locohlricae
494 1396 622 1466 portione
635 1396 803 1466 llipponetu

260 1487 301 1543 ld.
316 1486 381 1541 Feb.
396 1486 518 1555 Prosper
540 1484 570 1539 iu
585 1483 679 1541 Chron
691 1490 719 1540 et
733 1485 805 1542 Cas-

261 1575 359 1632 siodor
380 1574 489 1631 Paulus
502 1572 573 1630 Diac
584 1572 625 1629 lib
639 1587 688 1629 444
700 1574 806 1630 scribit

260 1666 356 1722 datam
379 1677 429 1733 pcr
453 1663 624 1735 Trigetium.
640 1662 711 1718 vide
730 1662 807 1717 4444-
963 1684 990 1745 Β

260 1760 335 1825 44444,
370 1753 431 1809 hist
467 1765 566 1824 persec
593 1747 805 1821 vandalus,

261 1858 287 1899 c.
311 1841 340 1907 4,
365 1840 435 1899 nl.
650 1853 655 1859 ·

154 1951 226 2012 5449
297 1953 378 2022 lmpp
389 1951 465 2007 Cacss
479 1950 658 2006 Theodosius
671 1948 726 2005 Jun
744 1948 808 2022 hug
845 1947 914 2006 4488
1058 1949 1091 1990 ¹¹1
1180 1928 1378 2002 Xl'ffleffi·
1745 1927 1803 1985 436

136 2046 174 2119 ᾗ)
194 2039 231 2097 Ph
261 2048 297 2096 tr.
314 2036 489 2112 p.3iet35‚
505 2054 610 2098 cosxv.
845 2036 915 2096 4489
1058 2036 1087 2078 44
1186 2020 1337 2075 Nestorius
1360 2019 1454 2074 edicto
1481 2017 1636 2074 Theodosii
1655 2019 1688 2073 in

137 2130 174 2203 ο
194 2129 228 2188 44
293 2132 327 2186 ut
350 2130 570 2188 valentinianus
587 2131 653 2187 tun.
680 2130 744 2202 sug
769 2134 804 2185 n.
1077 2181 1081 2189 ,
1146 2107 1690 2180 044444444444444-444444444444
1755 2118 1768 2145 ¹

154 2222 179 2274 14
200 2222 225 2274 tt
261 2216 556 2290 plletlzcosyv,
1147 2200 1258 2272 synodi,
1286 2205 1315 2254 et
1336 2213 1369 2254 ex
1396 2198 1517 2269 Evagrio
1542 2197 1688 2253 rotarius.

144 2308 236 2363 Indice
262 2341 331 2399 coss
368 2309 410 2365 pq.
426 2310 557 2366 qsqqms
570 2309 619 2366 0,,
1143 2289 1244 2346 loanni
1259 2286 1436 2344 Antiocheno
1458 2293 1522 2357 post
1535 2299 1627 2343 annos
1639 2299 1693 2342 sc-

94 2384 97 2391 '
173 2391 202 2434 44
367 2378 560 2437 SenatorOcc.
1145 2380 1269 2447 disxut,
1284 2383 1397 2434 mortuo
1413 2375 1586 2446 subrogatur
1598 2376 1694 2432 Dom-

154 2473 180 2521 et
205 2480 222 2521 4
294 2467 402 2523 lleland
413 2481 448 2523 ex
463 2470 588 2538 inscript
600 2471 744 2527 Gadianis
758 2472 809 2526 in·
1146 2482 1209 2523 nus.
1236 2466 1278 2522 lbi
1292 2480 1327 2522 44
1340 2466 1456 2537 cyrillo.

261 2557 360 2626 editis,
371 2562 400 2613 et
412 2563 579 2628 exutrcquc
589 2559 697 2628 codice,
708 2572 807 2628 nempe
1180 2555 1280 2611 helius
1305 2556 1368 2610 nux
1393 2555 1546 2626 utriusque
1570 2553 1691 2611 Militiae

263 2645 443 2703 Theodosian
484 2644 520 2700 de
544 2645 759 2701 Decurionibus
784 2644 806 2701 ll
1145 2643 1288 2700 Patrlcius
1301 2643 1463 2713 appellatur
1477 2647 1615 2699 strenuus
1629 2643 1696 2699 lto-

263 2729 357 2789 48444
371 2746 441 2803 seqq
454 2744 545 2803 usqne
569 2731 604 2786 ad
622 2728 673 2787 ⁴92
688 2737 716 2787 ct
726 2731 745 2787 4.
759 2729 805 2800 at,
1145 2732 1222 2790 mani
1240 2732 1355 2803 imperii
1371 2739 1574 2805 propugnator.
1591 2731 1636 2787 lbi
1649 2745 1689 2788 44

260 2821 292 2877 c.
307 2819 344 2877 de
370 2821 456 2890 Eplsc
478 2827 507 2876 et
528 2819 602 2876 Cler.
616 2819 703 2875 Gothi
727 2818 807 2891 pacis
1144 2822 1295 2878 tornaude.

264 2909 370 2980 placita
385 2908 555 2979 perturbant
569 2906 719 2965 obsidente
730 2910 806 2965 Nar-
1139 2908 1149 2927 '

262 2998 365 3055 bonam
375 2998 553 3055 Theoderico
564 2993 706 3071 [Prosper]
720 3010 806 3067 quarn

262 3086 381 3144 ldacius
403 3085 440 3144 ab
460 3084 543 3143 hetia
563 3085 713 3142 liberatam
729 3085 806 3141 scri-

263 3174 316 3245 4444,
341 3182 371 3232 44
384 3174 420 3231 ab
446 3174 544 3230 ecdem
572 3186 645 3230 caesa
671 3173 808 3245 Burgun-

262 3263 382 3319 dionum
397 3276 435 3318 xx
445 3262 482 3317 44.
497 3261 592 3318 Petau.

154 3369 226 3430 44450
297 3368 914 3442 1nppcaessnncouosinstnnnugttae
1043 3371 1121 3441 Olym
1184 3371 1268 3442 Xysti
1283 3368 1343 3441 djet
1355 3369 1381 3427 6.
1750 3373 1806 3432 tet

137 3465 174 3536 (ᾗ
200 3457 237 3516 96
267 3465 304 3516 tr.
319 3455 439 3529 443544
455 3455 500 3530 35,
514 3470 563 3516 cas
578 3473 624 3514 xv.
844 3457 913 3518 4490
1048 3458 1101 3516 303
1185 3461 1273 3518 Initia
1294 3463 1504 3534 persecutionis
1526 3460 1694 3524 vandalicae

135 3547 173 3622 ο
200 3546 213 3603 4
304 3550 339 3604 Et
366 3546 587 3605 Valentinianus
609 3549 663 3605 lun
685 3551 749 3620 hug
769 3556 805 3605 tr.
1057 3563 1085 3604 44
1148 3551 1178 3605 44
1194 3550 1290 3607 hlrica
1303 3567 1320 3608 a
1334 3554 1487 3612 Gesserico
1503 3564 1595 3614 mota.
1620 3557 1694 3614 Vide

139 3639 159 3694 C
267 3653 297 3708 p:
312 3634 346 3693 tu
365 3642 393 3693 44
409 3634 452 3708 43,
469 3650 518 3693 cos
534 3652 569 3694 44.
1058 3643 1083 3692 et
1149 3639 1272 3695 Ruinart
1286 3642 1315 3696 iu
1337 3643 1400 3711 ejus
1424 3644 1483 3700 hist
1502 3659 1531 3714 p.
1546 3641 1574 3716 9,
1589 3658 1643 3714 cap
1662 3642 1691 3715 4,

212 3753 218 3765 ⁴
423 3751 428 3763 ,
743 3722 765 3753 t

153 3753 243 3873 lzdwt
260 3785 329 3841 ⁶⁰⁸⁵
365 3751 520 3890 gxn'cgtilsuvsulltlv
539 3836 590 3878 seu
614 3823 806 3895 Signsboldus.
1046 3725 1099 3871 334
1147 3727 1375 3876 ηι144144Ξ44444444
1390 3823 1499 3892 nuptia
1513 3836 1579 3878 cum
1590 3823 1696 3881 Endo-

158 3914 183 3964 44
193 3923 220 3963 44
306 3907 436 3977 Epistola
449 3908 534 3976 xysti
548 3908 585 3963 444
598 3909 680 3977 Papae
690 3912 725 3966 ad
738 3914 809 3968 Pro·
1149 3909 1196 3964 xia
1215 3909 1368 3967 Theodosii
1394 3910 1464 3969 4444.
1489 3910 1641 3969 Marcellin
1665 3920 1695 3969 ct

264 3995 374 4066 culum,
399 3999 428 4052 44
446 3994 569 4064 epistola
591 3994 808 4051 Paschaslniad
1075 4059 1077 4064 ,
1149 3999 1280 4069 Prosper,

265 4088 294 4145 S.
307 4087 426 4143 Leonem
447 4086 581 4156 Magnum
596 4087 671 4156 apud
697 4086 811 4143 Buche-
1186 4087 1297 4143 Bellum
1308 4090 1445 4148 adversus
1456 4092 1564 4148 Gothos
1578 4093 1697 4149 llunnis

267 4177 344 4233 rium
366 4189 423 4249 pag
445 4170 483 4232 75
503 4182 532 4232 et
560 4176 635 4249 leges
659 4176 812 4249 utriusque
1150 4175 1344 4234 auxiliaribus
1363 4181 1484 4252 geritur.
1506 4183 1601 4236 Petav.

267 4266 378 4324 codicis
405 4267 480 4338 apud
509 4266 677 4333 4444444444,
712 4279 813 4338 nempe
1186 4266 1301 4322 Primus
1314 4268 1416 4338 Cyrilli
1438 4269 1535 4343 cyclus
1548 4271 1601 4327 boe
1617 4287 1697 4331 anno

268 4356 321 4412 cod
335 4355 813 4414 TheoddeDccurionibctsilen-
967 4365 994 4426 1)
1152 4355 1258 4427 coepit:
1294 4360 1344 4427 qul
1373 4372 1513 4415 annorum
1543 4372 1596 4414 xcv
1625 4360 1694 4418 4444

267 4445 406 4516 tlarlis‚l.
420 4445 448 4518 4,
462 4451 517 4504 444.
1149 4447 1291 4505 Pettalus.

162 4550 229 4609 5454
306 4555 472 4627 lmppcaess
493 4553 673 4613 Theodosius
691 4557 755 4629 hug
774 4563 808 4613 tr.
848 4554 918 4614 4490
1074 4568 1083 4608 4
1182 4555 1266 4625 xysti
1289 4554 1350 4612 644
1360 4552 1387 4611 t.
1757 4559 1810 4619 4344

147 4646 185 4719 ω
210 4640 245 4700 m
276 4640 451 4716 passast,
464 4658 521 4700 444.
847 4643 913 4702 4494
1062 4656 1083 4697 44
1185 4644 1204 4699 8
1241 4645 1282 4700 44.
1331 4644 1524 4715 chrysostomi
1560 4646 1699 4719 reliquiae

143 4731 180 4804 θ
220 4731 239 4789 9
304 4735 339 4790 Et
370 4733 590 4790 Valentinianus
616 4735 670 4790 tun
696 4736 758 4806 hug
773 4743 809 4790 tr.
1149 4733 1701 4803 consantinopotimallatae.monetes

185 4824 208 4877 Β
271 4837 299 4892 p.
319 4818 362 4893 43,
379 4818 423 4890 44,
445 4834 493 4877 cos
505 4835 543 4876 44.
1152 4823 1194 4879 lib
1207 4837 1259 4893 444,
1274 4837 1299 4878 4.
1313 4818 1357 4877 44.
1376 4824 1477 4894 lgnatii
1494 4837 1611 4895 quoquc
1622 4825 1701 4882 reli-

147 4930 239 4986 Micy
259 4965 328 5024 Coss
363 4926 541 4986 qhe0q051us
555 4928 618 5001 Aug
629 4944 686 4987 xv„
1153 4913 1228 4983 qnia
1241 4912 1271 4967 iu
1282 4909 1404 4967 lortunae
1414 4912 1552 4981 templum
1565 4914 1697 4972 transla-

67 5026 70 5031 ·
181 5016 209 5059 44
366 5003 499 5059 Faustus.
1153 5005 1198 5056 tae.
1223 4999 1306 5054 Petav
1320 5013 1354 5055 ex
1368 5001 1489 5071 Evagrio
1510 5000 1551 5056 lib
1569 5015 1589 5062 4.
1604 5016 1632 5057 4.
1653 5001 1699 5075 46,

164 5096 190 5146 44
202 5105 239 5148 444
313 5095 400 5149 Vetus
425 5092 549 5164 inscript
576 5093 605 5148 in
631 5093 755 5149 Basilica
784 5095 810 5150 S.
1152 5094 1180 5144 et
1202 5089 1315 5143 inventa
1332 5102 1451 5159 corpora
1466 5088 1502 5144 SS
1531 5091 1701 5164 XLmarty·

272 5180 354 5237 Pauli
370 5182 445 5251 apud
458 5182 578 5237 Severan
593 5188 621 5236 et
635 5182 709 5250 apud
722 5182 814 5238 hriu-
1153 5191 1227 5234 rum.
1251 5177 1325 5231 ldcm
1347 5191 1382 5232 ex
1405 5178 1557 5234 Sozcmeuo
1585 5179 1629 5234 lib
1656 5196 1698 5251 44,

273 5268 373 5338 ghlum
395 5284 422 5338 p.
436 5266 498 5329 444.
527 5274 555 5323 44
575 5267 679 5322 llelnes
706 5284 733 5337 p.
749 5267 812 5339 899,
1152 5279 1204 5335 cap
1218 5264 1245 5321 9.

271 5363 300 5412 44
323 5356 341 5411 4.
362 5353 390 5425 7,
406 5357 436 5411 c.
459 5355 495 5410 de
513 5353 657 5410 hereticis
680 5361 709 5410 et
728 5353 756 5427 5,
783 5359 811 5412 C.
1187 5353 1313 5409 Eudocia
1342 5354 1399 5409 voti
1441 5355 1570 5412 solvendi
1608 5371 1701 5416 causa

271 5446 306 5501 de
357 5442 587 5499 Pabrlcensibus.
632 5445 813 5503 Hermeurico
1151 5441 1373 5511 hierosolymam
1400 5444 1523 5513 prolecta
1560 5447 1701 5514 inpetrat

273 5534 428 5589 Suevarum
456 5529 524 5600 Regi
554 5531 651 5590 morbo
666 5549 811 5604 oppresso.
1043 5533 1048 5540 '
1153 5531 1292 5603 reliquias
1317 5532 1495 5602 SStephanl.
1519 5541 1546 5588 ct
1571 5534 1699 5593 Catenas
