3892 6136
118 221 187 283 litt
725 218 908 276 irnsinsu
929 215 1204 276 uiumoiuiicnuu
1763 220 1831 280 {tes

119 365 193 418 nem,
205 354 256 405 aut
272 347 444 404 creationem
461 359 559 403 noram
573 346 736 417 cuiuspiam
752 361 787 402 ex
801 347 848 403 his
860 347 983 406 ordi-A
1000 346 1144 418 gradatim
1156 346 1377 417 procedendoex
1389 346 1522 404 interiori
1536 347 1642 404 ordine
1651 349 1688 404 ad
1704 349 1832 417 proxime

119 421 217 478 nibus.
234 420 261 475 ld
283 425 394 474 tantum
424 419 564 488 praecipit,
586 432 621 473 ne
638 418 811 488 provebatur
823 421 891 488 quis
908 419 943 474 ud
1000 419 1178 488 superiorem
1195 419 1225 473 in
1239 418 1355 474 illorum
1366 432 1497 489 numero,
1509 419 1560 490 qui
1575 418 1831 476 eliormanioccle-

119 493 292 550 sublimiora
306 491 376 546 cleri
390 489 550 546 sacerdotia
569 497 597 544 et
612 491 712 544 munia
728 489 869 558 obeunda,
886 491 943 546 nisi
1001 491 1148 547 siasticam
1163 489 1365 546 hierarchiam,

627 844 745 913 xxx.
785 844 972 914 snncrus
1011 843 1323 916 unncuuunus.
1433 816 1441 831 '

541 1074 630 1118 anno
656 1059 872 1119 cuarsr1296
898 1072 1048 1117 procusa.
1078 1074 1119 1116 ar
1144 1074 1320 1116 mxxrmmni
1349 1057 1398 1118 i3.

277 1399 343 1461 30.
360 1400 597 1478 Marcellinus,
624 1400 763 1464 natione
777 1403 961 1478 Romanius,
978 1417 1019 1463 ec·
1042 1403 1144 1481 patre
1164 1401 1330 1480 Proiecto,
1356 1402 1445 1464 sedit
1460 1401 1568 1465 annis
1581 1405 1656 1465 octo
1672 1412 1711 1478 ⁸,
1740 1417 1833 1462 men-

237 1495 330 1558 sibus
354 1497 523 1576 undecim,
543 1498 662 1561 diebus
687 1498 812 1577 viginti
836 1497 976 1559 duobus.
1002 1498 1088 1560 Duil
1108 1501 1221 1561 aretem
1247 1498 1451 1580 temporibus
1466 1498 1689 1561 Diocletiani
1703 1502 1736 1560 et
1757 1502 1833 1560 ‚lec-

234 1593 384 1658 aimiani
399 1593 412 1635 ¹³
426 1613 466 1659 eu
481 1596 536 1659 die
559 1596 797 1660 Kalendarum
814 1595 1027 1659 lulioramo
1052 1595 1232 1659 consulatu
1249 1595 1461 1659 Diocletiano
1474 1600 1582 1674 secto,
1608 1599 1645 1658 et
1663 1596 1832 1658 Constan-

236 1691 331 1753 tinie
345 1695 400 1757 XI
412 1711 517 1775 usque
531 1696 577 1757 ad
603 1694 856 1758 Diocletianum
871 1696 926 1756 IX
936 1696 968 1756 el
989 1694 1240 1756 Macimianum
1266 1695 1342 1770 VII,
1365 1711 1428 1774 quo
1450 1697 1601 1775 tempore
1627 1692 1707 1775 suit
1729 1693 1832 1774 dper-

194 1789 213 1849 5
230 1791 358 1852 secretio
372 1808 509 1871 mapsa,
527 1796 564 1853 ut
578 1793 672 1854 intra
695 1792 848 1872 triptota
860 1792 933 1854 dies
945 1792 1180 1872 septemdecim
1206 1789 1319 1853 cirillia
1332 1791 1506 1853 dominum
1517 1792 1721 1872 promiscui
1736 1809 1831 1854 senar

228 1904 295 1967 per
308 1888 463 1951 diuersas
472 1890 673 1970 prouincias
680 1890 852 1967 rrcartprio
860 1892 1107 1952 coronarentur
1117 1889 1300 1950 Christiani
1314 1901 1327 1929 0
1343 1935 1349 1948 .
1364 1891 1535 1970 Dequare
1548 1891 1671 1971 etipse
1686 1889 1829 1953 Marcel-

234 1983 332 2048 linus
350 1986 396 2048 od
417 1987 631 2064 sucrificium
657 1987 780 2050 ductus
800 1984 1164 2064 deuteteronomio,
1182 1987 1270 2068 quod
1297 1991 1329 2048 et
1347 1985 1442 2067 fecit,
1467 1991 1591 2069 etpost
1612 2005 1750 2069 paucos
1765 1991 1830 2050 dies

232 2083 434 2163 parcitentia
463 2084 597 2160 ductus,
623 2084 663 2146 ab
688 2085 798 2147 eodem
812 2082 1024 2147 Diocletiano
1040 2082 1051 2124 f
1062 2101 1128 2165 pro
1147 2084 1216 2162 fide
1246 2083 1379 2146 Oloristl
1405 2102 1480 2148 cum
1514 2084 1681 2162 Claudio,
1702 2091 1736 2149 et
1766 2086 1830 2165 Cp-

233 2182 323 2260 rino,
340 2186 373 2245 et
395 2181 568 2246 Antonino
596 2183 806 2263 capitesunt
834 2183 991 2246 truncati
1014 2186 1047 2244 et
1061 2183 1231 2261 martyrio
1257 2187 1476 2258 coronantur,
1500 2182 1690 2262 conjurans
1717 2183 1830 2248 beatus

176 2279 213 2339 10
232 2279 448 2341 Marcellinus
481 2280 677 2343 Marcellum
710 2279 951 2361 presbyterum,
977 2278 1058 2343 dum
1082 2283 1235 2357 pergeret
1261 2279 1305 2341 ad
1333 2279 1524 2357 passionem
1542 2298 1658 2357 suam,
1687 2286 1728 2343 ut
1747 2299 1829 2361 prar-

235 2381 331 2458 cepta
358 2378 558 2440 Diocletiani
587 2395 654 2440 non
693 2378 845 2458 impleret
868 2391 904 2439 s.
921 2380 962 2440 Et
986 2381 1060 2458 post
1092 2377 1153 2439 hoc
1176 2377 1304 2439 iactum
1321 2379 1514 2457 jacueruut
1536 2395 1687 2460 corporo
1713 2385 1828 2444 sancta

231 2475 272 2538 iu
295 2474 414 2555 platea
446 2475 488 2538 ud
519 2476 709 2557 exemplum
733 2476 1000 2539 Christianorum
1028 2474 1145 2537 diebus
1167 2492 1224 2539 sex
1253 2476 1397 2554 triginta
1415 2494 1457 2539 en
1475 2477 1585 2557 jussu
1606 2478 1826 2558 Diocletiani,

234 2578 267 2635 et
293 2575 415 2636 scinde
440 2573 630 2637 Marcellus
647 2574 825 2655 presbyter
853 2573 992 2654 collepit
1019 2576 1119 2635 noctu
1151 2590 1288 2652 corpora
1318 2590 1396 2635 cum
1420 2573 1631 2654 presbyteris
1658 2580 1694 2638 et
1719 2577 1827 2639 diaco-

235 2669 337 2732 nibus
369 2688 446 2732 cum
474 2671 612 2750 hymnis
635 2675 668 2733 et
702 2671 855 2750 sepelivit
882 2672 939 2734 via
961 2670 1091 2736 Solaria
1118 2670 1153 2732 in
1178 2671 1364 2734 caemeterio
1402 2670 1579 2751 Priscillae,
1610 2673 1653 2736 iu
1681 2673 1827 2738 subdolo

176 2767 212 2827 15
232 2766 333 2845 claro,
364 2767 452 2848 quod
475 2772 569 2849 patet
593 2785 699 2848 usque
729 2769 769 2831 iu
796 2769 997 2832 hodiernum
1023 2770 1120 2846 diem,
1147 2769 1235 2850 qrcod
1259 2770 1333 2850 ipse
1355 2775 1606 2848 praeparaverat
1621 2770 1638 2812 ¹¹
1647 2775 1827 2853 pannea,

235 2864 526 2927 dumtraberetur
540 2866 585 2927 ad
597 2865 792 2928 occisionem
806 2867 846 2929 in
859 2871 980 2948 crpplc
998 2868 1105 2949 jueta
1119 2883 1241 2949 corpus
1266 2865 1381 2929 sancti
1410 2865 1656 2933 Crescentonis
1687 2888 1735 2932 vn
1760 2873 1828 2932 Ko-

235 2961 356 3024 lendas
376 2962 477 3025 Maii.
494 2961 501 3002 ῑ
520 2963 582 3036 Qui
598 2962 699 3024 etiam
724 2961 808 3043 fecit
832 2965 1067 3028 ordinationes
1090 2965 1177 3027 duas
1190 2980 1257 3045 per
1281 2980 1425 3026 nansem
1450 2964 1652 3030 Decembris
1664 2993 1676 3029 :
1688 2968 1828 3049 precip-

234 3063 322 3122 teros
354 3063 512 3141 quantuor,
547 3060 700 3123 diaconos
728 3061 822 3136 druos,
850 3062 1019 3142 episcopos
1054 3077 1117 3142 per
1140 3062 1276 3125 diversa
1302 3059 1375 3123 loca
1407 3078 1547 3123 nuntero
1579 3064 1754 3145 quinque.
1786 3065 1827 3127 hb

233 3156 347 3220 eodem
361 3157 415 3219 die
429 3159 574 3221 cessauit
586 3158 818 3240 episcopal-usi
838 3160 1088 3242 cicumseplem,
1104 3159 1274 3223 rmusibus
1287 3176 1356 3236 seu,
1369 3158 1485 3222 diebus
1500 3160 1642 3239 oipiuti
1662 3164 1825 3246 quinque,

173 3257 213 3319 20
228 3260 449 3338 persequente
469 3256 682 3320 Diocletiano
698 3258 927 3322 Christianos.

689 3432 937 3495 CATALOGUS
957 3433 1036 3496 SUB
1056 3433 1238 3495 hiennio.

155 3565 370 3629 Marcellinus
383 3565 483 3627 annis
502 3569 584 3645 octo,
597 3565 770 3629 mensibus
784 3565 903 3643 tribus,
924 3563 1041 3627 diebus
1053 3565 1179 3643 viginti
1194 3565 1354 3646 quinque.
1373 3565 1451 3628 Fuit
1466 3566 1689 3644 temporibus
1704 3567 1824 3629 Diocle-

116 3665 201 3727 tiani
214 3668 246 3728 et
257 3663 456 3727 Maximiani
468 3682 509 3727 ex
521 3664 575 3728 die
587 3664 693 3746 pridie
707 3664 877 3727 Kalendas
892 3664 1013 3742 Julius,
1026 3683 1046 3726 a
1060 3664 1255 3726 consulibus
1268 3664 1476 3727 Diocletiano
1489 3682 1526 3725 vr
1540 3666 1579 3726 et
1596 3665 1823 3728 constantior

116 3780 222 3842 usque
238 3763 273 3823 in
289 3764 502 3824 consulatum
516 3762 712 3825 Diocletiani
728 3780 766 3823 rx
776 3766 809 3825 et
823 3762 1024 3824 Maximiani
1039 3780 1109 3836 num,
1121 3779 1187 3842 quo
1202 3765 1349 3841 tempore
1364 3761 1429 3824 luit
1448 3763 1659 3843 persecutio,
1683 3768 1718 3826 ct
1731 3780 1823 3826 cesss-

14 3940 17 3945 ι
116 3860 166 3921 vit
184 3860 395 3941 episcopatus
411 3876 517 3920 annos
532 3862 669 3939 septem,
697 3876 827 3922 menses
848 3878 917 3938 sex,
938 3860 1010 3923 dies
1024 3860 1151 3939 viginti
1171 3860 1331 3941 quinque.

677 4028 817 4072 NOTULAE
843 4030 1050 4074 MARGINALES
1084 4027 1257 4072 submonui.

150 4163 206 4232 ⁸13,
228 4174 263 4215 an
277 4159 305 4228 8,
322 4157 502 4216 minusd.7.
548 4159 785 4230 inconstanti
804 4168 832 4217 et
857 4162 966 4218 Galerii
989 4163 1097 4231 impu
1119 4173 1196 4216 coss.
1224 4159 1296 4214 Dice
1316 4164 1344 4216 et
1380 4171 1408 4213 vr
1434 4167 1464 4214 et
1491 4159 1674 4220 Constantio
1704 4166 1739 4222 ad
1761 4166 1821 4221 Dio

116 4233 180 4288 clei.
199 4245 248 4286 viu
274 4237 301 4285 et
315 4231 523 4287 Maximianum
553 4245 618 4286 vrri.
691 4232 746 4297 co),
774 4233 974 4288 Constantii.l
1003 4233 1071 4288 Vide
1089 4233 1190 4286 Boron.
1213 4231 1251 4284 ud
1269 4248 1315 4285 cn.
1346 4227 1408 4292 302.
1440 4244 1466 4300 p.
1491 4227 1549 4287 728
1574 4241 1586 4269 ⁰
1609 4235 1682 4290 Dar.
1712 4238 1759 4291 loc.
1781 4239 1817 4290 eit.

115 4307 185 4360 lianc
199 4304 263 4358 bist.
286 4302 389 4367 refellit
403 4319 430 4355 c.
459 4299 570 4370 paee.
620 4302 829 4359 ‘Maximiano
867 4306 945 4372 adli,
962 4312 1007 4361 esi
1022 4309 1173 4360 truncatus
1186 4309 1214 4357 ei
1237 4308 1319 4357 ruunt.
1344 4308 1510 4381 coronatus,
1538 4304 1592 4429 gui
1609 4307 1686 4363 dum
1704 4315 1817 4379 pergeret

114 4379 149 4433 ed
171 4374 332 4447 passionem
348 4386 428 4429 suam
450 4373 594 4442 adjuravit
610 4373 785 4428 Marcellum.
835 4374 921 4444 bipsi
945 4377 971 4432 S.
991 4377 1091 4431 Petrus
1106 4379 1279 4444 preceperat
1301 4373 1352 4428 CB.
1407 4373 1497 4427 ¹Bar.
1519 4391 1539 4429 a
1581 4393 1656 4433 ann.
1679 4374 1819 4445 Domiti,

114 4465 176 4517 cop.
189 4444 243 4504 790
253 4445 317 4501 edit.
336 4444 523 4501 Vollicellunec
538 4441 618 4516 lbet,
630 4444 742 4511 resiliit.
778 4444 788 4499 i
810 4446 876 4499 Bar.
893 4453 962 4502 trrnt.
981 4452 1066 4503 mens.
1080 4445 1107 4514 6,
1129 4450 1153 4499 et
1168 4445 1197 4499 d.
1212 4441 1258 4500 ui.
1483 4477 1485 4481 ·

800 4621 914 4678 vnxlAE
936 4621 1131 4678 euclionis.

255 4762 342 4830 Apud
351 4763 508 4817 Fabrottum
518 4779 552 4817 en
570 4764 660 4817 codice
674 4764 794 4818 aranea.
955 4762 1153 4832 BCampaniae
1168 4763 1197 4827 in
1212 4764 1339 4822 civitate.
1360 4776 1424 4832 quae
1438 4767 1561 4820 vocatur
1575 4765 1700 4835 Suessa,
1716 4783 1768 4825 suo
1781 4781 1820 4824 orr

149 4849 230 4904 Num,
247 4846 292 4908 30,
319 4851 368 4905 lin.
391 4850 415 4916 4ἱ
432 4849 459 4920 2¹
487 4856 543 4913 ΑΒ,
572 4866 681 4907 menses
696 4851 723 4907 ρ,
739 4854 775 4915 Α,
801 4853 830 4909 ἀ,
845 4851 890 4919 35³
906 4855 938 4921 B,
995 4835 1238 4917 poenituitcoram
1251 4847 1340 4916 ccxxx
1351 4835 1495 4917 episcopis
1502 4839 1690 4917 cumcinere
1701 4840 1819 4910 incapite

115 4919 178 4976 dies
192 4918 236 4977 ab.
261 4924 290 4975 iu
302 4924 350 4978 ΑΒ
369 4924 468 4977 desunt
482 4927 623 4993 sequentia
646 4925 738 4994 uerbo,
761 4931 789 4979 el
815 4938 937 4994 quorum
994 4920 1057 4974 ⁸⁰⁰2
1069 4913 1096 4961 θῑ
1114 4907 1676 4990 2¹¹¹0¹⁰V0⁸1¹Q¹SWss¹19ss1¹³m³80¹¹82
1691 4914 1819 4996 villici*

114 4992 337 5063 chirographum
364 4997 548 5060 cucurrii,et
578 4995 736 5050 imbecilles
756 4994 819 5052 208.
844 4997 894 5050 lin.
910 4992 937 5052 3.
994 4990 1024 5033 ὅθ
1051 4991 1189 5047 98003859·
1208 4978 1405 5061 Τ““0,1Γ3,ῑ“θ
1427 4977 1634 5036 ⁰¹0⁰¹⁰l¹³¹¹¹¹⁵
1656 4990 1818 5063 terimith!

114 5061 357 5132 Αῃὶῃῑοριθῑῑῃῃῑ
384 5067 451 5120 νηί,
481 5068 530 5120 157,
555 5064 597 5133 42,
622 5067 655 5134 B,
683 5068 746 5122 ,1503
759 5065 804 5124 25,
823 5068 872 5120 pn,
905 5064 939 5121 45
992 5048 1167 5118 compellens
1183 5050 1217 5104 ud
1233 5049 1419 5104 sacrificium.
1440 5048 1491 5104 llle
1505 5056 1606 5106 autem
1623 5053 1819 5110 clamabatur·

115 5133 144 5216 a,
171 5137 246 5217 quod
275 5136 336 5204 ipse
373 5144 554 5209 praeceperat.
589 5137 638 5191 nn,
665 5136 708 5209 46,
743 5140 773 5205 Β,
798 5140 937 5195 crescon.
992 5133 1077 5203 cens:
1096 5121 1223 5201 Poeniico
1245 5120 1466 5203 cumulacrymis.
1479 5120 1515 5175 de
1530 5123 1634 5190 priore
1650 5125 1817 5209 ignorantia.

115 5208 216 5262 tronis.
993 5206 1062 5263 quta
1078 5198 1202 5260 graviter
1216 5192 1340 5261 deliqui,
1355 5197 1383 5246 et
1395 5199 1482 5261 coeprt
1492 5191 1704 5261 blasphemare
1714 5198 1819 5254 Diocli-

239 5298 282 5351 En
292 5297 382 5353 codice
394 5300 484 5367 Rapio,
499 5298 642 5354 Macerino
653 5304 678 5353 et
690 5300 811 5353 Tlrunno.
992 5262 1472 5402 {EadffimbSCJgflffil‘gfflgss'⁰5¹¹?
1488 5263 1817 5406 &agzaffifflmsss

153 5399 251 5468 tini,
268 5402 449 5472 sedeunt),
464 5419 499 5459 m.
516 5401 586 5466 id.
602 5403 644 5460 lt.
660 5406 710 5459 lin.
724 5404 751 5468 3,
765 5404 937 5462 Diocletiani
992 5414 1021 5461 et
1048 5406 1184 5474 martyrio
1205 5406 1344 5459 coronati.
1368 5403 1522 5473 ,rujuravio
1550 5414 1653 5466 aulem
1677 5412 1710 5468 c.
1741 5414 1816 5469 liare.

114 5470 234 5542 (sistere
259 5481 424 5544 occupandi
450 5481 475 5530 et
496 5477 750 5546 altismss.codd.l
767 5477 794 5530 b.
819 5478 938 5533 etCon-
991 5479 1083 5546 (Mac,
1113 5477 1312 5544 conjuraverat
1333 5483 1428 5532 nutem
1451 5476 1481 5530 Β.
1509 5475 1630 5549 Milite.
1660 5480 1709 5550 θ.
1736 5481 1816 5541 biocl.

115 5545 216 5622 slantii
233 5541 261 5597 i.
281 5545 330 5597 lin.
343 5544 369 5610 i,
381 5560 413 5600 eo
430 5554 555 5616 tempore
572 5550 595 5602 ll
611 5549 706 5603 eodem
725 5555 744 5602 t.
760 5550 809 5601 lin.
825 5547 852 5617 5,
869 5564 938 5619 pro-
992 5550 1095 5605 exinde
1107 5550 1144 5602 ll.
1157 5549 1205 5601 lin.
1220 5545 1262 5607 ⁴3.
1276 5554 1304 5602 ot
1315 5546 1761 5617 diaconis.Mas.,diuconibu.
1772 5556 1814 5608 lia

116 5614 220 5666 miscui
247 5616 498 5694 sexustrislinni
515 5633 540 5688 p.
557 5618 585 5674 d.
609 5634 634 5687 p.
652 5633 688 5672 m.
705 5620 740 5674 de
761 5632 816 5688 qua
829 5633 868 5674 rc.
885 5622 935 5690 lin,
993 5619 1036 5687 lb,
1047 5620 1123 5689 quod
1134 5626 1209 5687 palei
1223 5618 1281 5687 (li,
1297 5617 1385 5687 paret)
1396 5631 1488 5690 usque
1499 5619 1532 5677 in
1544 5621 1816 5693 hodierum-dieu.

115 5678 142 5746 i,
162 5687 192 5763 ut
207 5685 385 5740 thurrllcarei
404 5689 501 5755 idolis,
523 5691 573 5759 qui
591 5690 682 5760 (Mac,
702 5699 733 5743 ui
745 5691 824 5746 thur.
842 5695 891 5761 qui
909 5700 938 5747 ei
991 5692 1066 5761 quiid
1084 5693 1144 5761 ipse
1160 5690 1417 5761 annunciandum
1430 5696 1468 5746 ir.
1480 5691 1532 5747 lin.
1547 5690 1598 5769 ld,
1610 5692 1817 5769 munais

116 5751 196 5822 tecit)
208 5760 236 5808 et
251 5760 315 5823 post
331 5769 435 5823 paucos
450 5762 513 5816 dies
528 5763 637 5831 syuodo
656 5760 729 5817 lacta
746 5761 776 5816 in
789 5764 937 5831 provincia
991 5775 1021 5818 vr
1034 5761 1098 5819 ital.
1114 5763 1164 5833 M,
1176 5761 1224 5819 bic
1236 5759 1306 5818 iecit
1320 5761 1383 5819 ord.
