3892 6136
123 262 192 322 ilai

748 255 926 316 anastasii
944 255 1218 315 bibliothecarum

1768 254 1837 314 ilia
1866 267 1870 277 ·

126 393 260 450 tisvitam
276 389 410 461 producit
424 387 459 444 ad
471 399 579 445 annum
591 385 708 442 tertium
724 381 849 451 Traiani,
866 393 958 450 neque
970 379 1000 440 A
1012 379 1150 446 eratione,
1169 383 1233 448 post
1247 376 1315 435 illos
1329 381 1415 435 tresa
1439 377 1522 435 Petro
1535 376 1671 450 apostolo
1695 377 1835 450 initiatos,

129 463 325 535 Epiphaniam
341 460 425 518 nobis
439 459 572 523 illudere,
586 455 700 527 quando
715 455 825 510 indicat
838 452 958 508 abdica-

127 541 234 592 tionem
252 533 408 590 clementis
426 532 454 587 in
475 529 607 600 antiquis
622 525 955 606 codicibusasereper-

127 613 194 673 tam,
211 620 245 662 ne
268 619 303 661 ue
316 617 452 661 canonem
477 603 583 669 missae,
598 605 649 655 aut
667 597 869 669 martyrologia
884 607 956 650 con-

129 678 235 750 tingere
247 622 361 733 filetum
377 681 405 731 et
424 673 590 730 llnacletum
618 669 767 739 pontillces
786 668 953 750 distinctos,

126 750 174 806 sed
190 751 322 818 desipere
344 748 459 802 loanem
478 744 585 810 Thane,
613 743 751 798 editorem
778 750 954 809 praecrpuum

126 822 223 891 operis
237 819 384 891 posthumi
397 815 581 872 l’earsoniani
597 810 831 879 aclioduelliani,
842 809 955 880 quando

129 894 158 948 in
182 887 523 960 nuncupatoriaepistola
539 887 603 941 suis
615 888 787 948 assentatus,
803 888 830 937 et
842 882 956 950 jactans

126 966 298 1019 omitutcmo
321 962 393 1016 Petri
405 959 603 1027 eutbedrojom
624 957 673 1010 diu
699 954 841 1024 depulsum
859 954 953 1034 consu·

127 1051 189 1103 gere
203 1034 241 1089 orl
254 1033 343 1088 sedem
356 1033 590 1095 cantuariensem,
614 1025 780 1097 imperfecta
805 1023 951 1079 l’earaontl

127 1106 331 1162 suisnumeris
341 1096 839 1170 absolutadepraedicatalioduello,
850 1100 952 1150 etcum

128 1178 174 1233 his
190 1177 324 1246 rejiciens
340 1176 415 1230 inter
430 1172 543 1228 tabulas
555 1172 725 1227 documenta
739 1173 875 1233 veterum,
889 1178 954 1221 con·

126 1249 274 1320 signantia
296 1246 447 1301 distinctis
461 1241 632 1300 consulibus
656 1240 741 1296 initia
768 1253 801 1294 ac
815 1238 953 1318 terminos

126 1320 196 1376 cleti
209 1327 237 1375 et
249 1316 389 1384 linacleti,
404 1321 496 1371 totum
512 1314 677 1370 vicennium
690 1310 864 1393 eorumdem¹
873 1322 953 1378 regr-

127 1385 658 1451 miniscoarctatintrabiennium,ex
671 1386 797 1449 auctore,
810 1392 954 1450 rpsvsper-

127 1462 196 1519 inde
210 1474 243 1517 ac
257 1458 371 1516 caeteris
384 1459 482 1528 ignoto
494 1470 527 1511 ac
540 1456 691 1525 supposito
716 1452 852 1522 Eutychii
877 1464 953 1521 prrae-

127 1539 242 1589 centone
258 1550 265 1592 ;
282 1544 368 1586 causa
385 1541 498 1599 quoque
512 1528 614 1583 cadent
630 1530 756 1582 recentes
771 1523 801 1578 hi
824 1521 954 1578 defenso·

1013 453 1129 508 unicum
1144 450 1298 523 esingulis
1326 451 1440 507 duobus
1454 451 1704 522 consequentibus
1724 452 1838 508 saeculis

1011 525 1181 578 nominatim
1192 534 1347 579 recensere.
1365 525 1405 578 lta
1422 523 1530 592 Xystus
1543 536 1559 578 e
1571 523 1713 592 secundo,
1729 523 1837 579 Corne·

1011 594 1092 651 liuse
1105 595 1191 650 tertio
1201 595 1308 649 Christi
1320 592 1425 650 saeculo
1436 592 1677 665 seligunturante
1690 607 1837 652 consecra·

1010 666 1127 722 tionem.
1146 667 1209 721 l’ost
1223 672 1466 721 consecrationem
1492 679 1558 722 vero
1573 665 1741 722 Alexander
1755 680 1772 722 e
1794 680 1837 722 se·

1009 737 1114 804 cundo,
1124 736 1615 806 llarcellinusetertioexprimendi
1626 744 1835 794 assumuntur:

1011 807 1362 879 nequealiusapponitur‚
1374 821 1410 864 ne
1430 821 1466 864 ue
1477 806 1527 865 ille
1535 808 1743 879 Telesphorus,
1756 822 1836 893 quem

1009 887 1103 935 tamen
1118 880 1275 936 boducllus
1287 880 1327 936 ita
1343 893 1399 937 non
1410 823 1531 936 {abital
1552 889 1709 951 martyrem
1726 879 1836 951 luisse3

1010 960 1041 1008 ut
1054 949 1173 1007 alllrmel
1185 952 1257 1006 bunc
1271 953 1360 1023 ipsum
1373 966 1439 1015 csse,
1452 967 1531 1022 quem
1544 954 1668 1022 ρνίιιιιοιι
1689 954 1766 1007 inter
1779 954 1833 1023 epi·

1008 1037 1101 1092 scopos
1134 1024 1267 1077 Romanos
1310 1024 1406 1091 legerit
1434 1023 1511 1094 apud
1553 1030 1659 1078 veteres
1694 1025 1837 1094 imploret

1008 1095 1153 1163 gloriosum
1169 1096 1332 1161 martyrium
1355 1095 1480 1149 subiisse.
1507 1095 1559 1150 Par
1578 1101 1622 1150 est
1636 1096 1768 1159 credere,
1786 1108 1836 1152 no·

1008 1172 1084 1222 stros
1098 1165 1246 1221 antistites
1271 1165 1380 1221 imitari
1396 1165 1523 1222 voluisse
1536 1165 1668 1236 exempla
1688 1180 1834 1223 sacrorum

1008 1238 1150 1305 codicum,
1174 1238 1329 1308 praesertim
1354 1236 1423 1292 iibri
1439 1236 1634 1294 Ecclesiastici
1651 1255 1658 1291 ι
1677 1239 1767 1307 cujus
1787 1250 1840 1294 au-

1008 1310 1080 1365 ctori
1096 1322 1160 1364 cum
1179 1310 1356 1378 propositum
1372 1308 1475 1366 luisset
1490 1321 1552 1379 cap.
1567 1307 1601 1364 tl
1617 1308 1742 1366 laudare
1765 1309 1839 1366 viros

1009 1379 1151 1453 gloriosos
1163 1386 1294 1450 parentes
1302 1394 1381 1445 suos,
1394 1379 1462 1436 licet
1473 1386 1569 1451 posset
1577 1381 1773 1452 quamplures
1781 1394 1838 1438 sare

1009 1452 1109 1508 etitate
1121 1457 1149 1506 et
1163 1452 1253 1522 gestis
1266 1451 1395 1508 illustres
1409 1464 1586 1519 enumerare,
1598 1453 1707 1524 selegit
1716 1466 1735 1507 e
1745 1453 1839 1524 singu-

1010 1523 1047 1579 lis
1066 1522 1220 1590 classibus,
1237 1522 1280 1578 vel
1297 1537 1411 1592 paucos,
1426 1523 1468 1578 vel
1484 1524 1631 1595 singulos,
1647 1536 1754 1594 nempe
1766 1537 1782 1580 e
1796 1536 1839 1594 pa·

1011 1594 1145 1649 triarcbis
1160 1595 1386 1650 antediluvianis
1406 1595 1529 1660 llenoch,
1545 1608 1580 1651 ex
1605 1594 1840 1651 abrahamittdis

127 1619 173 1661 res
187 1602 317 1659 Arabica
330 1615 362 1657 ac
375 1600 560 1670 Eutychiana
571 1597 774 1722 chronologiae,
790 1595 956 1677 doetistqui·

129 1676 240 1746 busque
251 1675 324 1729 viris
345 1686 409 1729 eum
428 1670 545 1728 labbaeo
572 1669 660 1724 nihili
676 1668 711 1722 ha
732 1667 828 1722 enolae:
844 1681 894 1736 qur
919 1665 953 1720 ad
1010 1668 1098 1734 isaac,
1112 1666 1288 1733 ejudicibus
1303 1667 1396 1731 losue,
1411 1673 1497 1735 alque
1510 1667 1550 1720 ita
1565 1666 1840 1723 eciassihuscete·

127 1747 298 1816 dissipanda
323 1751 450 1813 tempora
471 1746 690 1797 memoratorum
716 1737 882 1808 pontifleum
916 1736 1053 1810 itassris
1068 1737 1284 1807 prophetarum,
1311 1736 1488 1806 pontificum,
1513 1750 1624 1808 regum.
1654 1739 1715 1794 lloc
1746 1739 1839 1810 itaque

128 1820 307 1887 animantur,
322 1823 350 1872 et
361 1814 395 1870 ad
410 1813 565 1869 Clementis
579 1825 669 1868 annos
694 1809 863 1865 minuendos
887 1821 955 1877 pro·
1010 1808 1169 1878 exemplum
1184 1808 1290 1863 imitati
1306 1809 1396 1864 nostri
1419 1809 1543 1864 canonis
1564 1809 1739 1866 conditores
1755 1810 1839 1880 ,deti-

128 1890 243 1958 cedunt,
271 1889 334 1958 eius
356 1899 391 1943 ue
412 1885 561 1953 exsilium,
587 1891 675 1954 gesta,
701 1881 868 1951 martyrium
889 1892 954 1934 cum
1009 1879 1085 1935 batis
1101 1892 1149 1949 per
1163 1880 1279 1950 singula
1294 1879 1398 1934 saecula
1416 1882 1514 1948 paucis
1528 1882 1715 1942 nominibus.
1742 1882 1839 1938 malue-

128 1960 244 2017 lahellis
258 1903 469 2015 exsufflandam
484 1960 607 2026 putant,
625 1952 853 2034 utdisciplinam
869 1956 898 2006 et
914 1951 955 2032 in·
1011 1958 1079 2007 runt
1105 1952 1256 2020 complecti
1281 1952 1410 2021 reliquos
1437 1958 1585 2022 martyres,
1616 1957 1647 2008 et
1674 1959 1837 2010 sanctorum

128 2035 230 2088 stituta
241 2031 385 2087 nascentis
396 2029 529 2084 Ecclesiae
543 2028 578 2082 de
588 2026 681 2081 sacris
693 2024 953 2093 prasertrmvirgr-
1011 2023 1227 2078 universitatem
1255 2023 1368 2093 generis
1394 2021 1542 2092 vocabulo,
1570 2025 1700 2078 omnium
1728 2024 1838 2080 seilicet

130 2101 394 2159 nibusconvellant.
413 2101 509 2156 Suose
518 2094 951 2166 laculosatisconiiciuut,eum
1008 2100 1163 2149 sanctornm
1174 2093 1365 2163 appellatione
1385 2095 1531 2150 communi
1553 2113 1560 2148 ι
1583 2096 1660 2151 satis
1674 2096 1836 2152 consulturi

130 2173 314 2230 lundamenta
326 2174 365 2227 ita
378 2172 490 2227 intirma
502 2165 952 2240 proierumpropriaesententie.
1009 2164 1068 2222 lore
1091 2164 1224 2220 arbitrati
1243 2165 1419 2221 successioni
1440 2166 1610 2236 pontillcum
1632 2172 1664 2221 et
1681 2175 1835 2238 martyra·

130 2245 169 2300 ld
189 2244 398 2300 oblitterandae
419 2243 497 2298 enim
513 2247 606 2311 notas,
629 2246 657 2295 et
672 2237 769 2294 obelos
784 2242 886 2306 suopte
903 2237 953 2290 in·
1009 2237 1038 2291 in
1051 2237 1177 2292 Ecclesia
1191 2237 1414 2308 perstringentis
1432 2250 1480 2305 per
1498 2236 1548 2292 illa
1565 2237 1664 2306 priora
1686 2252 1703 2294 a
1727 2240 1834 2294 Christo

130 2316 215 2400 genio
238 2318 277 2370 ita
294 2314 399 2370 inlixos
413 2314 508 2383 annis,
533 2318 560 2367 et
576 2309 786 2373 consulatibus,
803 2307 951 2379 spongiam
1007 2308 1111 2364 secula
1125 2307 1331 2378 quibuscanou
1345 2306 1537 2365 adornabatur
1552 2325 1561 2381 ς
1577 2309 1603 2365 si
1618 2309 1730 2366 abuno
1754 2321 1836 2381 uoquc

132 2389 249 2457 ipsimet
259 2386 427 2442 ministmnt
440 2386 469 2439 in
486 2389 627 2453 postrema
645 2389 723 2453 parte
735 2379 952 2437 dissertationis
1008 2379 1113 2436 seculo
1123 2386 1186 2449 post
1196 2379 1386 2448 apostolieum
1398 2379 1504 2451 singuli
1517 2381 1695 2436 nominatim
1705 2325 1833 2437 efferendi

132 2460 241 2529 prima,
260 2470 345 2530 quam
366 2455 494 2512 recitavi.
1007 2465 1042 2506 ex
1059 2451 1205 2521 praedictis
1216 2451 1361 2507 classibus
1376 2449 1549 2522 legerentur.
1567 2452 1662 2508 Litem
1677 2453 1780 2524 itaque
1794 2465 1834 2508 uo

165 2531 201 2586 tlt
216 2530 356 2600 inquiunt
373 2529 401 2582 in
424 2525 553 2597 catalago
575 2524 752 2581 bucheriano
772 2528 897 2593 quatuor
918 2535 953 2577 ex
1009 2523 1054 2578 bis
1069 2525 1209 2578 intentare
1222 2522 1357 2577 desinant
1380 2535 1466 2592 super
1480 2523 1595 2578 diverso
1613 2530 1834 2581 numeroetor·

132 2602 234 2671 primis
248 2599 435 2670 pontthcibus
449 2598 502 2653 hoc
518 2596 620 2651 ordine
634 2600 819 2651 recensentur
833 2612 838 2647 :
855 2595 951 2660 linas,
1008 2596 1077 2650 dine
1089 2597 1249 2655 nominum,
1262 2595 1314 2664 qui
1329 2594 1358 2648 in
1369 2594 1509 2665 catalogis
1520 2600 1549 2649 et
1560 2596 1588 2649 in
1606 2609 1725 2652 canone
1736 2596 1834 2666 depre-

131 2672 260 2738 clemens,
278 2672 378 2732 cletas,
398 2670 558 2722 anacletus.
585 2669 613 2721 ln
626 2666 757 2737 catalogo
785 2666 953 2734 posteriore,
1011 2665 1158 2733 henditur,
1172 2679 1237 2721 cnm
1250 2664 1333 2720 ambo
1347 2663 1398 2719 illa
1421 2664 1460 2720 ita
1483 2667 1679 2735 respondeant
1705 2667 1833 2722 instituto

130 2749 159 2800 ct
177 2745 206 2799 in
221 2744 295 2799 libro
306 2738 479 2810 Pontihcali,
495 2740 589 2804 Linus,
612 2737 855 2802 dirivationem,
872 2738 957 2789 Ana·
1009 2738 1122 2793 diverso
1141 2737 1294 2807 utriusque
1318 2736 1397 2805 libri,
1424 2741 1538 2805 proute
1555 2739 1649 2809 gestis
1670 2738 1833 2808 pontillcati·

130 2817 235 2870 cletus..
262 2811 344 2884 hpud
366 2808 715 2876 Pseudo-Tertullianum,
740 2809 836 2870 birrus,
854 2807 952 2874 dietus,
1011 2809 1065 2864 bus
1086 2807 1254 2877 petebantur
1268 2807 1541 2878 epochaeelectionis
1556 2815 1584 2864 et
1596 2810 1831 2879 consecrationis,

130 2887 290 2950 Anocletos,
308 2884 436 2939 dientem.
1010 2887 1087 2936 aute
1105 2879 1250 2951 diptychis
1266 2886 1422 2949 martyrum
1439 2880 1519 2946 ordo,
1546 2887 1575 2935 et
1597 2895 1656 2937 tera
1680 2883 1785 2937 mortis
1806 2894 1833 2935 ac

167 2958 286 3026 Quando
307 2957 365 3011 ltaee
380 2953 532 3023 objiciunt,
557 2951 682 3022 primum
717 2950 828 3007 ratulor
851 2955 955 3005 nostra
1010 2951 1225 3020 depositionis:
1250 2949 1418 3006 observante
1442 2951 1528 3006 etiam
1552 2954 1635 3008 card.
1666 2952 1833 3008 bellarmino

107 3028 340 3099 „chronologiae
358 3025 432 3099 quod
450 3025 509 3079 haec
521 2967 785 3094 documentaffonge
799 3023 956 3078 vetustiora
1012 3022 1063 3079 lib.
1080 3036 1100 3078 rr
1116 3023 1151 3078 de
1166 3023 1263 3091 blissa,
1284 3035 1346 3092 cap.
1365 3020 1410 3091 ab,
1436 3028 1572 3092 martyres
1601 3025 1631 3079 in
1655 3037 1769 3080 canone
1793 3036 1833 3079 rc-

131 3100 330 3171 Eutychiauis,
346 3111 401 3153 non
413 3111 496 3152 secus
508 3109 540 3150 ac
555 3095 675 3165 picturae
693 3096 720 3150 S.
739 3094 831 3162 Pauli,
846 3092 955 3148 Cletum
972 3095 1121 3186 coenseri
1142 3095 1225 3164 Juxta
1250 3093 1379 3149 ordinem
1412 3094 1566 3163 passionis,
1582 3107 1642 3150 non
1658 3096 1832 3168 dignitatis3

131 3170 166 3227 ab
180 3171 314 3226 anacleto
326 3170 497 3225 distinctum
514 3170 727 3238 recognoscant,
741 3180 756 3222 a
768 3167 957 3221 Pearsonlana
1011 3178 1075 3222 oum
1091 3166 1253 3236 Stephanus
1265 3165 1407 3221 diaconus
1422 3171 1608 3236 preponatur
1618 3169 1756 3237 apostolo
1768 3169 1833 3223 llat-

131 3248 159 3298 et
174 3241 363 3299 liuduelliana
383 3238 519 3296 confusos
539 3239 569 3293 ln
594 3251 651 3293 uno
676 3237 821 3293 hnacleto.
848 3237 956 3292 beinde
1011 3238 1090 3294 thim.

131 3313 222 3381 tator,
240 3314 314 3384 qnod
329 3312 464 3367 ordinent
478 3309 673 3365 diversimode
687 3309 760 3364 hane
776 3310 896 3377 primam
912 3314 958 3362 te·
1046 3308 1145 3364 Obiter
1168 3307 1214 3362 hic
1240 3307 1392 3376 adnotabo,
1419 3313 1451 3363 ut
1473 3321 1634 3365 removeam
1662 3309 1786 3382 objecta,
1808 3311 1833 3365 io

132 3386 240 3442 tradem
254 3383 420 3455 pontilicum
430 3383 632 3437 itomanorum.
644 3381 820 3436 Causaenim
834 3381 957 3435 diversi·
1010 3392 1094 3449 opere
1111 3378 1262 3448 posthumo
1280 3379 1424 3435 Pearsonii
1444 3387 1574 3449 promota
1595 3387 1701 3438 contra
1721 3382 1834 3453 epochas

133 3457 237 3512 tatissi
256 3455 431 3526 requiratur,
449 3453 500 3508 illa
514 3450 710 3509 manifestabit
723 3452 794 3506 satis
806 3452 956 3520 perspicue
1010 3459 1038 3507 et
1054 3451 1306 3522 gestaClementis,
1331 3451 1514 3522 aliorumque
1542 3452 1717 3521 pervincum
1744 3453 1835 3525 proxi·

130 3526 446 3598 duplextestimonium
460 3523 656 3594 antiquitatis,
669 3521 876 3593 undecatalogi
888 3534 955 3577 con·
1012 3535 1134 3593 morum,
1165 3522 1279 3592 quando
1307 3522 1357 3578 illa
1390 3522 1464 3593 apud
1487 3525 1656 3594 scriptores,
1684 3527 1835 3582 irenaeoet

132 3599 305 3665 brunantun
329 3611 418 3654 unum
433 3595 547 3652 seilicet
572 3608 718 3650 sacrorum
738 3593 951 3664 diptychorum,
1012 3593 1153 3664 cypriano
1165 3594 1300 3664 aequales,
1310 3593 1353 3649 vel
1366 3594 1532 3650 Eusebianae
1543 3596 1647 3651 saltem
1661 3598 1772 3666 aetatis,
1786 3607 1832 3651 uon

131 3684 182 3727 seu
209 3671 329 3727 canonis
350 3672 454 3733 missa,
478 3667 506 3722 in
525 3679 581 3737 quo
599 3667 715 3721 nomina
742 3664 958 3734 apponebantur
1013 3666 1207 3736 reperiuntur.
1224 3665 1407 3721 menimerint
1420 3666 1504 3721 velim
1518 3666 1645 3724 subtiles
1657 3669 1710 3726 isti
1729 3669 1833 3740 indaga·

129 3742 213 3811 juxta
229 3745 365 3811 epocham
389 3737 521 3808 martyrii
545 3744 633 3792 morte
656 3736 958 3804 consummati3alte-
1013 3742 1090 3793 tores
1111 3736 1239 3792 historiae
1261 3742 1291 3792 et
1311 3737 1515 3809 chronologia,
1540 3739 1570 3793 in
1599 3753 1694 3796 ceusu
1717 3749 1832 3797 veterum

133 3827 196 3868 rum
211 3827 276 3867 vero
291 3811 377 3867 seriei
393 3817 421 3865 et
438 3808 632 3864 successionis
660 3807 838 3876 pontificum,
854 3807 958 3877 dispo-
1012 3809 1248 3864 documentorum
1278 3809 1411 3864 ilistoriae
1440 3808 1657 3878 ecclesiasticae,
1683 3811 1831 3882 praesertim

132 3885 196 3939 sitm
211 3884 239 3937 in
249 3880 404 3937 annalibus
420 3878 582 3946 libris,sive
595 3879 624 3932 in
635 3879 768 3934 Elenchis
780 3878 958 3949 pontilleali-
1013 3880 1145 3936 Romanae
1160 3879 1307 3949 complura
1321 3879 1420 3935 haberi
1441 3886 1580 3950 oportere,
1604 3896 1671 3953 quae
1688 3896 1743 3940 nec
1756 3884 1832 3939 liuse-

133 3953 187 4010 bus
195 3955 278 4023 Juxta
289 3952 419 4008 ordinem
433 3949 584 4005 electionis
603 3955 630 4004 et
650 3949 957 4006 initiationistlatalo·
1013 3950 1080 4007 bins
1092 3951 1174 4016 vidit,
1187 3952 1410 4023 nequelgnatio,
1431 3954 1546 4019 irenaeo,
1558 3953 1704 4011 clementi
1719 3955 1833 4011 hlexau·

133 4039 187 4096 gus
203 4024 400 4080 bucherianus
417 4023 488 4077 hane
514 4023 699 4090 posteriorem
719 4020 891 4090 manifestat,
914 4022 957 4077 utl
1012 4023 1108 4085 drino,
1124 4022 1313 4093 Tertulliano,
1334 4023 1437 4078 aliisve
1451 4025 1649 4093 scriptoribus
1675 4026 1832 4083 eorumden

134 4095 318 4166 perspicuum
332 4094 364 4149 lit
380 4092 598 4150 exconsulibus
614 4107 663 4163 per
677 4095 829 4149 universos
846 4092 958 4148 catalo-
1012 4095 1115 4162 atatis,
1130 4099 1180 4149 aut
1194 4094 1361 4149 Eusebianae
1378 4094 1518 4166 attingere
1535 4110 1652 4152 necesse
1668 4098 1750 4167 suit,
1776 4107 1832 4152 cun

135 4182 185 4241 gos
199 4165 350 4222 attributis
365 4184 372 4220 ι
388 4166 463 4222 unde
478 4164 628 4236 colligitur
642 4164 761 4221 electum
780 4164 870 4220 luisse
894 4163 958 4219 Cle·
1013 4179 1069 4222 non
1085 4164 1243 4220 scriberent
1253 4165 1404 4221 historiam
1420 4167 1552 4222 liomanae
1566 4168 1648 4224 sedis
1662 4171 1831 4235 antistitum,

135 4247 256 4295 mentem
274 4243 336 4307 post
354 4244 472 4294 mortem
487 4237 561 4293 Lini.
577 4239 673 4292 canon
687 4240 781 4292 missae
802 4241 831 4292 et
860 4242 958 4305 poste·
1012 4237 1060 4293 sed
1071 4237 1162 4291 libros
1175 4236 1335 4292 didacticos
1347 4243 1376 4293 et
1388 4239 1590 4309 apologeticos.
1603 4242 1783 4297 Documenta
1797 4238 1833 4294 hi·

135 4312 195 4367 rior
208 4309 356 4381 catalogus
376 4309 438 4380 (qul
459 4309 573 4365 videtur
595 4309 755 4378 respexisse
777 4307 812 4362 ad
826 4308 956 4362 eumdem
1012 4309 1118 4365 storica
1131 4308 1264 4364 Ecclesiae
1279 4309 1412 4364 liomanae
1426 4317 1583 4380 martyrum
1611 4315 1834 4384 sanguinecou·

133 4395 280 4448 canonem,
296 4386 325 4437 ei
338 4381 372 4437 ad
396 4379 543 4436 indiculos
566 4392 615 4434 seu
632 4377 767 4449 diptycha
791 4379 957 4448 martyrum)
1011 4381 1125 4451 signata
1140 4385 1307 4449 spectantur
1319 4380 1413 4436 adbuc
1435 4380 1464 4435 in
1478 4382 1587 4438 tabulis
1603 4385 1779 4440 marmoreis
1789 4395 1833 4438 oc·

135 4455 205 4510 bino
216 4458 245 4509 et
262 4451 340 4509 Cleto
356 4465 407 4522 pro
425 4451 541 4506 Christo
561 4450 666 4506 occisis
690 4457 755 4506 ante
774 4449 955 4520 Clementem,
1012 4450 1198 4508 cludentibus
1212 4451 1375 4508 eorumdem
1392 4451 1503 4508 loculos
1517 4459 1545 4508 et
1565 4467 1622 4510 non
1637 4456 1729 4512 semel
1743 4454 1831 4513 decla-

133 4527 228 4582 serius
242 4524 379 4596 martyrio
387 4529 566 4584 coronatum,
580 4521 656 4578 hunc
668 4523 761 4591 ipsum
783 4522 955 4592 postposuit.
970 4541 997 4604 D
1013 4521 1145 4579 rantibus
1158 4536 1208 4593 per
1217 4523 1351 4579 consules
1362 4536 1480 4591 annum,
1495 4533 1524 4581 et
1537 4539 1586 4595 per
1612 4527 1745 4598 reliquas
1760 4532 1831 4583 notas

134 4593 953 4663 PseudoTertullianusetiamanacletumclementiprae-

135 4669 225 4738 misit,
241 4667 348 4736 eadem,
364 4672 396 4722 ut
411 4678 486 4736 reor,
501 4678 653 4721 excausa:
672 4664 741 4721 licet
754 4665 903 4736 catalogus
916 4678 956 4720 se·

133 4741 248 4797 cundus
259 4744 411 4810 postponat
427 4741 456 4792 et
470 4735 599 4808 plerique
613 4749 711 4792 omnes
725 4749 781 4792 non
799 4737 871 4793 satis
885 4735 955 4793 certi

132 4813 167 4868 de
180 4811 306 4867 triennio
322 4810 396 4865 inter
410 4809 561 4878 utriusque
572 4809 739 4878 martyrium
753 4809 954 4878 computando.

132 4884 227 4940 Canon
242 4895 307 4938 vero
321 4881 416 4936 missae
432 4893 487 4936 non
510 4885 647 4936 memorat
674 4878 853 4951 hnacletum,
879 4881 926 4936 sed
940 4892 956 4935 a

132 4955 276 5011 Clemente
298 4966 386 5010 unum
409 4953 616 5007 tantummodo.
637 4955 665 5007 et
679 4951 800 5007 alterum
818 4965 867 5021 per
891 4952 957 5006 sin-

133 5027 201 5098 gula
215 5024 320 5081 sarcula
335 5028 469 5079 enuntiat
483 5037 517 5078 ex
531 5023 757 5087 successoribus,
772 5037 804 5078 eo
819 5023 954 5089 consilio,

1013 4606 1192 4664 mensem,ac
1214 4593 1290 4650 diem
1314 4596 1505 4665 depositionis
1528 4597 1726 4666 plurimorum
1754 4598 1830 4655 etiam

1012 4666 1140 4722 lidelium
1165 4679 1228 4722 cum
1244 4667 1419 4738 martyribus
1433 4668 1658 4738 quiescentium,
1681 4672 1713 4726 in
1745 4667 1830 4726 titulis

1012 4737 1143 4807 urbanis,
1169 4748 1197 4793 et
1220 4737 1397 4794 suburbanis
1421 4741 1552 4810 cryptis:
1577 4740 1628 4796 ubi
1647 4755 1707 4797 nou
1730 4747 1830 4799 mutum

1012 4808 1208 4866 recitabantur
1220 4814 1292 4876 acta,
1310 4815 1336 4865 et
1353 4810 1501 4879 passiones
1513 4813 1673 4882 llartyrum
1689 4818 1830 4883 exceptat

1011 4881 1307 4951 septemnotariisper
1320 4881 1490 4937 clementem
1508 4884 1667 4952 institutis,
1685 4884 1737 4941 sed
1753 4884 1828 4940 etiam

1011 4953 1168 5023 quotannis
1182 4967 1247 5009 cum
1263 4953 1405 5008 sacrilicio
1427 4960 1455 5008 et
1469 4953 1613 5023 precihus,
1630 4969 1647 5011 a
1668 4965 1747 5013 eoetu
1768 4953 1831 5011 lide-

1012 5024 1084 5080 lium
1111 5022 1367 5095 frequentabantur
1403 5026 1431 5079 in
1468 5028 1633 5083 memoriam
1672 5029 1829 5085 eorumdem

133 5097 208 5170 quod
225 5110 287 5152 mox
300 5096 438 5165 aperiam.
457 5094 582 5150 Summis
599 5093 785 5163 pontihctbus
809 5097 957 5151 constitu·
1012 5103 1180 5166 martyrum,
1197 5097 1293 5151 eadem
1308 5096 1355 5152 die
1369 5104 1584 5168 coronatorum,
1597 5100 1761 5172 eodemque
1775 5100 1829 5155 loco

134 5175 194 5225 tum
210 5181 265 5225 non
282 5166 348 5234 luit,
370 5166 439 5221 dum
465 5178 601 5221 canonem
617 5167 795 5236 ordinarent,
822 5168 956 5223 universa
1010 5168 1217 5236 depositorum.
1236 5167 1389 5222 Oblationes
1399 5184 1451 5238 pro
1471 5170 1618 5238 miniteris,
1634 5187 1689 5241 pro
1702 5170 1830 5226 rmtolitiis

133 5240 441 5296 nominadecessorum
459 5250 634 5307 percensere,
652 5239 702 5308 qui
720 5239 888 5308 martyrium
912 5236 957 5294 le·
1010 5254 1106 5293 annuo
1117 5238 1161 5293 die
1170 5239 1309 5305 tacimus:
1325 5241 1444 5307 scripsit
1456 5241 1656 5298 Tertullianus
1670 5244 1700 5297 in
1717 5243 1790 5298 libro
1800 5240 1829 5294 de

132 5311 249 5382 cissent,
268 5317 299 5368 ut
310 5312 396 5380 juste
419 5309 552 5364 brevitati
574 5309 774 5365 consulerent:
792 5323 876 5380 quam
893 5323 957 5366 con·
1009 5310 1120 5366 Corona
1143 5308 1245 5364 militis
1258 5328 1264 5363 :
1277 5317 1306 5365 et
1332 5310 1443 5367 elarius
1463 5313 1546 5367 etiam
1562 5315 1729 5383 cyprianus
1742 5314 1791 5369 lib.
1803 5322 1829 5366 m

133 5383 315 5438 suetudinem
331 5388 429 5438 nostra
439 5381 525 5437 etiam
541 5387 623 5437 etate
639 5381 817 5437 retinendam
840 5386 957 5437 censent
1010 5383 1095 5452 epist.
1109 5380 1136 5450 6,
1153 5381 1186 5437 ad
1204 5381 1383 5452 presbyteros
1398 5384 1574 5440 etdiaconos
1587 5400 1658 5442 suos
1673 5385 1751 5454 data,
1775 5395 1829 5455 qua

134 5457 195 5507 tum
206 5454 235 5508 in
250 5466 359 5510 canone
370 5453 464 5507 missae
475 5458 534 5507 tum
548 5453 576 5506 in
592 5452 716 5523 publicis
728 5452 871 5522 precihus,
885 5441 963 5523 quas*
1010 5450 1098 5510 est3l
1111 5453 1251 5509 editionis
1264 5455 1391 5510 Pamelii.
1410 5474 1422 5506 a
1446 5456 1511 5510 Dies
1525 5469 1625 5512 eorum
1641 5460 1707 5529 ipro
1720 5458 1828 5512 christo

134 5522 252 5579 litanias
264 5525 452 5595 appellamus,
468 5522 518 5578 ubi
536 5536 592 5578 non
610 5526 743 5581 universa
757 5527 872 5581 nomina
886 5506 962 5589 san-i
1011 5534 1213 5581 coronatorum
1227 5525 1374 5598 martyrio)
1389 5526 1499 5596 quibus
1519 5527 1665 5584 excedunt
1690 5529 1828 5591 adnotate,

133 5597 257 5662 ciorum,
268 5597 315 5650 sed
330 5595 495 5667 insingulis
506 5593 651 5651 classibus
662 5609 750 5664 pauca
760 5597 957 5653 tantummodo
1013 5603 1044 5653 ut
1057 5599 1341 5654 commemorationes
1353 5611 1451 5654 eorum
1471 5600 1546 5655 inter
1559 5600 1717 5657 memorias
1733 5607 1829 5667 marty·

135 5663 302 5748 recitantur.
313 5666 445 5723 Contenti
463 5667 471 5723 i
495 5667 556 5724 itur
579 5664 698 5723 luerunt
720 5667 751 5722 ln
774 5668 894 5724 canonis
907 5682 955 5725 or·
1011 5681 1075 5724 rum
1089 5668 1233 5725 celebrare
1248 5670 1409 5740 possimus:
1423 5683 1587 5742 quanquam
1599 5671 1829 5729 Tertullusllde-

133 5736 352 5793 dinatrouetam
368 5738 397 5794 in
414 5739 548 5808 precibus
564 5739 642 5806 intro
659 5739 955 5813 actmoemdictislalii
1010 5739 1153 5809 lissimus,
1174 5747 1203 5795 et
1212 5739 1420 5800 devotissimus
1436 5743 1522 5798 irater
1535 5749 1636 5799 noster
1659 5757 1713 5817 pro
1733 5749 1827 5800 wiern

132 5805 247 5866 malunt
259 5807 488 5886 innodationem)
503 5822 590 5884 quam
605 5810 636 5868 iu
654 5809 797 5885 proximis
818 5822 835 5867 a
849 5824 955 5872 mnsa-
1009 5810 1222 5885 sollicitudine,
1234 5819 1263 5870 et
1280 5826 1351 5872 cura
1368 5827 1432 5888 sua,
1448 5826 1534 5887 quam
1549 5812 1695 5874 iratribus
1709 5816 1741 5875 in
1756 5811 1826 5873 omni
