3892 6136
119 270 190 327 4429

510 272 669 328 nrsroam
694 275 739 328 aa
768 275 852 330 vrrrs
882 273 966 329 noar.
994 274 1091 329 rosa.
1120 307 1156 315 -
1177 277 1204 331 s.
1233 278 1420 332 evorinus.

1748 228 1816 333 uao

118 392 285 459 primatum,
298 393 444 447 studentes
457 394 511 461 ipsi
528 395 650 450 itomano
662 397 788 464 pontihci
801 394 939 465 praeferri.
952 396 982 455 Α
996 392 1814 468 lamulasinobsequioquatuorpatriarchalesEcelesiasv

116 463 221 516 Verum
248 464 305 516 triac
327 464 446 519 audacia
471 472 610 533 postrema
636 481 691 522 non
715 469 941 522 invasitmentes

118 532 237 588 iliorum
261 535 425 603 praesulum,
446 537 497 605 qui
521 543 603 591 aetate
622 538 734 593 Damasi
758 547 787 592 et
813 540 941 608 proxima

116 603 467 674 constantinopolitanum
493 608 687 677 episcopatum
719 609 861 664 tenebant.
885 611 941 664 llos

118 675 196 730 inter
211 684 327 731 sanctus
344 677 466 732 loannes
487 679 717 748 chrysostomus,
735 682 783 752 qui
799 687 873 735 certe
886 680 942 734 oh-

117 748 361 816 sequentissimus
375 749 404 802 in
417 750 489 803 Petri
505 755 598 805 sedem
615 749 697 821 longe
711 752 807 806 aberat
817 752 939 806 abomni

117 818 287 873 ambitionis
302 818 429 888 igniculo
450 818 634 886 confovendo,
658 824 772 893 quando
789 829 942 878 :accusatus

118 887 177 943 tuit
198 895 333 958 tanquam
350 896 505 946 attentator
518 892 616 947 alienae
629 894 858 962 jurisdictionis.
876 907 940 948 cum

116 959 267 1028 episcopos
291 961 486 1026 avrtiochena,
514 964 556 1018 vel
589 965 719 1033 Ponticae,
746 965 790 1019 vel
817 965 940 1030 asianae,

116 1031 274 1085 diaeceseos
287 1031 329 1085 vei
345 1032 506 1088 ordinasset
519 1033 791 1098 velexauctorasset,
802 1035 875 1089 nihil
891 1050 942 1091 co-

118 1102 402 1172 gitabatdeprimatu
416 1105 547 1160 Ecclesia
562 1108 878 1169 universaeinvadendo,
892 1113 942 1161 aut

117 1173 271 1227 evertenda
289 1173 423 1242 primaeva
439 1175 601 1231 hierarchia
624 1187 651 1232 et
666 1178 872 1233 constitutione
889 1192 941 1247 pa-

119 1243 320 1299 triarchalium
334 1245 501 1302 thronorum
514 1248 694 1303 antiochenae
707 1249 942 1304 ethlevandrinae

118 1314 285 1369 dioceseos.
308 1317 413 1371 Fusius
427 1332 458 1372 ea
474 1322 658 1389 prosequitur
673 1328 700 1374 et
720 1322 838 1387 exponit
864 1320 943 1374 Tho-

120 1387 267 1441 massinus
288 1395 367 1454 parte
391 1389 481 1456 prima
505 1393 609 1445 veteris
623 1400 650 1446 et
666 1405 744 1445 novae
763 1389 941 1458 Disciplina,

119 1456 172 1511 lib.
190 1471 207 1519 r,
220 1470 282 1525 cap.
296 1457 342 1513 td.
359 1458 489 1514 Ostendit
500 1462 574 1515 enim
589 1462 624 1515 ab
637 1463 855 1528 initioey'usdem
867 1464 942 1529 eapi-

120 1528 160 1581 tis
175 1526 207 1583 td
219 1529 331 1583 Nicenae
342 1529 593 1598 synodl.canortel
605 1551 611 1584 ε
623 1535 846 1602 t-'onsrqncntium
855 1533 942 1585 liono-

120 1602 159 1652 m's
174 1598 263 1654 luisse
277 1601 417 1654 decretam
429 1605 561 1671 episcopo
573 1605 842 1675 hierosolymitano,
858 1606 942 1657 saluis

114 1671 229 1737 juribus
243 1672 419 1740 oretropolitm
431 1674 604 1729 Caesariensis
618 1677 665 1731 cui
682 1676 807 1737 suberat,
823 1687 943 1744 ermque

995 467 1177 537 exhibebant,
1199 471 1297 540 aitqua
1321 484 1353 523 ex
1378 471 1423 523 his
1445 469 1561 523 referret
1581 472 1760 539 Byzantinarn
1777 471 1811 525 ad

995 552 1097 593 nonna
1128 542 1262 594 honorem
1284 547 1404 595 erectam
1427 554 1443 594 a
1463 542 1597 594 conciliis
1621 541 1675 595 sub
1694 555 1813 596 assensu

994 623 1128 677 expvresso
1141 611 1184 666 vel
1197 613 1284 667 tacito
1301 613 1431 666 ltovnanae
1444 612 1521 667 sedis
1534 630 1541 672 ;
1557 626 1621 666 curn
1630 612 1736 666 diserte
1749 625 1813 665 con·

996 685 1169 737 testarentur
1184 685 1278 737 eadem
1297 684 1358 751 ipsa
1376 683 1497 738 concilia
1517 682 1814 751 Constantinopolita-

996 766 1073 813 nurn,
1091 755 1277 821 Ephesinum,
1295 754 1535 821 Chalcedonense,
1557 767 1620 819 quae
1642 753 1814 821 praesulibus

995 823 1254 893 hierosolymitano
1277 833 1304 879 et
1318 824 1640 892 Constantinopolitano
1656 837 1742 878 novos
1760 824 1813 878 ho-

996 907 1079 949 nores
1093 896 1295 959 decernebant,
1312 896 1363 950 hos
1376 909 1500 950 ‹trinones
1515 895 1601 949 robur
1616 904 1783 964 accepturos
1797 908 1814 948 a

995 965 1142 1021 voluntate
1164 967 1282 1021 Romani
1305 966 1460 1034 pontilicis,
1485 966 1532 1020 cui
1549 966 1713 1034 supplicum
1738 978 1815 1020 aiore

998 1051 1093 1105 preces
1119 1039 1268 1093 humiliter
1290 1037 1453 1104 offerebant,
1477 1045 1509 1091 ut
1532 1037 1813 1092 his‘assentiretur:

997 1128 1009 1156 a
1022 1108 1161 1177 ltogamus
1175 1108 1367 1164 tuisdecretis
1379 1117 1506 1164 nostrum
1519 1106 1790 1173 honoresjudicium
1805 1125 1812 1169 ;

996 1179 1811 1247 etsicutnoseapitiinbonis,adjecimusconsonantiam:

996 1252 1039 1303 sic
1059 1258 1086 1304 et
1101 1252 1253 1305 summitas
1278 1259 1326 1306 tua
1347 1250 1417 1305 hilis
1432 1251 1506 1320 quod
1524 1251 1603 1304 decet
1618 1250 1781 1317 adimpleat.
1799 1266 1812 1297 e

997 1323 1035 1374 lta
1049 1323 1125 1375 enim
1139 1323 1211 1376 alatae
1232 1322 1347 1376 suntad
1363 1324 1481 1378 Leonem
1504 1320 1663 1390 pontificem
1681 1320 1783 1374 littera.
1798 1334 1814 1374 a

996 1393 1418 1448 coneilioChalcedonensitum
1429 1390 1656 1456 officiosissimae,
1671 1398 1729 1445 turn
1742 1404 1815 1445 reve·

998 1465 1178 1524 lentissimae,
1191 1464 1385 1534 etsingularis
1394 1463 1582 1519 observantiae.
1591 1463 1767 1517 testimoniis
1776 1476 1816 1516 re·

998 1535 1085 1595 lectar,
1111 1534 1253 1594 Ecclesiae,
1275 1536 1451 1604 contulitque
1475 1542 1560 1601 captu
1586 1535 1677 1602 ipsum
1696 1535 1814 1588 Leovmrn

998 1607 1159 1672 pontihcem
1186 1607 1382 1674 predicantes,
1409 1612 1440 1659 ut
1465 1607 1536 1660 scite
1553 1605 1658 1658 ibidem
1685 1605 1816 1660 observat

995 1678 1201 1732 Thomassinus
1215 1676 1320 1745 capitis
1335 1674 1377 1742 tt,
1390 1690 1468 1731 num.
1486 1673 1537 1730 th:
1556 1676 1622 1729 «Tu
1633 1677 1710 1731 sicut
1725 1688 1816 1729 mem-

121 1747 230 1794 cuotum
244 1745 382 1808 consessus
406 1744 608 1812 honoriticentia
629 1766 646 1801 u
669 1749 786 1803 Nicaeis
801 1748 939 1811 Prioribus,
957 1767 980 1824 B
996 1748 1057 1802 bris
1083 1756 1169 1816 caput
1198 1761 1327 1815 yrraeeras,
1360 1748 1506 1816 inquiunt,
1531 1747 1644 1801 lucente
1667 1746 1742 1815 apud
1766 1759 1815 1799 vos

122 1818 172 1865 eto
185 1811 446 1868 Chalcedoarmsibus
459 1832 525 1869 atoue
540 1823 621 1872 etitem
628 1819 702 1887 jure,
715 1817 941 1872 assentientibus

120 1883 376 1951 apostolicaesedis
392 1887 503 1956 legatis,
519 1901 609 1960 neque
626 1891 653 1944 id
669 1891 813 1944 decretum
830 1890 942 1943 rescin-

121 1955 206 2009 dente
219 1956 308 2009 leone
321 1959 420 2026 niagno
430 1956 501 2025 (emp.
519 1957 562 2023 i‘t,
575 1977 650 2014 ηιιηι.
660 1957 687 2029 7)
702 1973 759 2030 quo
769 1974 803 2013 ex
818 1965 943 2028 tempore

122 2026 197 2079 inter
226 2027 403 2094 patriarchas
429 2031 548 2097 censeri,
578 2034 681 2087 nedum
712 2032 786 2086 inter
804 2031 942 2085 exarchos

122 2103 173 2151 aut
190 2097 384 2166 metropolitas
399 2100 485 2154 etiam
499 2101 775 2172 Hierosolymitanus
787 2102 881 2170 roepit.
894 2101 944 2155 Os-

124 2169 217 2223 tendit
231 2170 338 2236 pariter
352 2169 422 2238 (cop.
447 2169 490 2239 to)
506 2174 667 2229 imitatione
690 2175 776 2242 hujus
791 2173 912 2241 exempli
927 2185 943 2227 a

123 2240 235 2294 Nicaena
252 2241 359 2309 synodo
373 2242 465 2310 petiti,
482 2259 545 2312 quae
557 2247 726 2315 dignitatem
739 2243 886 2299 stanlessus
899 2246 944 2298 de

123 2315 250 2365 creverat
270 2313 402 2380 episcopo
421 2314 502 2369 AEliae
526 2317 585 2371 sive
600 2316 866 2386 hierosolymitano,
883 2315 945 2369 cle-

126 2396 188 2436 rum
203 2382 686 2451 constantinopolitanumcurasse,
701 2395 733 2442 ut
743 2389 771 2442 in
783 2399 815 2442 ea
825 2387 943 2455 synodo,

125 2468 188 2521 quae
202 2452 255 2506 snb
271 2454 391 2508 Damaso
407 2457 436 2510 in
454 2457 530 2527 regia
548 2458 617 2513 urbe
635 2458 777 2514 celebrata
791 2464 835 2512 est
846 2464 945 2511 contra

124 2525 332 2587 Macedonium,
346 2526 498 2584 ederentur
511 2530 623 2585 decreta
639 2529 805 2586 honoriilca.
819 2529 946 2597 ejusdem

124 2595 258 2651 Ecclesia
274 2597 446 2664 presulibus
461 2601 614 2669 primatum
628 2606 687 2655 sive
701 2600 883 2655 exarchatum
900 2606 948 2654 at-

126 2666 295 2732 tribuentia,
312 2675 342 2723 ut
357 2680 418 2723 eati.
433 2667 465 2725 2:
484 2670 798 2741 constantinopolitanus
808 2672 947 2739 episcopus

126 2738 225 2791 hubent
251 2740 387 2806 primulae
421 2742 554 2809 honorem,
594 2743 625 2796 τὰ
650 2743 765 2812 speciale
793 2749 835 2807 τῆς
863 2749 945 2810 τιμῆς,

994 1820 1152 1888 apostolico
1167 1819 1257 1887 radio,
1273 1826 1301 1872 ot
1318 1833 1408 1886 usque
1421 1818 1455 1872 ad
1467 1818 1814 1884 constantinopolitanam

995 1891 1149 1946 Ecclesiam
1163 1889 1243 1944 illurn
1259 1896 1435 1959 spargentes,
1447 1902 1480 1942 eo
1495 1889 1570 1958 quod
1584 1888 1691 1955 absque
1705 1887 1815 1942 invidia

996 1963 1203 2017 consueveritis
1216 1967 1376 2016 vestrorum
1389 1960 1528 2015 bonorum
1542 1959 1761 2027 participatione
1774 1957 1818 2011 di·

998 2042 1056 2088 tare
1066 2034 1249 2088 domesticos.
1266 2050 1278 2080 v
1293 2031 1425 2098 Quamdiu
1439 2031 1529 2101 igitur
1544 2030 1603 2085 sive
1616 2030 1670 2084 sub
1685 2032 1815 2095 hiemasse,

996 2108 1055 2159 sive
1066 2105 1120 2159 sub
1137 2105 1276 2172 proximis
1286 2103 1399 2158 Damasi
1411 2101 1627 2158 successoribus
1640 2101 1714 2154 nihil
1727 2106 1817 2155 atten-

998 2183 1091 2232 tarent
1113 2181 1212 2230 contra
1227 2176 1407 2229 Nicaenorum
1432 2186 1572 2227 canonum
1598 2172 1772 2236 firmitatem,
1789 2173 1817 2223 et

998 2255 1097 2304 contra
1112 2253 1205 2301 vetera
1225 2246 1352 2313 priorum
1378 2244 1606 2313 patriarcharum
1622 2253 1708 2313 atque
1729 2255 1816 2296 evar-

998 2321 1116 2373 chorum
1134 2317 1296 2388 privilegia,
1312 2315 1446 2385 praesules
1460 2320 1545 2385 reqiae
1561 2315 1642 2370 urbis
1657 2314 1818 2368 aConstan·

999 2392 1063 2445 tino
1080 2389 1196 2444 delectae
1212 2389 1240 2442 in
1264 2390 1357 2442 sedem
1373 2386 1530 2442 Orientatis
1551 2385 1680 2455 imperii,
1696 2384 1743 2438 sed
1756 2382 1818 2438 solo

1002 2460 1159 2516 honorilice
1188 2459 1274 2513 titulo
1296 2466 1324 2513 et
1347 2471 1532 2513 consessusa
1557 2456 1692 2511 Romanis
1715 2454 1818 2536 legatis

1001 2527 1818 2602 proximocumceeterismajoribusdioecesihusnumerari

1000 2604 1054 2659 sub
1064 2616 1182 2657 assensu
1197 2601 1317 2656 ltonrani
1330 2600 1643 2670 ponttnciseuptebant,
1655 2597 1730 2651 nihil
1741 2596 1822 2651 abso·

1001 2689 1068 2730 num
1084 2673 1244 2738 videbatur,
1261 2672 1285 2725 si
1299 2672 1389 2742 ligura
1402 2671 1491 2726 tiliaea
1506 2671 1610 2725 veteris
1620 2670 1715 2723 itomae
1726 2667 1820 2736 ponti·

1001 2747 1052 2801 tice
1067 2746 1156 2799 totius
1167 2743 1299 2798 Ecclesiae
1315 2743 1407 2811 capite
1422 2743 1461 2796 ita
1475 2740 1820 2804 bonorataededicaretur,

125 2815 185 2878 post
210 2811 360 2863 Uortumnum
374 2815 537 2882 episcopum,
563 2831 591 2868 eo
609 2815 682 2883 quod
704 2816 741 2867 sit
757 2828 827 2866 nonu
853 2815 945 2867 Horren.
1001 2831 1056 2872 non
1073 2829 1202 2870 secusne
1217 2814 1279 2868 reli«
1295 2828 1336 2869 uae
1353 2815 1490 2881 tnajorutn
1507 2813 1662 2868 dloecesunt
1678 2817 1823 2878 metropo-

127 2881 206 2934 Licet
226 2894 291 2935 vero
306 2884 463 2950 apostoliea
484 2887 565 2940 sedes
581 2893 642 2941 rata
663 2898 719 2939 non
736 2884 868 2939 habuerit
884 2885 947 2953 ejus
1002 2889 1052 2952 les,
1068 2889 1097 2941 in
1122 2886 1220 2954 aliqua
1235 2899 1269 2939 ex
1279 2830 1416 2939 basilicis
1432 2883 1525 2938 Urbis.
1543 2885 1607 2937 Sive
1623 2882 1672 2936 iila
1686 2881 1774 2936 luerit
1787 2878 1822 2934 ab

127 2951 228 3020 synodi
252 2959 340 3022 gesta,
368 2955 426 3010 nisi
452 2956 480 3009 in
498 2957 543 3010 his
560 2971 622 3027 quae
635 2964 735 3012 contra
750 2956 946 3010 Macedonium
1003 2959 1089 3013 initio
1104 2957 1295 3012 Laurentiana
1311 2959 1391 3009 extra
1405 2968 1511 3017 muros,
1524 2954 1585 3008 sive
1599 2952 1750 3006 tiberiana
1761 2950 1822 3005 sive

129 3026 183 3076 rite
196 3024 428 3091 lit0¹¹sssslissterat
438 3046 445 3094 3
456 3041 579 3083 canones
590 3026 816 3085 verodesedium
830 3027 949 3095 patriar·
1002 3029 1230 3085 etiamt'aticana
1244 3026 1488 3094 (quandoquidem
1501 3023 1701 3078 Lateraneusis
1714 3024 1822 3075 horna-

128 3093 253 3148 chaliam
277 3093 459 3153 ordinatione
480 3113 535 3154 non
559 3101 719 3169 acceperit,
745 3098 792 3152 sed
814 3097 907 3152 valide
922 3101 986 3165 etc
1003 3114 1066 3154 nam
1079 3106 1108 3153 et
1121 3097 1344 3152 Alexandrinam
1362 3096 1480 3150 Paulina
1492 3092 1755 3156 reterredieunturl
1770 3104 1822 3159 pe-

128 3172 291 3219 constantev
323 3171 490 3239 perstiterit,
528 3177 587 3226 tum
622 3173 718 3226 eodem
747 3169 860 3235 saeculo,
887 3174 946 3222 tum
1002 3170 1259 3236 rindeestzneque
1272 3165 1298 3219 id
1313 3174 1452 3235 repugnat
1466 3165 1634 3219 constantiae
1652 3161 1820 3231 pontificum

129 3237 257 3303 proxime
267 3242 440 3307 consecutis,
455 3256 505 3312 pro
520 3242 623 3296 tuenda
638 3241 724 3295 veteri
739 3239 905 3305 disciplina,
919 3243 948 3290 et
1002 3234 1824 3304 homanorum,intactajurapraeservantiumjuntallicae³
1870 3244 1872 3248 ·

125 3307 331 3373 jurisdictione
347 3313 555 3380 praecipuarum
577 3313 687 3367 sedium
705 3315 766 3378 post
781 3309 946 3373 itomanam,
1001 3326 1054 3366 nos
1068 3323 1191 3364 canones
1202 3307 1403 3376 jurisdictioni
1421 3314 1449 3362 et
1464 3307 1822 3362 auctoritatiduarumse-

124 3378 325 3432 Alexandrinae
335 3383 448 3436 scilicet
459 3388 485 3437 et
498 3382 680 3436 antiochenae
690 3399 697 3447 ·,
707 3394 771 3433 cum
785 3385 886 3447 praeter
900 3378 947 3432 ho·
1000 3378 1365 3449 diumpatriarchalium,a
1379 3380 1458 3433 l’etro
1468 3377 1819 3446 apostoloinstitutarum,

122 3461 218 3503 norem
233 3449 381 3505 consessus
396 3458 563 3522 agnosceret
580 3466 593 3505 a
610 3451 687 3506 clero
701 3451 857 3519 byzantino
873 3461 945 3503 con·
1000 3449 1820 3523 praeterltomanamuniversisabeapraelatamllocautem

123 3518 200 3573 tondi
216 3518 250 3571 ad
264 3519 330 3586 jura
345 3522 446 3576 alietate
468 3523 618 3592 potestatis
630 3522 686 3576 sibi
704 3520 879 3589 arroganti&
897 3525 944 3572 al·
999 3538 1085 3578 sensu
1096 3521 1285 3591 intelligenda
1298 3528 1439 3589 suntque
1453 3521 1560 3575 nostris
1572 3520 1600 3573 in
1614 3519 1690 3575 notis
1704 3518 1822 3588 legenda

123 3598 215 3642 tamen
231 3595 344 3644 constat
359 3606 414 3647 non
426 3594 609 3660 detrectasse,
635 3599 667 3647 ut
681 3591 858 3646 honoriilcus
872 3603 945 3644 con·
1000 3596 1135 3664 proposui
1146 3594 1179 3648 ad
1192 3593 1282 3646 Vitam
1294 3592 1375 3657 Uluti,
1389 3592 1539 3646 utscilieet
1551 3597 1613 3659 post
1624 3589 1822 3644 fundationem

122 3660 943 3733 sessusejttsdemregimurhiseptscnptstribueretur,na
1000 3666 1187 3721 basilicarum
1211 3663 1384 3731 ampliorum
1404 3664 1510 3717 saecuto
1534 3668 1637 3730 quarto
1652 3659 1821 3729 completam

125 3737 158 3809 ut
170 3731 360 3788 l‘asehasinus
373 3749 449 3803 papae
464 3736 574 3806 legatus
587 3741 762 3803 conquestus
776 3734 815 3787 sit
829 3733 856 3787 in
871 3746 944 3787 con·
999 3738 1053 3792 sub
1068 3736 1181 3791 Liberio
1196 3735 1326 3803 proximo
1341 3735 1453 3787 Damasi
1470 3735 1627 3796 decessore,
1639 3744 1704 3786 cum
1720 3731 1823 3809 dicece-

122 3801 192 3857 citio
202 3801 436 3870 Chatlcedonensi,
449 3807 521 3875 quod
534 3808 562 3860 in
577 3807 718 3874 Ephesina
729 3804 945 3873 pseudosynodo
1000 3824 1045 3863 ses
1059 3805 1389 3875 majoresecclesiasticae
1403 3805 1497 3860 tribus
1510 3801 1822 3872 patriarchalibusprv-

124 3873 245 3941 quintus
260 3877 370 3928 tantum
385 3875 465 3932 locus
482 3878 614 3931 Flaviano
629 3874 945 3943 Constantinopolitano
1001 3879 1146 3950 migentis.
1163 3890 1196 3932 ae
1210 3876 1325 3931 duobus
1336 3874 1547 3930 recentioribus
1563 3874 1717 3929 honorario
1736 3869 1822 3926 titulo

124 3944 253 3998 tributus
265 3945 314 4012 sit,
326 3959 390 4000 curn
405 3949 526 4017 primum
543 3954 605 4015 post
615 3946 863 4016 apostolicaesedis
874 3946 946 4013 lepa-
999 3949 1196 4019 superadditis
1207 3947 1406 4007 definirentur,
1418 3953 1449 4001 ut
1459 3946 1626 4016 quinarium
1635 3943 1820 4012 complerent,

124 4020 168 4068 tos
182 4015 209 4068 in
220 4015 316 4069 eodem
330 4019 553 4074 chalcedonensi
564 4017 716 4073 lirratolius
728 4020 782 4072 rite
793 4018 944 4070 obtineret·
1002 4023 1118 4078 totidem
1134 4019 1382 4089 quoquebasilicae
1396 4019 1512 4073 itomani
1525 4018 1717 4085 episcopatus,
1733 4015 1761 4069 in
1774 4012 1824 4067 Ur-

124 4086 189 4138 Eam
199 4099 253 4139 revn
264 4087 732 4158 ttacomptectitur·Thomassinus
742 4102 819 4142 num.
829 4085 870 4154 ⁴9,
882 4102 943 4156 cap.
1001 4094 1044 4156 be,
1061 4099 1089 4146 et
1101 4092 1178 4146 cirea
1193 4089 1294 4144 Urbem
1309 4090 1485 4152 constitutae,
1502 4089 1718 4143 universitatem
1733 4098 1827 4139 sacer·

126 4153 174 4209 ⁴⁰²
189 4159 269 4210 “Nec
282 4164 374 4214 lamen
389 4162 547 4225 inficissbttt,
560 4160 786 4229 li⁰⁵i⁰0¹tcilltlffl
796 4157 947 4213 Chalcide
1000 4161 1236 4221 dotiichristiani
1250 4159 1397 4226 referrent,
1408 4160 1461 4214 sub
1473 4161 1682 4227 Petriprimatu
1692 4157 1825 4212 ordinate

125 4240 222 4296 nense,
237 4228 409 4297 quibusdam
433 4246 489 4286 non
512 4232 609 4301 exigui
631 4231 766 4285 momenti
784 4230 946 4300 privilegiis
1000 4235 1180 4303 colligentem
1224 4236 1345 4301 uotquot
1372 4231 1507 4301 presules
1531 4243 1578 4299 per
1603 4229 1701 4284 mnndi
1726 4227 1824 4296 plagas

127 4301 946 4372 potitossevnperiuissepraesuiesCoristantinopotitanos,
1001 4306 1134 4361 [aviditas
1151 4317 1214 4372 rege
1235 4310 1285 4357 ant
1303 4303 1456 4358 Ecclesias.
1472 4302 1536 4368 Sive
1548 4304 1687 4355 Damasus
1703 4300 1731 4355 id
1749 4311 1825 4367 prae-

127 4382 182 4423 iton
202 4371 344 4427 abnuente
358 4375 483 4429 itomano
497 4374 638 4442 pontifice.
655 4373 796 4427 sederunt
811 4374 854 4427 ilii
869 4384 947 4425 sem·
1000 4378 1118 4441 stiterit,
1128 4373 1298 4429 dumdivini
1310 4374 1407 4429 cultus
1417 4373 1509 4428 cilicia
1520 4380 1547 4428 et
1559 4371 1723 4442 psalmodiae
1735 4371 1824 4423 ritum
1842 4401 1846 4409 -

126 4453 175 4508 per
196 4448 262 4496 aute
285 4446 475 4512 patriarcham
495 4446 715 4509 antiochenum,
733 4444 946 4498 ethlexandri-
975 4496 978 4499 .
1001 4453 1169 4516 attemperat
1179 4459 1227 4514 per
1237 4443 1580 4500 hebdomadasineisdem
1592 4441 1824 4506 basilicisnuper

125 4525 205 4565 uum.
216 4514 396 4584 conquestus
409 4524 452 4570 est
466 4518 494 4570 in
508 4516 633 4571 coneilio
645 4515 869 4586 chalcedonensi
880 4518 945 4567 t‘as-
963 4495 987 4554 D
1003 4519 1142 4584 fundatis,
1155 4529 1274 4584 eamque
1291 4517 1378 4583 teqem
1394 4516 1484 4570 edicit
1498 4514 1641 4581 episeopis,
1655 4509 1821 4579 presbyteris

123 4583 264 4639 chusinus
281 4599 357 4654 pupae
377 4587 496 4656 legatus,
514 4588 589 4656 quod
612 4587 640 4641 in
660 4586 805 4655 Ephesina
821 4585 948 4654 pseudo·
1002 4598 1026 4644 et
1037 4583 1304 4654 moncrstmiispnira
1320 4601 1395 4638 natm.
1412 4582 1474 4655 eh:
1499 4584 1561 4638 sive
1575 4581 1688 4635 Damasi
1705 4591 1823 4659 succes-

124 4655 949 4724 synodoqaintustantum.tributnsessettocusl'lariano
1004 4675 1091 4727 sni-cs,
1108 4657 1289 4727 potissimum
1313 4657 1333 4709 ii
1359 4656 1409 4725 qui
1428 4656 1563 4724 leguntur
1585 4651 1822 4731 hebdomadarras

123 4726 442 4797 Constantinopolitano
466 4730 692 4798 archiepiscopo,
716 4728 822 4783 cumei
838 4731 949 4795 primus
1003 4734 1079 4786 vices
1087 4736 1190 4796 septem
1205 4727 1406 4795 episcoporum
1422 4726 1507 4780 Urbis
1522 4723 1712 4780 finitimorum
1734 4722 1824 4776 instr-

126 4803 190 4865 post
202 4799 279 4852 sedis
293 4801 457 4868 apostolieae
473 4800 579 4869 legatos
599 4801 760 4860 deberetur,
774 4809 803 4853 et
816 4798 851 4853 ab
870 4801 949 4853 hna-
1002 4804 1094 4857 tuisse
1108 4800 1137 4854 in
1149 4799 1268 4853 basilica
1278 4797 1434 4853 salvatoris
1448 4797 1481 4851 ad
1499 4797 1678 4858 Lateranum,
1694 4806 1728 4847 ex
1742 4796 1825 4847 aetate

125 4868 343 4924 tolioreverain
357 4869 947 4941 ipsodhalcedonensiconcilioobtinere·
1002 4871 1138 4941 stephani
1161 4870 1257 4939 quarti
1283 4868 1387 4924 saeculo
1410 4873 1507 4923 octavo
1529 4867 1586 4935 jam
1609 4864 1754 4929 celebres3
1778 4861 1825 4917 vel

126 4945 195 5002 tur3
219 4942 260 4995 tta
277 4949 307 4996 ut
319 4944 377 5010 jam
404 4946 431 4997 in
448 4941 569 4997 dubium
583 4942 655 4996 verti
682 4954 737 4995 non
755 4942 855 5011 possit,
877 4942 947 5010 quin
1001 4943 1182 5012 simplicius,
1193 4954 1275 5010 quem
1287 4940 1403 4995 tradunt
1413 4939 1515 5008 quinto
1526 4933 1826 5015 saeculohebdomada·

124 5024 306 5068 successores
331 5015 461 5068 eumdem
484 5027 597 5083 semper
611 5013 784 5068 retinuerint
800 5010 905 5066 locum.
933 5030 945 5058 n
1003 5015 1146 5071 riasvices
1156 5011 1384 5081 presbyterorum
1397 5009 1585 5065 constituisse
1595 5008 1669 5075 apud
1683 5012 1741 5061 tres
1751 5004 1824 5059 basv-

127 5084 704 5154 invasioigiturordinariaepotestatisin
718 5083 949 5151 atienasprovin-
1004 5089 1075 5142 livnvs
1092 5084 1175 5139 Urbis
1198 5090 1278 5137 extra
1304 5095 1402 5136 muros
1425 5087 1492 5135 tunc
1523 5081 1641 5148 positas,
1669 5089 1768 5145 nempe
1787 5075 1825 5129 ud

125 5153 188 5208 cias
198 5154 264 5222 jure
276 5157 473 5225 culpabatura
487 5158 588 5225 htagno
599 5156 701 5220 Leone,
711 5154 837 5223 aliisque
850 5154 950 5208 ltoma-
1004 5160 1135 5213 s'imctum
1161 5158 1269 5209 Petrum
1284 5154 1447 5221 apostolom,
1459 5156 1483 5205 et
1505 5152 1542 5204 od
1564 5153 1694 5205 servantum
1708 5148 1826 5201 Paulam

128 5226 174 5279 nis
192 5227 387 5293 pontificibus,
408 5229 437 5281 iu
459 5224 949 5294 constantinopolitanis.Caeterum
1005 5228 1166 5299 apostolum.
1195 5229 1219 5278 et
1246 5225 1284 5277 ud
1307 5224 1438 5278 Sanctum
1459 5223 1637 5276 besirentium
1664 5224 1823 5299 martyrem,

128 5296 315 5352 honorilicam
325 5298 446 5367 speciem
458 5299 598 5367 primatus
607 5299 783 5351 titulotenus
795 5297 952 5351 interalios
1005 5299 1125 5356 delectis
1139 5310 1154 5352 e
1169 5296 1330 5366 septenario
1352 5295 1499 5365 reqionum
1516 5292 1601 5347 Urbis
1611 5290 1827 5346 ecclesiastica-

128 5369 336 5435 metropolitas,
353 5370 703 5432 siveetiamevarchatus,
718 5367 952 5437 itaindulgenter
1008 5386 1070 5426 rum
1095 5380 1211 5424 numero
1234 5368 1341 5435 primae,
1363 5368 1459 5430 tmtv'ae,
1484 5370 1577 5423 sente,
1604 5368 1628 5415 et
1642 5364 1762 5435 septime
1784 5363 1827 5428 (ut

126 5444 171 5494 eis
185 5439 290 5493 deterri
318 5453 372 5493 non
391 5439 593 5506 impediebant.
611 5440 704 5506 Quare
720 5445 831 5507 poterat
845 5439 952 5493 Dama-
1009 5440 1082 5497 inira
1098 5455 1173 5492 atum.
1197 5434 1241 5499 l8)
1261 5439 1396 5490 antitisti-ts
1409 5437 1506 5491 eadem
1522 5434 1614 5491 officia
1631 5432 1829 5514 praestiturise·

126 5524 188 5576 sus,
205 5511 266 5564 sive
281 5510 393 5563 Damasi
403 5523 593 5575 successores,
605 5522 659 5563 non
674 5522 816 5574 recusare,
831 5515 862 5562 ut
878 5511 953 5564 inter
1008 5514 1035 5568 id
1051 5524 1136 5567 unum
1151 5522 1261 5577 semper
1276 5506 1436 5569 collinitur,
1450 5513 1480 5560 ut
1490 5505 1665 5561 universitas
1675 5503 1831 5559 sariendam

128 5580 267 5637 basilicas
283 5581 432 5644 Romanas,
448 5595 509 5648 quae
527 5580 734 5650 praecipuarum
751 5579 890 5647 ejusmodi
905 5593 953 5633 se-
1010 5598 1057 5654 per
1074 5589 1164 5636 totum
1181 5579 1377 5633 Christianum
1395 5578 1490 5632 orbern
1504 5576 1609 5632 diffusa
1631 5575 1830 5656 ostenderetur

127 5654 210 5709 dium
242 5658 340 5721 typum
367 5654 536 5719 ret'erebaat,
552 5656 638 5720 atque
663 5659 695 5706 ut
717 5653 902 5705 innocentius
919 5651 952 5704 ttt
1009 5653 1128 5723 mystice
1142 5651 1217 5719 apud
1232 5651 1325 5704 sedem
1338 5652 1490 5704 itomanam
1507 5646 1674 5702 adurnbrata
1690 5659 1719 5725 Ιιιι
1734 5644 1830 5726 titulis

128 5723 271 5780 describit
285 5744 297 5776 o
310 5724 392 5793 quast
409 5722 483 5777 utras
499 5724 528 5777 tn
542 5722 650 5794 giumo
664 5725 796 5777 nomana
810 5722 888 5776 sedis
898 5735 956 5776 om·
1008 5734 1037 5781 ev
1051 5729 1078 5779 in
1093 5723 1225 5777 bastttcts
1240 5720 1331 5786 urhis,
1345 5722 1384 5775 na
1397 5715 1831 5796 exprimentibusmememora-

131 5799 213 5851 uium
224 5795 324 5851 matris
336 5795 503 5864 residentes,
516 5802 544 5850 et
555 5808 584 5848 tn
597 5794 724 5851 circuitu
734 5799 861 5849 astantes
871 5794 955 5862 quasi
1007 5811 1077 5857 ceses
1092 5794 1261 5861 simpulomvm
1281 5792 1518 5863 patriarcharum,
1532 5796 1560 5846 et
1572 5788 1608 5844 ab
1624 5789 1670 5843 his
1685 5798 1830 5857 proximas
