3892 6136
128 258 219 355 ,ΜΒ

567 256 614 311 ΑΙ)
631 249 848 310 artissimum
867 242 1124 303 PROLEGOMENA
1142 248 1231 305 EDIT.
1251 248 1470 308 bom-viimo.

1816 252 1871 312 ssi

166 389 261 443 tutum
275 383 342 454 tuit,
357 399 391 438 ea
404 383 570 436 documentis
580 380 692 434 aliunde
703 377 878 442 ministratis,
906 386 988 442 qaam
1004 370 1032 428 Α
1044 373 1161 444 dianis3
1185 393 1247 448 quae
1257 385 1349 437 tamer
1375 377 1505 434 fenestra
1526 377 1668 449 proximis
1692 375 1871 449 imaginibus

165 474 271 535 calceo,
284 473 333 527 ubi
338 477 392 527 tres
398 472 521 540 promime
528 470 702 537 gerebantur,
714 467 987 535 suffragiiprarapa·

163 563 248 616 ticam
262 575 408 629 essepenes
429 559 606 627 illumcujus
629 558 735 610 auctori
756 569 839 607 causa
858 552 985 617 scientia,

159 651 263 719 peritia
276 649 436 718 disciplina,
453 664 484 702 ac
499 647 622 702 studium
633 645 756 700 quitatis
776 642 935 710 facultatem
945 640 989 693 de-

164 737 235 792 derit
246 738 403 807 ampliorem
421 739 546 805 temporis
563 751 594 788 ac
615 749 706 788 rerum
726 729 986 802 perquirendarum.

162 827 286 882 Tandem
309 838 426 880 numere
454 829 552 880 octava
574 824 603 878 id
626 820 797 876 inferebam:
823 818 987 872 Concessum

159 916 287 986 plurium
300 917 463 984 scriptorum
477 913 518 966 oet
529 913 758 971 documentorum,
780 908 835 962 loco
862 923 894 960 ae
920 909 984 958 tem-

49 1033 55 1044 ·
159 1020 226 1076 pore
241 1005 448 1073 proximiorem,
469 1003 621 1072 prasertim
641 1002 666 1053 si
685 999 798 1068 publica
824 995 985 1048 auctoritate

161 1086 334 1145 muniuntur,
345 1083 478 1136 indicium
488 1081 642 1135 habendum
657 1079 843 1134 esseutrt'totis
852 1076 986 1129 historica

88 1190 96 1200 ·
161 1172 397 1238 etchrouoloqiea.

179 1257 210 1315 3.
226 1260 313 1314 Nemo
326 1272 383 1314 nun
395 1257 537 1329 intelliget
553 1271 606 1313 cur
624 1256 684 1311 hac
707 1253 888 1310 conditiones
904 1265 985 1322 qua-

161 1348 256 1405 renda
270 1345 379 1402 fuerint
394 1347 424 1402 in
438 1344 588 1402 codicibus
602 1344 701 1410 ltalia,
719 1341 876 1413 prasertim
891 1341 986 1395 homa

162 1436 401 1507 proximioribus,
413 1448 534 1506 quarum
551 1434 695 1490 Farfensis
707 1433 826 1501 primus,
850 1429 985 1485 cavensis

160 1524 245 1594 alter,
256 1526 406 1598 Bergomas
416 1526 520 1582 tertius
532 1524 647 1578 vicinia
658 1522 744 1578 tituto
758 1519 854 1575 haberi
871 1517 983 1573 debent.

160 1613 380 1670 considerabam
399 1615 476 1669 enim
496 1612 689 1681 scriptoribus
701 1616 728 1666 et
743 1607 913 1665 custodibus
937 1606 987 1661 bi-

1043 465 1114 520 satis
1135 468 1258 525 vividam
1274 470 1365 527 iucem
1388 469 1579 533 distribuunt,
1596 465 1644 522 sed
1663 464 1870 521 remotioribus

1044 552 1264 624 languidiorem.
1289 559 1425 614 Pluribus
1435 558 1520 614 etiam
1549 557 1579 611 in
1595 555 1667 611 locis
1681 554 1708 609 ei
1731 553 1869 624 picturis,

1044 644 1200 710 prasertim
1220 646 1258 701 iis
1272 661 1335 716 qua
1348 647 1489 717 imagines
1502 643 1638 700 exhibent
1650 655 1666 697 a
1690 640 1773 697 beata
1785 642 1870 697 Petra

1042 731 1195 803 proximas,
1205 747 1278 804 aqua
1290 736 1428 805 depluens
1439 734 1509 790 clim
1520 745 1569 802 per
1586 732 1653 787 tecti
1665 735 1716 786 aut
1734 728 1873 786 fenestra·

1041 832 1104 874 rum
1133 820 1230 887 rimas,
1252 824 1355 880 vitium
1381 824 1542 878 induxerat.
1556 826 1584 876 et
1608 819 1704 890 pulvis
1720 819 1872 874 adbarens

1040 908 1177 976 parietem
1188 909 1227 965 ita
1237 915 1410 976 contexerat,
1424 915 1456 965 ut
1469 911 1575 966 duetus
1588 908 1752 963 litterarum
1773 912 1871 962 essent

1040 994 1137 1050 minus
1151 997 1306 1053 manifesti.
1321 996 1464 1053 Adversus
1476 999 1548 1052 hanc
1561 994 1762 1052 difficultatem
1783 1007 1870 1063 aspc-

1039 1089 1104 1138 ctus
1116 1089 1144 1138 et
1156 1097 1288 1141 accessus
1296 1085 1379 1155 plura
1389 1085 1521 1142 subsidia
1531 1083 1760 1153 comparavimus
1780 1088 1869 1152 quot-

1040 1176 1154 1238 quctex
1166 1174 1300 1229 condicto
1320 1173 1506 1229 convenimus
1525 1185 1600 1227 anne
1616 1170 1760 1240 superiori
1786 1166 1867 1231 liba.

1040 1259 1143 1314 diebus
1159 1263 1315 1330 prasertim
1333 1259 1366 1316 lc
1379 1262 1486 1328 hlartii,
1503 1257 1539 1315 29
1557 1259 1668 1329 Aprilis
1681 1263 1710 1314 et
1736 1256 1769 1314 to
1785 1257 1869 1327 Maii,

1040 1349 1075 1405 ad
1102 1352 1342 1421 recognoscendas
1359 1350 1498 1421 imagines
1513 1354 1541 1404 et
1561 1348 1734 1420 epigraphes
1748 1347 1790 1402 ibi
1814 1347 1869 1403 de-

1042 1438 1142 1507 pictas.
1157 1441 1225 1494 Nam
1241 1438 1473 1496 soleclarissimo
1484 1439 1560 1493 circa
1573 1437 1732 1506 meridiem,
1747 1436 1870 1492 etheris

1040 1540 1056 1582 a
1072 1527 1192 1583 meridie
1202 1528 1341 1597 proximis
1354 1527 1502 1583 basilicam
1518 1525 1683 1581 illustrante
1694 1523 1869 1580 intendeba-

1041 1629 1105 1670 mus
1119 1616 1266 1672 aeulorum
1287 1615 1388 1683 aciem,
1415 1629 1470 1671 non
1484 1613 1577 1670 solum
1592 1626 1624 1669 ea
1648 1612 1712 1668 luce
1726 1611 1866 1681 adjutam,

161 1701 368 1759 bliotheearum
388 1709 473 1773 atque
500 1701 683 1757 archivorum
704 1700 799 1754 Roma
825 1697 986 1768 proximio-
1003 1691 1136 1759 Bverum
1153 1704 1238 1759 etiam
1262 1704 1341 1759 tuuis
1358 1702 1462 1773 pptieis
1487 1707 1622 1757 armatam
1647 1701 1681 1757 au
1702 1700 1866 1772 augendum

160 1807 236 1862 rum,
250 1793 429 1849 occasionem
441 1790 531 1847 fuisse
542 1788 801 1860 paraiamadeundi
823 1785 987 1856 frequenter
1041 1791 1205 1862 anguluma
1220 1793 1436 1849 minutisetiam
1456 1792 1586 1861 partibus
1602 1789 1705 1860 abjecti
1731 1788 1868 1845 efforma-

159 1880 273 1949 Urbem,
288 1885 316 1937 et
337 1877 502 1936 conferendi
519 1880 626 1949 sapius
640 1892 709 1933 suos
723 1876 874 1948 catalogos
888 1882 916 1930 et
930 1876 987 1932 dc-
1041 1890 1113 1944 tum,
1141 1896 1198 1952 que
1225 1882 1387 1937 evidentius
1412 1884 1634 1951 perciperentur.
1655 1878 1781 1934 Dii-actis
1802 1891 1868 1933 vero

160 1976 292 2026 cumenta
304 1968 498 2041 chronologia
513 1968 665 2038 pontificia
682 1965 809 2036 propriis
825 1967 853 2020 in
870 1965 987 2020 codici·
1042 1971 1177 2042 pluribus
1191 1970 1270 2026 tubis
1281 1971 1551 2035 uiueimmueivum,
1566 1969 1594 2025 s.
1613 1968 1714 2025 [etms
1731 1966 1865 2039 Maguiet

161 2055 215 2114 bus
230 2058 405 2127 consignata
419 2071 484 2113 cum
496 2056 659 2126 archetypis
670 2054 863 2110 monumentis
880 2052 987 2109 basili-
1042 2058 1175 2114 Placidia
1191 2059 1359 2114 nominibus
1375 2058 1560 2130 insignitum,
1582 2057 1649 2112 inde
1672 2058 1701 2111 in
1726 2054 1866 2111 historias

160 2158 259 2201 carum
273 2144 510 2213 patriarchalium
525 2144 602 2198 intra
617 2142 731 2198 eteirca
746 2142 848 2197 Urbem
859 2158 866 2208 ς
878 2141 908 2196 in
924 2140 988 2211 qui·
1040 2147 1150 2204 veteris
1164 2146 1347 2216 Testamenti,
1373 2161 1461 2216 supra
1486 2145 1626 2216 imagines
1651 2144 1819 2214 pontificum
1836 2143 1866 2198 itt

136 2301 140 2307 ¹
161 2231 216 2290 bus
236 2232 367 2303 patebant
388 2232 482 2288 oeulis
505 2233 634 2287 omnium
656 2232 745 2288 series
768 2237 795 2286 et
817 2229 987 2302 epigraphes
1042 2236 1151 2306 pariete
1166 2236 1289 2292 australi
1308 2235 1460 2305 coloratas,
1474 2239 1509 2290 ut
1519 2235 1625 2304 stylum
1643 2234 1763 2304 pictura
1781 2237 1868 2288 utro·

161 2322 340 2392 pontiticum,
369 2321 522 2391 complexa
545 2321 707 2376 earumdem
735 2321 932 2376 successiones
954 2332 987 2374 ac
1041 2324 1130 2394 bique
1152 2324 1367 2380 observaremus
1395 2330 1423 2379 et
1447 2336 1686 2392 compararemus.
1709 2320 1866 2391 Perspicua

161 2416 300 2480 tempora.
318 2410 449 2465 Eruditis
459 2415 553 2465 autent
563 2409 635 2464 viris
651 2409 739 2464 maria
757 2406 987 2476 transmissuris,
1042 2418 1137 2469 autem
1151 2413 1344 2482 comperimus
1359 2413 1457 2468 vuitus
1471 2411 1575 2482 viginti
1586 2415 1709 2480 quatuor
1717 2410 1866 2466 seniorum

160 2505 213 2556 aut
228 2503 337 2554 montes
351 2498 542 2568 superaturis,
558 2511 590 2553 ae
607 2497 704 2567 plures
719 2497 879 2564 provincias
903 2509 987 2566 pera·
1042 2500 1260 2571 apocalypseos,
1278 2501 1306 2556 in
1329 2500 1440 2556 musivo
1460 2501 1487 2555 S.
1511 2501 1611 2555 monis
1633 2498 1804 2568 delineatos,
1825 2497 1867 2553 ita

161 2588 300 2661 gratatis,
314 2592 346 2643 ut
363 2587 392 2643 in
409 2587 521 2642 ltaliam
533 2592 561 2641 et
582 2586 693 2642 latium
717 2586 828 2641 andem
855 2585 988 2655 perveni·
1042 2589 1154 2645 similes
1166 2588 1366 2645 essevultibus
1387 2588 1510 2644 aaronis
1525 2595 1554 2642 et
1575 2586 1676 2658 hicysi,
1689 2587 1803 2656 pictura
1815 2598 1866 2641 ex·

160 2685 233 2746 rent,
260 2690 331 2732 rara
351 2676 504 2732 admodum
527 2677 692 2732 occasiones
714 2675 906 2731 afferebantur
926 2675 986 2729 llo-
1043 2677 1191 2748 pressisiu
1213 2678 1376 2733 memoratis
1391 2676 1525 2732 historiis
1539 2674 1638 2744 Exodi,
1655 2673 1799 2745 praecipue
1815 2673 1865 2729 ubi

160 2777 235 2822 mam
250 2765 434 2832 concedendi,
449 2771 535 2835 atque
547 2763 594 2819 bic
611 2777 715 2819 moram
732 2763 900 2820 diuturnam
922 2770 985 2817 tra-
1041 2766 1139 2836 plagas
1150 2767 1267 2837 AEgypta
1283 2767 1379 2821 illatas
1405 2766 1497 2835 pictor
1515 2762 1660 2833 exhibuit,
1679 2767 1712 2817 ut
1734 2762 1864 2831 ejusdem

162 2853 258 2923 bandi,
273 2860 304 2908 et
320 2853 479 2908 necessaria
492 2853 532 2908 ita
549 2853 668 2921 parandi
684 2854 719 2909 ad
733 2852 862 2922 picturas
876 2856 904 2907 et
916 2851 982 2920 epi·
1039 2855 1162 2912 artificis
1173 2868 1274 2910 manus
1289 2860 1424 2910 auteerte
1439 2853 1564 2923 ejusdem
1579 2851 1684 2907 schola
1705 2850 1865 2907 artificium

160 2943 446 3014 graphesdiligenter
461 2941 656 3010 inspiciendas
672 2942 775 2998 iterato
789 2941 982 3011 experimento
1041 2943 1194 3012 utrobique
1207 2957 1237 2998 se
1250 2943 1361 3013 prodat.
1378 2942 1481 2997 Eadem
1500 2941 1575 2997 ratic
1598 2939 1721 2996 vestium
1743 2953 1865 3004 rumpe·

160 3030 246 3102 (quod
264 3031 336 3085 mihi
348 3031 540 3085 necessarium
552 3027 620 3095 fuit,
637 3029 750 3085 licetab
763 3030 848 3083 annis
862 3028 984 3099 triginta
999 3005 1023 3068 G
1040 3032 1209 3095 mendarum,
1224 3032 1299 3087 idem
1316 3031 1412 3088 cultus
1424 3044 1596 3100 corporum3
1620 3030 1717 3086 omnia
1737 3029 1865 3100 denique

160 3124 268 3189 septem
285 3119 315 3174 in
327 3118 399 3173 Urbe
412 3118 548 3185 versanti,
565 3124 593 3172 et
611 3118 738 3187 cupienti
751 3116 827 3172 nibil
850 3117 983 3186 inexplc-
1039 3118 1187 3190 ingenium
1203 3118 1333 3174 indicant
1347 3118 1475 3187 ejusdem
1490 3117 1613 3186 opificis.
1632 3117 1686 3172 Nee
1705 3116 1807 3186 dispar
1821 3121 1865 3172 est

159 3214 254 3264 ratum
272 3208 434 3278 relinquere
446 3207 476 3264 in
488 3208 526 3264 iis
544 3222 606 3277 qua
627 3208 717 3263 dubia
741 3206 938 3278 videbantur);
953 3212 985 3262 ut
1040 3206 1414 3278 habitudof.veierum,quas
1426 3206 1530 3262 tribuit
1540 3206 1633 3276 pictor
1643 3204 1864 3274 summiepouti·

160 3296 327 3366 monachus,
344 3295 466 3366 exempti
480 3309 578 3362 causa,
594 3296 716 3352 caenobii
731 3297 761 3351 in
777 3295 870 3351 Gallia
883 3296 925 3352 vel
952 3296 982 3350 in
1038 3294 1152 3367 ficibus,
1170 3297 1200 3351 in
1212 3309 1244 3352 ea
1260 3296 1333 3351 serie
1348 3295 1501 3364 dispositis
1522 3295 1577 3350 aS.
1608 3294 1689 3350 Petra
1713 3294 1748 3350 ad
1775 3295 1866 3349 luno-

158 3386 307 3442 Brltannia
322 3386 372 3441 siti
384 3385 478 3441 eadem
496 3382 636 3440 facilitate
648 3384 744 3440 omnia
767 3384 890 3440 lustrare
915 3398 984 3454 pos·
1037 3387 1164 3441 centium
1183 3385 1318 3455 primum,
1351 3383 1489 3440 exhibens
1509 3389 1650 3454 protomart
1667 3382 1863 3455 singularum,

158 3482 210 3543 set,
233 3488 288 3546 qua
312 3474 407 3544 potuit
431 3473 587 3529 monachus
614 3471 737 3527 abbatia
766 3469 909 3527 lariensis
933 3476 983 3527 aut
1038 3477 1167 3530 cruamm
1183 3474 1305 3529 eandida
1321 3474 1429 3541 tunica,
1448 3472 1601 3543 purpureis
1614 3471 1865 3528 limbisdistlncta

156 3563 302 3631 cavensis,
319 3577 403 3633 quem
416 3563 513 3619 studia
528 3562 687 3617 amicorum
704 3561 843 3631 omnium,
856 3566 884 3616 et
901 3573 983 3615 com·
1039 3562 1068 3617 in
1085 3560 1203 3628 futuris,
1211 3569 1239 3617 et
1251 3563 1339 3631 pallia
1349 3561 1472 3618 candido
1482 3559 1864 3630 humerissuperfusozqua

159 3650 381 3722 provincialium
400 3650 547 3719 juvabant,
573 3655 606 3706 ut
630 3664 673 3706 me
696 3649 865 3720 adjuvarent
883 3650 911 3703 in
936 3649 983 3704 his
1037 3652 1181 3716 imaeiaes,
1194 3664 1243 3706 seu
1256 3655 1388 3720 protomes
1404 3648 1576 3720 singillatim
1589 3647 1780 3703 includuntur
1798 3660 1864 3702 area

160 3738 794 3808 morosiusdisquirendisaedistinguendis.
1037 3737 1213 3794 orbicularis
1245 3739 1353 3810 ligura,
1381 3752 1431 3794 seu
1465 3737 1562 3807 clypeo
1589 3734 1685 3808 (unde
1717 3735 1864 3792 veteribus

194 3829 281 3882 Nemo
311 3827 396 3880 etiam
425 3839 481 3882 non
503 3826 639 3880 concedet
660 3825 809 3881 oculorum
838 3825 982 3882 fallaciam
1037 3827 1122 3883 dicta
1135 3835 1203 3885 sunt
1215 3831 1347 3896 imagines
1363 3827 1513 3897 clypeata),
1528 3827 1659 3896 apposita
1669 3824 1797 3895 singulis
1811 3838 1865 3881 or-

159 3929 221 3971 esse
235 3914 410 3985 frequentem
427 3916 456 3970 in
472 3915 602 3970 numeris
614 3913 822 3981 describendis,
840 3915 983 3984 precipue
1036 3915 1402 3986 biculisbreviepigrapbe,
1413 3914 1703 3985 palmaribuslitteris
1715 3912 1864 3969 iudicante

158 4017 268 4060 cumea
281 4004 386 4059 humili
401 4004 472 4070 laco,
489 4017 523 4059 ex
535 4004 695 4073 pavimento
714 4002 827 4059 seilicet
843 4003 980 4075 eeclesia,
1039 4017 1141 4060 nomen
1158 4004 1313 4074 pontificis,
1326 4011 1353 4060 et
1363 4016 1514 4072 annorum,
1530 4003 1671 4059 mensium
1693 4015 1726 4057 ac
1747 4002 1862 4058 dierum

160 4088 263 4160 hospes
276 4090 407 4146 observat
426 4089 596 4162 epigraphes
621 4097 649 4144 et
666 4089 777 4146 litteras
796 4103 981 4146 numerorum
1037 4106 1188 4149 numerum
1214 4095 1263 4165 qui
1279 4093 1406 4162 eiusdem
1431 4092 1489 4148 sedi
1512 4091 1691 4149 tribuuntur.
1717 4091 1773 4146 llas
1796 4103 1863 4146 vero

160 4181 280 4250 indices,
293 4180 464 4250 depictasin
488 4180 607 4236 editiori
628 4180 699 4243 loco,
720 4193 810 4250 ecque
831 4192 887 4235 non
911 4180 982 4236 satis
1036 4183 1206 4254 epigraphes
1224 4195 1287 4238 esse
1305 4182 1446 4237 contendo
1469 4183 1653 4252 archetypum
1679 4180 1863 4249 praestantis-

158 4269 246 4332 clarc,
261 4270 331 4326 tatis
342 4269 476 4325 ducentis
493 4270 660 4339 plerumque
672 4269 775 4339 palmis
792 4270 868 4325 inter
883 4270 983 4339 picta·
1037 4275 1143 4329 simum
1157 4272 1284 4344 catalogi
1296 4270 1481 4342 pontificalia,
1493 4285 1526 4326 ex
1537 4268 1862 4342 genuinisdccumentis

158 4367 244 4416 raset
264 4359 380 4416 oculum
396 4357 573 4428 interceptis,
589 4367 693 4428 quanta
708 4364 752 4414 est
772 4357 912 4415 distantia
928 4357 1021 4437 ab-1)
1037 4363 1169 4418 hamana
1180 4361 1313 4416 Ecclesia
1333 4361 1512 4430 productum,
1540 4359 1639 4429 ibique
1659 4357 1861 4428 consignatum

158 4448 341 4505 servantibus
353 4462 387 4504 ex
402 4447 563 4517 pavimenta
575 4446 701 4503 basilica
713 4448 804 4502 sancti
817 4447 906 4503 Pauli.
919 4448 979 4502 Nan
1036 4454 1118 4506 atate
1141 4451 1241 4505 leonis
1263 4450 1368 4521 Magni,
1395 4449 1496 4503 merito
1511 4461 1526 4502 a
1551 4447 1635 4503 nabis
1653 4444 1861 4502 observandum

157 4538 267 4611 pigebit
281 4551 313 4594 ea
338 4538 462 4593 breviter
482 4537 620 4604 indicare,
645 4550 708 4606 qua
739 4549 814 4592 atino
837 4534 980 4605 superiori

158 4624 227 4684 lico
240 4627 438 4699 prestitimus,
458 4640 508 4697 per
521 4626 583 4682 dles
607 4626 704 4696 plures
727 4625 839 4681 iteratis
866 4624 983 4694 experi-

158 4717 273 4787 mentis,
289 4725 321 4772 ut
333 4730 431 4772 verum
443 4716 562 4771 ductum
576 4715 738 4771 litterarum
754 4727 910 4785 earumque
924 4726 983 4768 uu-

158 4819 267 4863 merum
282 4818 509 4877 assequeremur.

71 4892 89 4919 ·“
174 4894 204 4952 l.
224 4896 302 4952 licet
313 4895 389 4952 enim
404 4893 544 4964 palmares
559 4894 619 4949 sint
632 4894 809 4950 characteres
828 4892 921 4948 Latini
935 4891 983 4948 al-

158 4985 284 5056 phabeti,
310 4984 417 5056 quibus
442 4987 575 5040 constant
597 4985 776 5056 epigraphes,
811 4982 927 5038 nomina
955 4986 983 5035 et

156 5073 371 5144 chronologiam
394 5075 562 5143 pontificum
582 5075 766 5130 enuntiantes
780 5072 810 5125 iu
826 5073 899 5127 serie
920 5085 982 5127 me-

157 5167 267 5219 morata
283 5163 363 5215 navis
377 5162 476 5216 media
489 5176 522 5217 ac
534 5162 621 5217 latere
631 5160 753 5217 australi
773 5158 899 5215 basilica
915 5173 981 5215 san-

157 5252 197 5307 cti
207 5250 301 5321 Pauli,
316 5250 345 5304 in
355 5261 388 5304 ea
400 5255 493 5304 tamen
503 5249 644 5305 distantia
654 5250 842 5304 ducentorum
856 5247 983 5318 ierepal-

158 5352 269 5395 morum
283 5340 492 5406 aconspectore
505 5337 535 5390 iu
550 5337 709 5405 pavimento
726 5335 819 5403 posita
834 5350 908 5408 agre
926 5337 981 5393 ad-

157 5424 408 5484 modumdiscerni
424 5427 553 5494 possunt,
568 5424 624 5478 nisi
639 5424 721 5494 pleno
737 5424 846 5481 lumine
867 5423 979 5495 perfun-

155 5515 263 5573 dantur
281 5529 331 5585 per
344 5511 560 5583 solisradics,a
580 5510 714 5570 fenestris
732 5514 924 5584 amplioribus
948 5517 978 5571 in

155 5601 252 5660 fronte
266 5601 437 5662 occidentali
450 5600 577 5658 ecelesia
599 5602 741 5662 admissos
757 5603 837 5661 horis
852 5604 984 5673 pomeri-

1037 4552 1070 4593 ac
1081 4537 1312 4606 describendum,
1331 4543 1359 4591 et
1373 4535 1576 4592 conferendum
1592 4549 1657 4590 cum
1668 4532 1792 4590 vetastis
1805 4531 1863 4586 ca-

1038 4625 1143 4697 talogis
1159 4626 1250 4681 multa
1263 4627 1368 4696 majore
1377 4640 1445 4680 eura
1458 4638 1542 4695 quam
1558 4623 1723 4693 impendant
1740 4620 1860 4690 politio-

1038 4730 1101 4772 rum
1118 4716 1279 4771 litterarum
1297 4715 1422 4770 studiosi
1449 4715 1477 4769 iu
1502 4712 1675 4784 colligendis
1692 4709 1862 4782 fragmentis

1037 4804 1135 4875 Ennii,
1146 4804 1262 4860 catonis
1271 4803 1453 4872 aliorumque
1465 4801 1588 4870 qirofaua
1596 4799 1774 4857 eruditionis
1785 4798 1862 4853 insi-

1038 4892 1135 4965 gnium
1150 4893 1334 4962 scriptorum.
1349 4889 1452 4945 Omnia
1464 4890 1573 4946 idcirco
1586 4888 1718 4944 subsidia
1732 4887 1861 4957 undique

1037 4983 1272 5053 conquisivimus
1282 4980 1316 5036 ad
1334 4982 1417 5036 hasce
1440 4979 1612 5051 epigraphes
1634 4977 1726 5034 nitide
1750 4976 1862 5033 distin-

1038 5070 1164 5143 guendas
1179 5084 1211 5125 ac
1223 5068 1346 5125 fideliter
1360 5067 1573 5124 describendas.

1073 5157 1513 5216 llisautemsubsidiisdestituti
1524 5155 1691 5227 (prasertim
1707 5154 1863 5225 dioptricis

1037 5245 1268 5318 telescopiorum)
1281 5247 1331 5316 qui
1346 5253 1413 5302 ante
1432 5247 1579 5302 inventum
1595 5246 1760 5301 earumdem
1775 5243 1862 5298 nudis

1037 5338 1131 5395 oculis
1151 5349 1186 5392 ex
1202 5335 1362 5406 pavimento
1384 5334 1582 5404 observabant,
1598 5332 1752 5390 allucinari
1778 5331 1863 5387 iaeile

1037 5433 1167 5498 poterant
1182 5426 1213 5481 in
1232 5424 1337 5479 litteris
1354 5424 1571 5480 numerabilbus
1594 5424 1817 5491 discernendis3
1835 5429 1862 5480 et

1038 5515 1118 5572 nullo
1131 5513 1245 5586 negotio
1255 5513 1371 5584 signum
1383 5511 1510 5582 quinarii
1527 5513 1549 5568 ii
1565 5511 1741 5568 substituere
1755 5511 1820 5568 suis
1831 5511 1862 5567 in

1036 5603 1176 5674 exemplis
1186 5608 1317 5674 poterant
1335 5614 1386 5672 pro
1397 5601 1508 5672 integra
1526 5600 1639 5657 denarii
1652 5605 1721 5657 nota
1733 5599 1762 5656 X
1776 5601 1862 5671 cuius
