3892 6136
83 98 135 161 ae
733 107 1134 171 nnnmreumusmms.
1735 126 1789 190 370

79 238 166 306 atoue
185 233 295 292 mem
321 234 413 293 icisse
433 236 508 307 apud
531 236 721 306 Christianos,
746 252 810 310 qum
830 239 906 310 apud
921 221 948 278 Α
964 237 1038 297 tium
1063 260 1070 297 :
1094 243 1239 316 regionem
1266 247 1387 320 primam
1414 251 1450 310 ad
1470 253 1600 314 Paulum
1630 258 1785 333 hagionem

76 324 209 381 ethnices
228 323 420 396 habebantur,
442 340 534 398 neque
555 326 690 401 leguntur
711 329 907 388 imminutas
963 336 1071 390 sextam
1092 339 1120 390 et
1141 336 1290 406 septimam
1312 340 1347 396 ad
1370 345 1501 399 sanctum
1517 346 1639 415 Petrum,
1653 352 1708 406 etc.
1730 352 1783 411 Sed

78 427 197 470 numere
212 414 390 484 bisseptene.
406 415 499 485 Quare
509 417 661 474 ciaconius
674 417 787 475 lallitur
800 420 829 475 in
843 421 907 477 Vita
963 422 1177 482 hebdomadarii
1190 428 1239 483 isti
1252 435 1611 506 proquatuorregienibus
1621 443 1785 506 constitutis

77 504 179 576 Hygini
197 503 239 559 ita
258 505 455 574 perscribens:
470 505 537 562 rhd
554 507 769 575 promerendam
785 509 908 581 religio·
962 525 1027 569 eum
1040 520 1147 584 septem
1166 524 1270 588 essent,
1285 522 1360 592 qued
1375 522 1449 579 alias
1464 531 1523 582 tres
1543 529 1674 600 regiones
1686 533 1785 592 Heruli

77 608 139 649 Μ
153 592 278 660 Christi,
295 594 538 663 lraediiiiifflleffls
554 596 738 668 baptismum,
754 601 783 654 θῑ
797 599 906 656 eucha-
963 612 1145 676 occuparent,
1167 608 1218 680 qui
1230 609 1379 668 catholicae
1389 614 1523 671 Ecclesia
1533 617 1789 681 minimeeemmus

77 683 187 740 ristiam
197 683 460 740 administrandam
472 690 577 757 septem
589 688 711 758 primum
722 688 848 760 diaconi,
858 703 908 745 se·
963 696 1102 765 micarent,
1119 703 1151 753 ut
1164 703 1227 769 pote
1238 700 1289 770 qui
1305 707 1381 758 secta
1391 708 1485 760 essent
1497 705 1624 764 haretici
1634 708 1783 781 hriani3r

77 780 149 844 ptem
163 773 338 845 regionibus
349 773 558 848 protectique
569 774 906 850 seiaeex'quatuerdeelm
961 788 1011 845 ubi
1034 790 1068 845 de
1090 796 1195 860 septem
1218 793 1415 850 tantummode
1440 795 1608 867 regionibus
1627 800 1659 858 iit
1681 817 1785 862 sermo.

75 863 110 919 ab
125 863 266 920 incendic
285 864 409 920 Neronis
428 865 513 921 salvae
527 871 555 922 et
571 867 729 924 incolumes
743 872 903 938 evaserunt,
960 880 1039 935 Haud
1058 880 1142 937 facile
1160 882 1296 951 adducar,
1313 887 1344 938 ut
1360 885 1483 957 credam,
1501 885 1591 945 luisse
1609 904 1625 946 a
1643 893 1674 948 ii.
1690 893 1787 954 silvo.

74 956 228 1009 ³²¹0⁵¹³11t0
247 952 358 1024 Tassiws
379 953 429 1025 (lul
443 955 485 1009 ³st
497 970 504 1008 ²
516 956 550 1010 ln
562 958 684 1023 regiones
701 958 906 1027 quatuordecim
960 973 1020 1024 stre
1035 975 1140 1039 septem
1152 985 1239 1028 nevas
1250 971 1380 1044 regiones
1391 974 1533 1046 inductas,
1550 979 1630 1036 nulla
1645 984 1785 1056 antiqua-

76 1046 157 1100 ΗΜ
176 1041 328 1106 dividitur,
345 1058 463 1113 lustrum
481 1049 600 1114 imiimi
615 1048 729 1115 initur&
747 1048 904 1113 manebam,
961 1073 1024 1115 rum
1044 1061 1155 1117 ratione
1170 1060 1268 1118 habita
1282 1080 1289 1118 :
1305 1076 1370 1119 cum
1387 1064 1466 1122 nulla
1487 1067 1617 1126 subesset
1630 1084 1717 1129 eausa
1731 1088 1786 1132 cnr

76 1140 125 1189 tres
144 1134 205 1188 selo
220 1138 302 1188 tenus
321 1134 442 1203 dejecte,
458 1140 557 1205 septem
575 1137 690 1206 reliquis
707 1153 799 1208 pauco
821 1143 907 1194 teeto-
959 1147 1118 1205 cbristiani
1132 1155 1232 1207 eontra
1253 1151 1339 1210 Urbis
1354 1156 1602 1227 consuetudinem,
1623 1159 1740 1218 didielle
1753 1162 1783 1221 id

73 1240 132 1280 nno
151 1225 275 1293 vestinis
297 1230 460 1294 supererant
479 1226 569 1281 moero
590 1231 615 1281 ot
636 1229 776 1283 cestrota.
801 1231 905 1285 »Nam
961 1239 1107 1310 negotium
1135 1243 1285 1298 mearent.
1313 1243 1342 1299 ld
1369 1245 1466 1315 petius
1491 1247 1663 1306 crediderim
1689 1256 1784 1310 tractu

72 1327 163 1385 neque
176 1313 300 1371 Tacitus
314 1313 435 1370 affirmat
450 1315 526 1373 selas
540 1321 646 1387 septem
663 1318 803 1375 mansisse
818 1317 905 1375 habi-
959 1330 1098 1398 temporis
1119 1332 1256 1404 evenisse,
1272 1333 1383 1389 utduae
1412 1337 1549 1405 proxima
1574 1340 1705 1412 regiones
1731 1341 1783 1398 uni

72 1408 154 1472 Μ
176 1405 228 1461 sed
252 1408 364 1461 mltum
387 1411 529 1462 asseverat
548 1414 672 1478 quatuor
695 1409 826 1477 illiciam
847 1414 904 1466 tres
958 1420 1170 1478 cenereditaead
1183 1424 1393 1492 procurandum
1403 1423 1434 1480 in
1444 1439 1529 1482 unam
1541 1427 1629 1485 veluti
1640 1430 1785 1487 coalesce-

75 1493 241 1550 “Similis
253 1500 418 1566 septemque
428 1496 532 1565 Uirum
547 1497 654 1554 laceris
665 1498 731 1554 inde
742 1503 900 1569 secentas:
959 1513 1031 1577 rent,
1061 1513 1090 1565 ct
1113 1510 1141 1566 S.
1167 1510 1305 1568 Silvestre
1332 1512 1501 1571 decernente
1528 1516 1568 1572 ita
1596 1519 1783 1590 imposterum

72 1597 164 1655 neque
177 1587 246 1654 pest
260 1583 426 1641 incendium
440 1586 536 1642 miuus
551 1585 638 1656 culta,
650 1592 678 1643 et
689 1587 901 1647 habitatoribus
916 1627 941 1689 B
957 1597 1076 1669 servari,
1086 1598 1333 1658 haberenturinde
1341 1607 1477 1674 perpetue
1494 1608 1629 1677 Unquam
1647 1614 1782 1677 septenae.

72 1671 211 1744 frequens
230 1673 322 1730 hema
343 1672 413 1744 luit,
428 1688 513 1745 quam
527 1679 611 1732 antea
629 1675 741 1746 luisset,
757 1684 901 1737 asserente
991 1687 1127 1757 Quanam
1138 1703 1204 1746 vere
1220 1689 1338 1751 inerint.
1354 1692 1396 1749 bae
1407 1697 1514 1764 septem
1523 1695 1629 1768 iugatae
1639 1697 1781 1769 regiones,

71 1761 168 1819 Tacite
184 1762 352 1820 restitutam
371 1761 470 1834 luisse,
486 1778 521 1821 ae
535 1764 668 1822 reiectam
683 1767 897 1840 elegantiorem.
957 1789 1039 1833 neme
1055 1778 1139 1834 nobis
1150 1779 1296 1850 edisserit,
1312 1795 1402 1852 neque
1415 1781 1499 1839 iacile
1514 1784 1581 1854 quis
1595 1784 1777 1855 explicuerit.

70 1849 228 1922 Colligitur
242 1853 330 1910 etiam
344 1867 379 1909 ex
396 1854 584 1925 inscriptione
597 1856 627 1911 ln
639 1855 813 1927 Capitolinis
826 1872 900 1915 cen·
954 1865 1085 1922 Attamen
1109 1867 1137 1924 id
1158 1871 1267 1924 tentare
1286 1870 1428 1942 gradatim
1452 1871 1552 1942 placet.
1581 1874 1677 1932 Primo
1700 1877 1777 1932 enim

72 1947 249 1999 servatorum
263 1942 540 2014 aedibusasservata,
556 1945 658 2001 Urbem
675 1946 705 2001 ln
720 1949 898 2017 quatuorde-
956 1955 1043 2013 lacem
1071 1956 1155 2014 nobis
1184 1956 1339 2029 praeierunt
1365 1960 1484 2018 recitata
1509 1961 1593 2019 verba
1620 1965 1779 2022 Anastasii·

74 2029 130 2086 cim
142 2031 278 2104 regiones
292 2033 554 2104 peraequedivlsam
570 2035 656 2090 etiam
667 2036 898 2111 atatehdriani3
955 2046 1024 2102 cum
1049 2046 1177 2104 basilice
1198 2049 1228 2103 Β.
1251 2049 1333 2106 Pauli
1357 2050 1471 2107 addicta
1493 2050 1563 2107 sita
1582 2051 1611 2107 S.
1626 2052 1778 2124 Simplicio

75 2133 136 2190 pust
157 2120 229 2178 talis
250 2127 295 2179 est
318 2120 430 2195 qualem
452 2122 620 2194 Panvinius,
640 2129 670 2181 et
689 2125 830 2184 Gruterus
852 2142 901 2186 re-
957 2137 1035 2207 regie
1052 2137 1143 2206 prima
1166 2137 1281 2194 ethnica
1302 2143 1390 2209 pertae
1403 2140 1531 2210 Capena,
1547 2143 1658 2197 tractus
1680 2155 1780 2213 nempe

71 2205 177 2283 terent,
196 2210 268 2269 iicet
281 2212 403 2269 Nardini
419 2211 510 2269 editie
524 2214 624 2270 variet.
956 2238 1111 2282 excurrens
1133 2232 1212 2282 extra
1227 2227 1330 2283 Urbem
1346 2242 1438 2300 usque
1459 2229 1493 2285 ad
1520 2229 1669 2287 ecclesiam
1684 2231 1711 2287 S.
1728 2232 1781 2288 Se-

174 2310 255 2365 latr.
272 2307 429 2365 CAESARI
440 2310 521 2364 lthl
956 2314 1081 2371 hastiani
1098 2314 1171 2372 ieris
1186 2329 1294 2384 mures,
1315 2322 1343 2373 et
1356 2318 1449 2374 eidem
1461 2317 1589 2375 basilica
1605 2320 1753 2390 proximus
1769 2339 1777 2394 3

173 2379 608 2510 fflllfflffirfflffl·
955 2405 1044 2476 Regio
1052 2405 1164 2461 decima
1175 2405 1469 2465 tertiahventlnensis
1479 2409 1534 2480 ipsi
1544 2408 1672 2466 basilice
1683 2411 1779 2482 prexi-

174 2521 341 2580 fflfflpo
356 2523 548 2581 HADRIANO
955 2495 1031 2550 mler
1041 2493 1152 2550 ratione
1167 2494 1283 2552 viciniae
1297 2497 1477 2570 cenjuganda
1492 2497 1583 2556 inisse
1593 2499 1707 2558 videtur
1720 2514 1777 2570 prae

175 2620 356 2679 mmo·
377 2622 572 2678 Potestas.
588 2603 637 2680 fi·
953 2584 1065 2640 ceteris
1079 2598 1144 2641 cum
1162 2586 1212 2643 iila
1234 2588 1347 2659 prima:
1365 2601 1450 2659 quam
1472 2589 1702 2662 conjugationem
1718 2602 1774 2647 nen

212 2721 275 2776 Hp·
291 2701 323 2778 ᾗ
340 2721 458 2778 005111·
476 2724 504 2776 P.
523 2724 553 2777 P·
953 2673 1128 2744 probabilem
1149 2677 1242 2747 mede,
1258 2678 1306 2734 scd
1324 2682 1429 2734 certam
1445 2678 1541 2735 reddit
1556 2679 1630 2735 idem
1651 2677 1777 2736 Anasta-

172 2790 354 2849 ggfflgpffl
370 2793 531 2850 VICORVM
546 2794 648 2852 ΠΜ
951 2763 1014 2820 sius
1029 2765 1059 2819 in
1073 2764 1138 2821 Vita
1149 2766 1271 2838 Eugenii
1287 2767 1346 2824 baec
1358 2768 1553 2838 perscribens:
1566 2770 1706 2838 Eugenium
1720 2784 1777 2824 ne-

173 2863 365 2923 mitorem
382 2865 462 2920 ,mn
950 2854 1022 2912 tt‘one
1032 2859 1168 2912 Romanus
1182 2857 1216 2911 de
1228 2859 1337 2926 regione
1347 2859 1441 2929 primo
1455 2858 1647 2918 Aventineose.
1663 2858 1777 2916 Confir-

66 2954 206 3011 rraerercr
220 2954 312 3010 rmum
325 2953 505 3026 Anastasius,
519 2969 536 3011 a
550 2955 577 3012 s.
591 2955 734 3013 clemente
747 2956 932 3046 nisteron-0
952 2951 1046 3003 marm
1061 2961 1095 3004 ex
1110 2948 1232 3019 epistota
1252 2945 1286 3003 ⁴⁹
1308 2949 1376 3005 libri
1392 2963 1442 3006 mr
1457 2949 1485 3005 S·
1506 2949 1637 3024 ungoru
1652 2951 1772 3023 ungri:

67 3049 107 3100 tas
119 3041 217 3100 luisse
228 3042 353 3101 notariis
365 3043 496 3116 regiones
512 3046 739 3117 quatuordecim,
757 3060 813 3103 nen
830 3060 895 3105 vero
949 3038 1133 3109 precipimus,
1155 3043 1185 3094 nt
1199 3040 1306 3093 'Urium
1321 3041 1465 3108 emendem
1478 3041 1599 3095 Pollioni
1608 3042 1771 3111 mesoptert,

66 3138 183 3204 septem,
945 3127 1067 3196 pesitum
1079 3128 1109 3179 t'n
1118 3130 1226 3195 regione
1245 3130 1409 3197 ptimoante
1425 3130 1529 3197 prodes
1538 3128 1568 3183 S.
1584 3129 1703 3196 Sabine,
1721 3145 1774 3184 em-

97 3223 140 3279 hd
152 3224 196 3293 id,
211 3221 295 3294 plura
310 3226 374 3293 post
386 3222 500 3293 serrula,
514 3223 622 3295 quibus
631 3224 758 3280 Romane
771 3223 894 3296 imperio
948 3218 1086 3271 insimili
1096 3220 1256 3288 i>0⁸li³0⁸iisss
1267 3223 1322 3274 eii·

67 3312 276 3368 incrementum
297 3311 411 3368 nullum
428 3317 595 3384 accesserat,
617 3318 645 3368 et
667 3313 697 3368 in
712 3312 786 3369 Urbe
805 3315 893 3371 Reme
983 3304 1048 3361 Alii
1063 3306 1147 3362 verba
1159 3306 1305 3363 Anisiasfi
1320 3308 1349 3363 51¹
1366 3307 1527 3378 simplicio,
1547 3310 1690 3377 Hiemem
1711 3315 1770 3366 lei·

67 3400 229 3458 incolarum
254 3413 392 3457 numerus
415 3401 496 3458 valde
518 3401 690 3459 imminutus
712 3401 805 3460 iuerat
829 3407 893 3476 post
947 3396 1014 3450 hcm
1024 3396 1192 3451 adsonctron
1201 3397 1389 3458 Laurentium,
1399 3397 1622 3468 ostenduntpari
1631 3397 1772 3458 facilitate

65 3489 217 3548 ementaiis
234 3490 349 3561 imperii
365 3494 452 3561 eaput
469 3491 748 3563 Constantinopolim
764 3494 893 3551 adifica-
946 3485 1040 3542 tertiae
1059 3486 1169 3557 regioni
1192 3485 1327 3558 (ethnicis
1348 3485 1433 3541 dicte
1456 3486 1544 3543 isidis
1560 3492 1589 3543 et
1609 3488 1768 3562 Sarapidis,

66 3583 133 3647 um,
154 3580 257 3637 Victor
278 3580 431 3651 descripsit
452 3594 508 3637 nen
531 3581 606 3638 selas
630 3586 735 3653 septem
761 3584 892 3656 regiones
946 3582 1068 3634 extensae
1079 3587 1144 3636 vere
1159 3588 1247 3645 snpra
1256 3574 1413 3647 Esquilias,
1424 3589 1459 3632 ex
1471 3589 1504 3632 ee
1517 3577 1635 3634 circiter
1645 3578 1706 3635 loce
1718 3579 1768 3636 ubi

65 3667 100 3723 ab
122 3669 262 3726 incendio
290 3670 451 3727 Neroniano
479 3671 659 3741 superstites,
685 3672 734 3728 sed
764 3677 890 3730 veterum
946 3667 1032 3724 bodie
1058 3666 1220 3723 consistunt
1239 3665 1366 3722 ecclesia
1386 3667 1414 3723 S.
1435 3667 1511 3723 Petri
1537 3667 1572 3724 ad
1587 3667 1718 3739 Vincula,
1741 3673 1770 3726 et

65 3758 285 3831 quatuordecim
301 3772 450 3816 numerum
468 3760 644 3817 universum.
658 3760 808 3818 Assentior
820 3763 891 3832 qui·
944 3757 990 3813 SS.
1003 3755 1133 3814 Silvestri
1149 3762 1178 3812 et
1191 3755 1307 3812 hiartini
1321 3758 1356 3813 de
1370 3755 1517 3814 Montibus
1531 3756 1614 3829 dicti,
1628 3758 1663 3814 ad
1681 3757 1767 3814 aliam

62 3848 124 3905 dem
139 3848 217 3905 iuter
230 3848 412 3905 Christianos
424 3853 520 3920 postea
533 3847 704 3920 obtinuisse,
717 3856 748 3908 ut
760 3851 890 3922 regiones
944 3847 1119 3918 crepidinem
1134 3845 1228 3916 Ceelii,
1245 3845 1295 3902 ubi
1308 3847 1353 3902 SS.
1366 3847 1441 3903 Petri
1457 3852 1485 3903 et
1495 3847 1654 3904 hiareeliini
1665 3848 1770 3906 titulus

63 3937 231 3995 dicerentur
244 3945 361 4009 septem.
376 3935 457 4007 Qued
473 3939 498 3994 si
516 3938 546 3994 in
561 3938 626 3995 Vita
641 3940 672 3995 B.
687 3940 750 3996 caii
766 3940 890 3998 hnasta-
943 3943 1055 3996 erectus
1065 3945 1119 4010 est,
1136 3937 1445 4010 includentiquidquid
1458 3939 1487 3994 in
1503 3938 1608 3994 declivi
1624 3943 1703 4009 parte
1713 3937 1769 3994 col-

63 4028 125 4085 sins
136 4027 254 4100 scribit,
267 4040 316 4084 eas
332 4028 440 4098 pariter
454 4026 545 4085 tuisse
558 4029 688 4085 divisas:
703 4032 755 4086 Hic
767 4033 890 4099 regiones
945 4028 1017 4087 lium
1028 4031 1104 4099 jacet
1118 4029 1194 4085 inter
1208 4028 1236 4084 S.
1256 4027 1410 4084 Clementis
1432 4028 1562 4097 titulum,
1576 4027 1768 4098 amphithea-

63 4117 330 4174 dimntditccnibus
338 4122 386 4186 ,·et
397 4119 422 4174 si
437 4118 467 4173 in
478 4117 602 4175 coneilio
613 4119 738 4178 Romane
752 4125 887 4192 secundo,
943 4123 1021 4177 trum
1043 4119 1181 4187 Flavium,
1202 4123 1231 4174 et
1244 4115 1405 4189 Suburam),
1422 4118 1524 4189 tertia,
1547 4117 1676 4188 inquam,
1699 4116 1768 4174 huic

64 4207 174 4264 actione
195 4208 331 4278 aecunda,
352 4206 459 4280 legitur
473 4207 508 4264 de
523 4213 621 4264 sancto
639 4208 776 4268 Silvestre
794 4231 800 4267 :
818 4215 890 4269 Fecit
944 4212 1055 4284 regioni
1071 4211 1226 4267 ostendunt
1239 4208 1400 4279 copulatam
1415 4205 1506 4266 inisse
1522 4208 1663 4280 quintam,
1685 4221 1768 4265 com-

65 4302 162 4368 stptem
183 4299 318 4366 regiones,
338 4301 363 4351 et
384 4297 543 4352 diaconibus
565 4298 659 4353 diuisit
679 4318 689 4364 ,·
711 4314 824 4359 necesse
847 4311 890 4364 est
946 4303 1055 4374 plexam
1064 4301 1191 4372 reliquas
1200 4299 1396 4371 Esquiliarum
1407 4304 1503 4369 partes
1512 4299 1661 4355 cumcelie
1670 4298 1767 4354 Vimi-

66 4387 209 4461 colligere,
230 4387 366 4460 antiquas
389 4386 455 4444 illas
477 4389 730 4461 quatuordecima
755 4394 888 4462 pluribus
944 4391 1002 4449 nali
1020 4410 1027 4461 3
1043 4404 1108 4448 cum
1135 4390 1213 4462 regio
1236 4388 1317 4445 nulia
1346 4393 1420 4445 esset
1454 4387 1613 4459 proximior
1637 4387 1767 4443 ecclesias

68 4476 336 4546 pontilicibusvarie
346 4475 561 4550 luissedlvisas,
572 4480 743 4551 quandoque
754 4486 885 4559 notariis,
941 4482 969 4538 S.
985 4481 1132 4539 Laurentii
1148 4486 1227 4536 extra
1240 4491 1347 4535 mures.
1360 4477 1552 4535 Ceniirmatur
1565 4478 1621 4532 ista
1639 4477 1766 4545 conjun-

69 4565 219 4638 aliqnando
242 4566 375 4624 diaconis
396 4567 580 4640 distributus,
604 4569 632 4624 id
657 4574 700 4625 est
723 4583 807 4626 unam
830 4588 887 4643 prae
941 4571 1000 4628 ctie
1012 4585 1047 4627 ex
1058 4565 1227 4641 epistelabti
1241 4568 1293 4625 lib.
1317 4580 1337 4623 11
1358 4568 1386 4623 S.
1408 4565 1540 4639 Gregorii
1557 4580 1645 4637 papa,
1659 4565 1689 4620 ln
1708 4580 1764 4637 qua

71 4654 153 4712 altera
171 4655 256 4714 medo
276 4656 456 4728 ampliorem,
477 4658 560 4714 mede
580 4659 786 4731 angustiorem,
803 4670 887 4732 prout
941 4662 1044 4718 demus
1056 4654 1766 4727 hierulana,ubihedistitulus8.blatthaeivisitur

71 4740 885 4823 cbristiauaepreiessienishominibusabundaretmagis,
941 4751 976 4807 ad
1003 4750 1073 4805 ines
1102 4748 1210 4820 quinte
1235 4746 1374 4803 referatur
1398 4746 1432 4801 ad
1458 4745 1602 4818 regionem
1625 4744 1761 4800 tertium:

10 4888 12 4899 ,
73 4832 450 4892 autdestitueretnrzdenec
462 4834 585 4891 sublatis
597 4838 885 4906 persecutionibusil.
942 4839 1012 4906 Quia
1031 4839 1118 4906 igitur
1141 4836 1379 4906 eeclesiopesttcn
1397 4836 1483 4904 jrtatc
1508 4835 1617 4888 domam
1638 4832 1766 4887 hieralo-

10 4944 12 4949 ·
73 4917 196 4980 Sihtster
209 4924 245 4981 ad
256 4928 363 4996 septem
379 4939 436 4981 nen
450 4925 526 4982 nitra
542 4926 694 4983 mutabiles
707 4941 754 4983 eas
767 4930 885 5002 redegit.
942 4925 1229 4996 nomrugienetertio.
1252 4923 1430 4996 suffragatur
1447 4924 1533 4980 etiam
1548 4920 1763 4979 hnasnsmsm

74 5008 177 5069 inlita
195 5012 342 5086 Simplicii
364 5029 443 5086 papm
466 5016 542 5071 eirca
562 5029 669 5072 annum
689 5018 804 5075 Domini
824 5015 886 5094 tot,
942 5010 1544 5086 Adriane,dicensecciesiams.Ciementis
1559 5009 1766 5068 inruinisesse

74 5097 231 5159 mansius
247 5105 288 5159 ita
301 5103 472 5174 perscribit:
487 5125 500 5157 u
513 5105 565 5161 iiic
574 5107 728 5163 constituit
742 5108 776 5164 ad
790 5108 817 5164 S.
832 5108 888 5164 Pe-
943 5106 1065 5178 positam
1079 5103 1206 5178 regionis
1218 5102 1310 5160 tertiae
1324 5120 1330 5156 :
1347 5103 1468 5158 Uitulum
1481 5117 1542 5159 ecre
1556 5103 1628 5159 beuti
1640 5103 1764 5160 clemen-

74 5193 140 5247 tmm
152 5191 327 5263 apostolum,
341 5198 370 5248 et
383 5194 417 5250 ad
433 5199 563 5250 sanctum
579 5195 699 5253 Paulum
714 5197 885 5268 apostolum,
942 5199 988 5265 tis,
1005 5195 1080 5267 qued
1095 5195 1181 5253 etiam
1204 5205 1338 5251 casurum
1358 5197 1428 5266 erat,
1441 5198 1468 5250 et
1482 5193 1511 5249 in
1528 5193 1623 5251 ruinis
1638 5190 1764 5263 pesitum

74 5279 137 5335 etad
151 5288 284 5338 sanctum
307 5283 492 5340 Laurentium
508 5291 660 5356 martyrem
684 5285 884 5357 hebdomadas,
941 5288 1068 5356 Regionis
1081 5287 1176 5350 tertia,
1193 5298 1256 5357 quae
1271 5283 1384 5341 seilicet
1397 5283 1516 5342 ecclesia
1531 5289 1574 5341 est
1590 5283 1621 5339 in
1639 5285 1765 5338 extreme

75 5370 271 5444 etpresbyteri
296 5379 444 5429 manerent
465 5372 505 5429 ibi
528 5379 643 5445 prepter
667 5377 837 5446 poenitentes
859 5381 888 5432 et
944 5377 1072 5449 margine
1093 5376 1234 5448 secundas,
1256 5375 1305 5432 sed
1332 5375 1424 5434 tertis
1447 5375 1554 5444 subest,
1576 5370 1654 5428 circa
1679 5383 1765 5442 quam

73 5451 247 5531 baptismum.
264 5461 419 5533 liegieucm
432 5463 546 5520 tertiam
565 5464 600 5520 ad
614 5470 744 5521 sanetum
759 5467 889 5522 Lauren-
946 5466 1034 5536 belus
1055 5465 1147 5522 ruinae
1171 5464 1271 5521 eadere
1291 5468 1455 5535 potuerunt.
1483 5460 1652 5519 Evidentius
1672 5467 1765 5518 tamen
