3892 6136
201 272 255 331 975

202 466 348 538 mysteriis
361 463 467 518 ibidem
488 458 667 515 celebrandis
693 456 783 524 parati
802 453 860 536 'sub
875 457 1026 531 postremis

203 533 463 608 persecutionibus,
475 545 539 585 cum
555 536 665 584 :etritem
680 526 809 580 silvestri
826 532 881 605 tam
897 532 1025 586 proxime

200 604 492 678 attingat,'eompiura
506 600 588 655 nobis
600 599 801 665 insinuatque
815 594 1026 674 mirriicecom·

203 679 364 748 probantet
378 674 526 729 illustrant
541 671 649 737 scripta
666 682 714 736 per
729 666 1026 747 bibliothecariumrn

201 750 266 805 Vita
277 745 407 803 Silvestri
424 750 452 798 et
464 753 681 805 successorum3
697 744 725 792 ei
742 737 850 793 idcirco
867 743 942 790 inter
955 733 1027 787 Pro-

201 823 347 890 legomena
360 817 453 869 visum
469 818 512 866 est
524 811 650 865 eamdem
669 821 832 877 proponere.
847 806 914 876 (Tol
931 804 964 871 i.)

606 261 653 315 ΑΙ)
672 258 888 315 anastasium
908 251 1165 310 Psoteeoiieaa
1184 254 1272 309 ebir.
1294 252 1508 310 nou-vatic

235 392 395 465 Dispositio
411 390 502 461 igitur
523 388 647 458 partium
669 386 756 453 buius
782 379 911 439 cubiculi
936 377 1027 434 sacris
1038 374 1068 434 Α
1082 377 1221 448 imagines
1236 378 1348 435 toribus
1363 380 1532 447 sanctuarii,
1547 380 1593 437 siv

1863 254 1907 316 lli

1594 392 1610 435 e
1605 379 1746 507 r{geislere
1760 376 1906 447 imponun-

1080 452 1138 503 tur.
1155 457 1183 505 et
1210 452 1341 507 accensis
1362 452 1454 508 cereis
1476 449 1590 509 lacibus
1657 451 1776 508 duntur
1800 452 1906 520 conspi-

1080 533 1148 573 cua.

1118 590 1228 646 l‘lacuit
1249 592 1363 647 scilicet
1377 592 1510 649 Ecclesiae
1524 592 1678 649 catbolieae
1703 592 1736 646 in
1762 588 1855 646 sacris
1867 604 1907 647 eo·

1081 658 1226 718 lemnibus
1248 663 1376 718 muneris
1398 664 1540 732 pontilicii
1565 664 1754 721 Sacerdotem
1783 668 1905 717 aeteram

1081 732 1906 806 secundumordinembielcbisedecregiocultuintbroso

1082 803 1278 859 considentem
1305 804 1450 871 exhibere,
1477 808 1598 877 ejusque
1623 805 1707 877 regni
1737 816 1905 860 consoesorer

236 875 1028 947 Concamaratiocubicuiiariversumaperitingredien-
1082 874 1227 942 apostolos
1247 880 1276 930 et
1301 876 1511 945 quodammodo
1533 875 1677 937 εενθεὸνους
1702 881 1904 945 repraesentare,

201 962 280 1018 tibus
306 958 453 1016 fornicem,
470 955 554 1022 cujus
570 952 692 1007 interior
715 962 844 1005 recessus
863 950 891 1002 in
907 950 1029 1017 angusta
1084 946 1219 1012 utpotein
1230 945 1577 1004 duodecimsedibuseum
1590 960 1624 1003 eo
1631 946 1808 1015 judicantes
1819 946 1906 1003 duodo

204 1029 369 1101 bujnsmodi
393 1040 458 1082 arca
473 1025 605 1079 imitatur
620 1021 828 1092 quodammodo
841 1018 1028 1073 basilicarum
1082 1016 1137 1069 cim
1162 1016 1256 1071 tribus
1275 1017 1372 1080 israel,
1396 1018 1449 1073 boc
1476 1026 1520 1074 est
1543 1019 1710 1074 universam
1743 1016 1903 1073 credentias
1933 1066 1936 1071 .

202 1102 316 1159 absides
344 1096 582 1168 quemadmodum
599 1100 627 1147 et
642 1091 764 1147 tornicis
780 1090 872 1159 ipsius
882 1092 1028 1143 structura
1082 1086 1248 1153 Ecclesiam,
1264 1101 1367 1157 exque
1389 1090 1600 1145 communicato
1622 1102 1690 1145 cnm
1707 1087 1776 1144 iilis
1788 1088 1851 1156 lure
1868 1090 1903 1145 ssi

202 1141 361 1241 comparari
375 1173 467 1236 potest
481 1165 561 1221 arcui
578 1163 762 1218 basilicarum
780 1159 967 1231 presbyteriis
978 1158 1029 1211 im·
1083 1158 1189 1227 regalis
1201 1159 1356 1214 sacerdotii
1367 1159 1546 1217 constituito
1562 1158 1768 1230 piscatoribus
1777 1158 1904 1241 principes

203 1228 1030 1313 posito.quem,utamajoribusaccepimusqappellamus
1082 1241 1170 1296 super
1195 1242 1306 1284 omnem
1341 1235 1455 1285 terram.
1495 1233 1590 1302 imago
1625 1235 1729 1287 autem
1759 1240 1903 1299 expressior

201 1311 419 1380 triumpbalem.
447 1308 525 1361 AEtas
539 1304 728 1361 Constantino
756 1316 864 1372 suppar
880 1304 955 1356 bunc
972 1312 1029 1367 pre
1081 1297 1903 1371 completaeianristianaEcclesiabujusmodipropbetie

202 1384 314 1440 caeteris
327 1393 429 1435 ornare
443 1378 593 1433 consuevit
605 1375 696 1430 saeris
712 1373 900 1443 imaginibus,
913 1384 1031 1440 praser·
1082 1374 1142 1424 tum
1157 1371 1280 1425 maxime
1295 1369 1415 1431 attulsit.
1433 1373 1548 1441 quando
1571 1374 1600 1427 in
1624 1385 1697 1441 pace
1721 1371 1783 1441 ipsi
1809 1368 1903 1429 reddis

203 1458 255 1510 tim
270 1453 378 1509 Christi
394 1448 509 1505 Domini
522 1448 597 1502 inter
609 1444 754 1515 apostolos
766 1444 955 1500 considentis.
972 1443 1029 1498 lloc
1083 1439 1207 1496 sublatis
1221 1441 1471 1510 persecutionibus
1486 1442 1844 1499 licuitsubconstautlno
1857 1456 1905 1499 sss·

200 1524 462 1593 certediagramma
478 1517 623 1586 primariae
635 1515 763 1571 omnium
779 1514 917 1575 eeclesiae,
930 1526 1029 1582 nempe
1082 1511 1246 1567 cessoribus
1259 1512 1288 1567 in
1304 1513 1624 1583 tlironisapostolorum
1641 1512 1905 1583 episeopisaders·

201 1595 330 1651 basilicae
353 1590 518 1648 salvatoris.
535 1590 666 1657 abiegno
689 1585 876 1642 Constantino
904 1584 1029 1640 tundatae
1084 1583 1209 1638 menicas
1219 1585 1549 1653 synorioscorrvenire.et
1554 1584 1671 1653 judicia
1682 1583 1772 1639 orbis
1783 1589 1904 1641 terrarus

203 1668 232 1721 in
247 1664 394 1721 lateranis
411 1661 466 1716 sub
488 1659 626 1714 silvestro
641 1672 721 1726 papa,
749 1657 832 1713 nobis
847 1655 963 1710 exbibet
980 1654 1029 1708 iii-
1085 1653 1198 1720 publice
1212 1667 1353 1720 exercere,
1370 1668 1403 1708 ac
1422 1655 1459 1710 de
1481 1655 1592 1711 divinis
1618 1656 1822 1725 humanisque
1837 1656 1905 1711 rebvs

203 1734 411 1793 bliotbecarius
424 1744 503 1786 num.
520 1728 569 1785 tto:
587 1730 714 1795 «liujus,
729 1728 836 1796 inquit,
850 1725 1028 1793 temporibus
1044 1746 1069 1806 B
1084 1725 1124 1777 ita
1139 1724 1300 1795 decernere,
1319 1724 1370 1780 ilio
1385 1726 1497 1781 ceteris
1511 1725 1700 1794 presidente.
1721 1724 1905 1797 quemrieara

203 1803 489 1865 lecitC0nstantinus
503 1801 652 1872 Augustus
668 1799 804 1854 basilicas
818 1799 899 1863 istas,
919 1802 1029 1866 quaset
1085 1800 1222 1856 potestate
1246 1809 1298 1849 sua
1313 1792 1396 1865 iungi
1413 1810 1470 1864 prae
1496 1798 1611 1852 caeteris
1639 1796 1751 1861 voluit,
1774 1804 1807 1853 ut
1829 1801 1904 1877 ratas

202 1879 325 1935 ornavit.
341 1874 492 1931 Basilicam
502 1871 779 1931 Constantinianum,
793 1868 842 1924 ubi
858 1872 954 1937 posuit
973 1868 1028 1921 ista
1082 1872 1155 1920 esset
1173 1865 1201 1920 in
1215 1865 1297 1921 celis
1309 1867 1453 1935 quidquid
1467 1867 1635 1935 bujusmodi
1648 1867 1772 1937 judicio
1795 1868 1824 1922 in
1836 1872 1904 1921 terne

202 1951 292 2006 dona:
323 1945 483 2015 Fastigium
496 1949 662 2013 argenteum
684 1940 830 2006 battutile,
846 1939 930 2021 quob.
946 1938 1030 2021 babet

201 2022 232 2076 in
246 2018 339 2075 ironic
353 2017 526 2072 salvatorem
541 2014 683 2068 sedentem
698 2011 727 2065 in
739 2011 809 2066 sella
822 2012 852 2065 in
869 2008 989 2090 pedibus
1002 2024 1028 2090 o,

201 2104 280 2161 pens.
295 2084 445 2144 librastOd
456 2103 463 2147 ;
473 2083 623 2140 duodecim
634 2081 779 2151 apostolos
793 2083 822 2135 in
834 2081 934 2150 quinis
948 2079 1032 2148 pedr-

203 2162 267 2226 bus,
286 2159 335 2230 qui
358 2161 546 2226 pensaverunt
561 2154 670 2226 singuli
699 2152 789 2209 libras
805 2164 976 2221 nonagenas.

238 2228 403 2298 Exemplum
417 2226 548 2281 silvestri
572 2232 601 2281 et
618 2224 802 2281 Constantini
824 2222 1031 2291 subsequentes

203 2309 300 2358 aetates
315 2310 462 2367 nunquam
473 2296 570 2352 oblitae
581 2309 637 2351 non
652 2297 734 2351 modo
749 2296 778 2349 in
789 2294 889 2350 abside
903 2293 1030 2362 eiusdem

202 2372 331 2429 basilica
343 2367 552 2425 lateranensis.
566 2367 614 2423 sed
629 2368 715 2422 etiam
730 2366 759 2420 in
782 2378 892 2420 camera
906 2364 1030 2442 triclinii

202 2443 331 2513 ejusdem
346 2437 516 2508 patriarchii
533 2451 549 2492 a
569 2437 597 2491 S.
622 2439 713 2493 Leone
728 2438 764 2491 iii
779 2435 950 2494 constructi.
967 2449 1031 2504 quae

202 2517 343 2581 superest,
355 2507 502 2564 Christum
515 2508 668 2563 Dominum
679 2514 707 2562 et
719 2507 864 2575 apostolos
877 2506 1029 2561 duodecim

200 2585 286 2641 etiam
304 2581 415 2637 musivo
429 2591 515 2648 opere
529 2577 733 2633 exbibuerunt.
750 2580 780 2632 in
797 2575 1030 2646 reparationibus

200 2661 295 2711 autem
311 2650 439 2707 basilicae
454 2648 566 2703 eosdem
590 2648 735 2716 apostolos
751 2648 861 2703 musivo
887 2648 1029 2715 expressit

200 2725 255 2782 sub
277 2720 402 2792 imagine
415 2718 572 2773 Salvatoris
597 2718 626 2772 in
650 2719 895 2774 concameratione
916 2716 1029 2773 absidis

199 2793 338 2852 Nicotaus
354 2804 425 2861 papa
440 2795 562 2859 quartus
572 2801 647 2843 anno
662 2784 727 2842 letti
742 2806 750 2851 ;
766 2794 794 2843 et
807 2788 1027 2844 novissimeCle

201 2878 281 2922 mens
304 2864 355 2930 xi,
376 2862 558 2917 decessorum
585 2859 717 2930 vestigiis
741 2859 896 2926 inbaerens,
929 2857 1027 2914 beatos

199 2934 354 3005 apostolos,
382 2930 566 2987 tundamenta
582 2942 660 2985 novar
675 2930 804 2985 civitatis
822 2929 978 2985 ierusalem
996 2931 1026 2984 in

198 3008 265 3065 navi
280 3003 406 3061 ecclesiae
430 3002 568 3070 primaria
590 3001 708 3056 totidem
736 3001 790 3056 sub
815 3000 947 3055 :caliculis
968 3001 1028 3055 sive

199 3075 402 3134 loculamentis
421 3072 457 3127 ab
471 3073 639 3127 innocentio
656 3073 767 3127 decimo
782 3073 878 3127 eodem
903 3072 1028 3127 consilio

197 3147 319 3204 structis
331 3144 426 3200 solido
438 3156 472 3197 ex
487 3155 626 3197 marmore
640 3143 674 3197 ad
691 3143 845 3198 colosseum
862 3142 1030 3211 amplitudi-
1044 3124 1067 3181 (Δ

197 3232 260 3275 nem
276 3218 373 3272 exciso
398 3228 446 3284 per
469 3214 629 3283 sculptores
643 3214 737 3269 etatis
752 3220 856 3269 nostre
870 3214 1029 3282 praecipuos

194 3289 286 3359 lussit
308 3285 460 3345 elaborari.
484 3287 614 3339 certatim
634 3282 850 3340 conterentibus
871 3283 1027 3366 symbolam

199 3358 344 3430 piissimis
360 3354 543 3425 principibus
558 3356 592 3411 ad
604 3356 793 3410 decorandam
809 3354 960 3410 basilicam
971 3369 1029 3411 om·

199 3431 280 3486 nium
295 3428 455 3499 principem
471 3426 563 3481 sacris
579 3426 745 3494 huiusmodi
759 3424 1028 3497 imaginibusjuxta

200 3513 305 3557 morem
320 3499 373 3555 aevi
391 3496 634 3552 Constantiniani.

232 3573 294 3627 Non
322 3582 406 3625 secus
433 3568 462 3623 in
485 3568 620 3621 Vaticana
644 3574 788 3636 peractum
811 3567 944 3623 novimus
967 3574 1028 3623 tum

219 3644 305 3709 risca,
329 3648 389 3695 tum
408 3644 504 3694 nostra
520 3645 619 3699 aemter
648 3651 713 3694 cum
743 3639 894 3693 duodecim
910 3644 1030 3709 aposto-

199 3659 293 3769 forum
304 3710 445 3781 imagines
460 3710 578 3764 totidem
592 3709 736 3765 columnis
747 3710 866 3764 vitineis
890 3710 1029 3779 mpositas

199 3785 234 3839 ad
246 3781 439 3837 coronandum
456 3779 662 3849 presbyterium
675 3778 832 3843 Gregorius
851 3780 887 3835 iil
902 3780 1030 3836 colloca-

197 3854 281 3921 verit,
294 3858 364 3907 teste
375 3851 597 3906 bibliothecario
614 3864 693 3906 nurn.
708 3848 768 3914 illi,
792 3865 914 3920 quorum
927 3851 1031 3921 liguris

202 3936 314 3980 musivo
327 3923 436 3993 pariter
445 3935 529 3991 opere
537 3922 707 3991 compositis
720 3923 817 3976 ornari
828 3921 920 3977 voluit
930 3925 1030 3977 Sixtus

221 4008 274 4066 apa
290 3995 412 4063 quintus
424 3991 551 4048 absidem
567 3991 774 4061 amplissimam
788 4005 804 4047 a
817 4006 847 4047 se
862 3991 1028 4053 fundatam:

202 4011 324 4122 frontem
339 4076 405 4118 vero
418 4061 546 4118 basilicae
560 4077 576 4117 a
592 4077 621 4117 se
631 4068 823 4118 constructam
840 4063 954 4130 Paulus,
966 4064 1030 4132 ejus

203 4136 330 4192 nominis
341 4134 585 4202 pariterquintus,
595 4132 1029 4190 colossistristnmliominum

202 4215 231 4262 et
244 4204 396 4260 duodecim
412 4203 557 4270 apostolos
575 4203 806 4272 exprimentibus
820 4205 975 4259 decoravit.

238 4277 291 4329 l‘ar
312 4273 468 4340 dispositio
495 4272 649 4343 legiterae
675 4274 789 4329 videtur
811 4275 840 4328 in
857 4274 977 4330 basilica
1000 4276 1029 4331 S.

202 4346 282 4402 Pauli
292 4344 337 4398 via
352 4343 476 4413 ostensi,
488 4358 573 4414 quam
587 4359 602 4399 a
618 4351 780 4401 terremotu
791 4358 958 4401 concussam
970 4347 1032 4402 bea·

202 4423 249 4474 tus
266 4418 318 4470 Leo
334 4414 439 4469 tertius
455 4428 520 4469 cum
534 4423 682 4471 renovaret
693 4428 727 4471 ex
741 4416 905 4472 narratione
918 4417 1031 4473 Biblio-

1085 1936 1331 2005 pronuntiaretur.
1347 1938 1426 1992 Tunc
1449 1938 1566 2007 inquam
1595 1937 1715 1995 oraculi
1744 1937 1832 1993 istius
1850 1948 1902 2007 pro·

1086 2006 1187 2061 missio
1201 2006 1340 2076 compieta
1349 2021 1381 2062 ac
1393 2007 1647 2065 maniiestioreum
1657 2008 1814 2073 evasisset,
1826 2012 1902 2077 atros

1085 2075 1179 2133 oculis
1211 2077 1403 2134 Orientalium
1435 2085 1465 2135 et
1506 2079 1748 2136 occidentalium
1777 2080 1901 2152 εεςίεειι

1085 2149 1225 2218 exposita,
1241 2148 1324 2204 illias
1337 2163 1452 2219 quoque
1465 2149 1621 2223 imaginem
1634 2149 1774 2207 dedicari
1787 2155 1845 2206 tum
1856 2162 1901 2205 na·

1085 2220 1162 2275 xime
1178 2234 1230 2289 par
1242 2218 1298 2275 tuit
1309 2219 1339 2274 in
1353 2221 1445 2276 sacris
1456 2220 1578 2290 edibus,
1592 2221 1644 2277 ubl
1658 2222 1777 2293 regium

1086 2290 1125 2345 tis
1140 2305 1199 2346 suae
1215 2290 1351 2346 tbronum
1365 2291 1442 2346 inter
1456 2291 1592 2347 mortales
1606 2292 1784 2349 statueredl

1087 2362 1256 2430 liedemptor
1271 2368 1377 2427 noster,
1400 2363 1448 2418 cui
1470 2361 1537 2418 data
1563 2371 1610 2420 est
1635 2364 1741 2421 omnis
1755 2362 1900 2435 potestssir

1085 2433 1157 2490 coelo
1175 2441 1203 2488 et
1223 2433 1354 2488 interra.
1381 2433 1511 2490 Tbrouos
1536 2434 1631 2504 igitur
1653 2434 1835 2504 apostolicos
1852 2432 1900 2489 iiie

1086 2504 1296 2560 indedivinnm
1311 2503 1452 2572 stipantes
1470 2510 1498 2559 et
1509 2510 1688 2561 coronantes
1697 2505 1764 2563 sire
1773 2516 1837 2563 cute
1845 2503 1901 2559 lna·

1085 2575 1205 2645 ginibus
1215 2575 1410 2643 apostolorum
1424 2574 1556 2646 aquibus
1565 2574 1778 2645 fundatisuut,
1790 2576 1901 2632 siveevs

1084 2646 1215 2715 mysticis
1237 2645 1339 2717 liguris
1353 2647 1500 2702 seniorum
1514 2645 1735 2718 apocalypseos
1810 2648 1820 2702 i
1837 2644 1901 2702 tire·

1084 2729 1194 2772 numer
1209 2717 1337 2787 propriis
1348 2716 1466 2773 sedibus
1480 2717 1721 2774 itaadorantium
1731 2732 1766 2775 so
1777 2713 1901 2775 emnetait

1081 2788 1237 2857 appingere
1251 2802 1284 2843 ex
1299 2794 1381 2843 aetate
1402 2787 1644 2845 Constantiniana
1671 2794 1734 2846 um
1748 2785 1900 2847 basilicisb

1082 2872 1150 2928 pace
1164 2859 1297 2914 Ecclesia
1312 2859 1458 2923 excitatis,
1474 2871 1559 2930 quam
1574 2858 1731 2918 cubiculis
1742 2858 1900 2917 unm

1084 2943 1158 2996 rum,
1171 2929 1277 2985 eisdem
1292 2929 1425 2985 basilicis
1436 2931 1472 2986 de
1489 2930 1621 2999 proximo
1637 2926 1898 3001 preludentibssti

1085 3000 1140 3055 linc
1154 3003 1385 3069 persecutionum
1398 3018 1406 3061 t
1422 3002 1465 3056 uti
1480 3002 1689 3072 cognoscimus
1703 3016 1740 3059 ex
1757 3002 1810 3059 bar.
1821 3010 1900 3057 neate

1056 3122 1066 3143 ,
1085 3070 1170 3125 rabili
1187 3070 1258 3127 celia
1271 3072 1324 3125 viae
1338 3071 1456 3127 Salariae
1473 3071 1502 3127 in
1519 3073 1632 3143 cryptis
1654 3074 1687 3130 S.
1703 3072 1851 3137 tiermetie,
1862 3080 1898 3125 set

1083 3142 1223 3197 Priscillae
1234 3145 1398 3198 coemeterio
1408 3140 1552 3213 affinibus,
1564 3157 1655 3214 quam
1663 3158 1701 3202 ex
1708 3140 1899 3216 sepulcraliter

1084 3212 1211 3268 ddelinm
1230 3212 1471 3282 inscriptionibus
1484 3213 1577 3284 liquet
1589 3216 1794 3284 quadriennio
1806 3214 1898 3281 adept-

1082 3283 1189 3339 sitione
1225 3284 1356 3340 silvestri
1396 3284 1431 3340 ad
1471 3283 1652 3354 sepulturam
1690 3284 1896 3343 christianes!

1081 3352 1241 3409 abbibitam
1257 3361 1284 3409 et
1306 3353 1514 3425 frequentatam
1543 3357 1716 3414 corumdem
1747 3358 1836 3415 sacris
1852 3364 1897 3423 ny·

1083 3424 1190 3479 stertis.

1119 3496 1300 3564 Perspectnm
1312 3501 1356 3552 est
1369 3510 1403 3552 ex
1418 3497 1546 3553 Historia
1558 3497 1684 3555 Eusebii
1703 3498 1760 3556 lib.
1771 3490 1895 3569 ¹¹2⁸&ss

1084 3567 1148 3634 ipso
1161 3566 1350 3625 Constantino
1362 3568 1520 3637 imperante
1531 3581 1667 3627 unacum
1681 3566 1893 3629 consortedesi·

1084 3638 1213 3693 nationis
1224 3638 1336 3703 Licino,
1352 3639 1544 3694 blaximinum
1567 3639 1597 3695 in
1612 3640 1740 3699 Oriente
1754 3654 1810 3699 non
1821 3638 1895 3697 sisu

1086 3709 1203 3778 utrique
1217 3722 1316 3764 eorum
1333 3723 1418 3779 quem
1432 3717 1536 3766 nostre
1551 3709 1618 3767 ddel
1636 3712 1789 3771 intensum
1804 3708 1896 3767 taleit-

1084 3780 1196 3835 dixisse
1204 3778 1310 3835 bellum
1325 3781 1417 3836 sacris
1431 3781 1670 3839 Christianorum
1682 3798 1717 3840 ac
1730 3775 1896 3855 templbrb'r

1085 3865 1140 3920 quc
1152 3851 1261 3905 dirutis
1276 3858 1304 3906 et
1325 3851 1386 3906 solo
1401 3854 1534 3923 aequatis,
1560 3859 1592 3908 ut
1608 3854 1640 3908 ln
1656 3861 1779 3927 cryptas
1790 3856 1897 3911 εωθι-

1085 3923 1194 3977 riorum
1220 3920 1373 3990 coningere
1402 3922 1476 3992 ipsis
1516 3936 1633 3980 necesse
1662 3924 1758 3983 tuerit
1781 3924 1816 3983 ad
1838 3930 1896 3981 otti

1087 3993 1220 4062 mysteria
1247 3994 1415 4063 peragenda.
1455 3996 1496 4049 ita
1529 4008 1632 4063 nempe
1673 3996 1836 4055 renovanda
1853 4000 1896 4049 e!

1085 4059 1897 4140 censultedictaDiocletianietblaximiani,quibneptlt

1085 4141 1151 4189 ante
1166 4134 1296 4189 saevitum
1314 4133 1517 4192 iueratcontra
1534 4136 1695 4209 religionis
1706 4146 1813 4197 nostre
1829 4141 1898 4195 m

1084 4211 1112 4260 et
1126 4219 1221 4260 sacras
1234 4206 1308 4261 ades
1327 4205 1361 4261 ad
1384 4207 1515 4277 synaxim
1538 4213 1676 4277 paratas:
1705 4214 1741 4265 ut
1758 4205 1897 4281 gemella

1087 4275 1193 4344 inquit,
1225 4275 1276 4331 lib.
1309 4290 1359 4331 vin
1391 4291 1453 4349 cap.
1492 4278 1547 4335 ult.
1583 4294 1649 4335 cam
1678 4280 1717 4337 ob
1750 4279 1898 4337 coelem

1085 4350 1220 4401 eversione
1245 4350 1403 4418 sumpsisset
1424 4350 1546 4411 initium,
1571 4352 1755 4419 postmodam
1773 4345 1899 4409 saiw

1085 4419 1162 4471 arcario
1175 4424 1291 4487 ternpore
1310 4425 1444 4474 rectorum
1464 4421 1703 4487 infestationibus,
1715 4424 1795 4491 lenge
1807 4418 1900 4475 ubst&

201 4487 323 4544 tbecarii
341 4499 419 4541 num.
434 4483 487 4541 380
501 4492 530 4541 et
554 4484 618 4554 iiiii,
639 4492 750 4542 servata
770 4488 858 4543 veteri
875 4486 981 4544 torma:
999 4492 1030 4544 ln
1045 4507 1072 4569 D
1083 4504 1228 4556 proposse
1248 4492 1295 4545 sit.
1321 4489 1496 4558 Quinetiam
1512 4496 1578 4561 post
1598 4493 1694 4550 initas
1712 4508 1781 4551 cum
1804 4493 1842 4548 its
1883 4486 1899 4537 ‘i

200 4575 280 4619 nour,
310 4555 415 4626 lnquit,
433 4573 493 4625 qnae
518 4563 659 4627 estsuper
682 4558 1029 4625 ‹vltrrreirnrrqincsuuraes
1085 4560 1839 4636 corisorttbuspacissimulationestranquiliumiter

199 4631 299 4685 obtulit
312 4629 411 4683 dlii-isit
431 4631 539 4681 Domini
559 4635 583 4682 ct
605 4631 786 4699 apostolorum
802 4632 876 4683 Petri
898 4635 923 4684 et
937 4632 1028 4693 Pctuli,

202 4701 346 4756 recentius
370 4713 435 4753 vero
459 4701 604 4755 lionorius
628 4714 696 4769 papa
720 4702 757 4755 iil
774 4700 804 4754 in
820 4700 961 4757 tribunali
979 4717 1030 4759 scu

200 4783 312 4827 camera
339 4769 520 4839 presbyterii,
546 4771 655 4826 Cbristi
683 4772 798 4826 Domini
822 4778 850 4827 et
877 4772 1028 4828 duodecim

200 4840 396 4912 apostolorum
414 4842 554 4912 imagines
569 4856 653 4912 opere
669 4844 781 4899 musivo
799 4843 835 4898 de
860 4856 937 4899 more
949 4857 1032 4899 com-

199 4912 445 4983 paetasreslituit.

237 4984 340 5038 Verum
356 4983 577 5039 consuetudinis
592 4990 648 5040 um
665 4992 782 5055 receptae
807 4992 836 5040 et
856 4986 1030 5041 contlrmatae

202 5055 286 5125 plura
300 5066 334 5107 ne
345 5053 526 5110 conteramus
540 5057 678 5124 exempla,
695 5059 767 5112 satis
780 5070 923 5127 superque
942 5058 1029 5113 tuerit

201 5123 449 5182 indicaredltaris
465 5127 607 5194 pontilicii
624 5128 734 5182 cultum
752 5129 781 5182 in
794 5128 1028 5185 solemnitatibus

201 5196 1027 5264 annipraecipuisbocunicoornamentoconstituisancto

201 5281 263 5322 rum
278 5266 374 5321 scliiet
387 5266 582 5335 apostolorum
594 5269 765 5324 statuissub
777 5271 901 5340 imagine
911 5272 1027 5327 urimini

200 5337 332 5393 crucilixi
349 5337 510 5395 collocatis.
529 5352 583 5393 non
599 5353 682 5395 serus
694 5354 727 5395 ac
744 5350 844 5413 rogatu
858 5341 931 5397 beati
943 5343 1026 5413 xysti

200 5409 493 5476 ejusnomlnistcrtii,
507 5410 881 5477 l'aiemintarmsaugnstus
891 5428 968 5468 num.
981 5411 1025 5475 oi.

198 5479 295 5531 obtulit
328 5482 473 5545 imaginem
508 5496 619 5534 caurauni
641 5499 701 5535 cum
726 5484 866 5538 vlrtovircirn
886 5487 975 5553 portes
1003 5491 1028 5539 et

200 5550 333 5613 cryeoslolos
345 5551 485 5603 dudodecim
501 5562 525 5603 ct
551 5552 719 5606 sceleratorem
738 5557 767 5607 in
785 5557 896 5619 petrinus
920 5559 1027 5624 pretio-

200 5619 314 5671 sissimis
346 5628 472 5675 ornotorn
502 5637 582 5689 super
610 5627 804 5691 corrsessioncrn
843 5627 915 5679 diruti
954 5628 1029 5680 Petri

200 5688 335 5757 aspostoli.
362 5703 452 5746 necue
477 5691 609 5748 aliterac
625 5694 653 5747 in
683 5694 845 5750 Graecorum
871 5697 1027 5752 Pontifica-

199 5759 280 5815 libus
289 5708 493 5817 sai-riselam
502 5764 616 5819 Domini
630 5777 662 5820 ac
672 5765 822 5822 ‹lirodecim
832 5768 1026 5836 apostolorum

1085 4637 1190 4685 statum
1206 4645 1239 4686 ne
1254 4633 1384 4688 semestri
1402 4633 1516 4707 quidem
1535 4634 1651 4705 integro
1667 4648 1776 4706 passus
1795 4640 1835 4691 eet
1845 4642 1900 4701 pti·

1086 4716 1199 4758 manere
1222 4702 1279 4772 (lib.
1311 4717 1351 4767 rx,
1379 4719 1404 4772 c,
1434 4702 1476 4775 dl:
1502 4708 1629 4775 Dumque
1664 4706 1705 4761 ed
1736 4700 1899 4762 subando·

1081 4788 1177 4841 pacem
1189 4775 1259 4827 inibit
1286 4790 1340 4828 aori
1364 4776 1486 4835 molitur,
1514 4780 1639 4844 primum
1657 4778 1772 4847 quidem
1784 4782 1898 4831 mbos!

1084 4846 1259 4899 concentibus
1269 4841 1392 4915 (caldeos)
1410 4848 1460 4914 qui
1478 4847 1509 4899 in
1530 4850 1691 4903 caemeteriis
1702 4852 1768 4918 pleri
1787 4844 1896 4903 moret

1083 4917 1173 4969 nescio
1201 4931 1253 4985 quo
1286 4921 1423 4985 pretextu
1451 4932 1544 4971 arcere
1571 4924 1689 4975 conotus
1716 4925 1768 4975 est.
1802 4914 1897 4993 ΜΨ

1085 4985 1176 5056 igitur
1192 4987 1221 5042 in
1243 4988 1415 5043 coemeteriis
1434 4994 1584 5045 constante
1598 4992 1801 5059 persecutione
1822 4986 1897 5043 laxe

1084 5059 1155 5112 mini
1173 5058 1202 5113 in
1215 5057 1340 5129 Oriente,
1366 5065 1393 5114 et
1407 5071 1457 5128 per
1476 5059 1528 5115 ilia
1554 5060 1712 5117 intervalla
1734 5061 1820 5133 pacis,
1838 5050 1895 5137 saed

1082 5127 1315 5185 cinistianornm
1334 5136 1491 5186 conventus
1512 5130 1541 5185 in
1559 5144 1721 5203 martyrum
1734 5136 1895 5191 demente

1084 5200 1343 5268 quedmadmodum
1359 5208 1387 5256 et
1404 5203 1498 5256 Rome
1510 5203 1725 5275 peragebantur
1738 5198 1894 5276 tyrannide·

1083 5278 1232 5326 exercente
1249 5274 1401 5336 biaxentio,
1430 5272 1559 5341 eiusdem
1573 5274 1682 5346 aequali
1705 5280 1736 5332 et
1756 5278 1893 5346 protoppo

1084 5347 1116 5395 ut
1132 5342 1205 5397 idem
1223 5344 1364 5399 Eusebius
1378 5343 1519 5399 observat.
1875 5406 1881 5418 ,

1119 5414 1222 5469 i'erum
1237 5415 1337 5469 divina
1351 5414 1460 5470 Cbristi
1475 5415 1570 5471 virtus
1583 5415 1635 5472 ubi
1658 5423 1796 5487 tyrannos
1806 5408 1891 5469 oderit

1082 5486 1151 5539 etad
1163 5485 1288 5541 nibilum
1304 5486 1412 5555 redegit
1423 5486 1675 5557 (quemadmodum
1689 5488 1721 5542 in
1736 5482 1890 5543 dedicatio!

1082 5557 1208 5610 ecclesian
1220 5557 1295 5626 apud
1305 5558 1408 5627 Tyrum
1417 5556 1543 5613 sublatis
1552 5558 1804 5626 persecutionibus
1812 5560 1890 5610 uene

1083 5632 1176 5681 ratum
1190 5626 1281 5683 luisse
1305 5626 1409 5683 scribit
1433 5627 1576 5684 Eusebius
1599 5630 1675 5685 liist.
1704 5629 1779 5685 Eccl.
1804 5623 1848 5682 iit.
1865 5630 1886 5673 ¹·-
1924 5686 1941 5701 ,

1082 5708 1142 5765 cap.
1160 5694 1185 5759 i,
1220 5712 1282 5769 pag.
1307 5697 1371 5767 llil)
1395 5701 1495 5753 amicos
1518 5705 1543 5753 cl
1566 5701 1726 5767 subtiliores
1749 5714 1807 5755 sam
1830 5686 1885 5762 opii
1924 5710 1933 5717 ·

1081 5781 1234 5822 omnesnon
1255 5771 1380 5825 scortules
1402 5771 1489 5839 modo,
1509 5786 1603 5825 acrum
1629 5773 1714 5827 etiem
1728 5770 1884 5832 calescet
