3892 6136
71 282 141 340 ttlt
498 284 657 341 HISTORIA
674 287 720 343 DE
739 285 825 340 vitis
844 285 928 342 nou.
950 285 1049 342 Porti.
1062 315 1099 324 -
1117 283 1145 341 S.
1165 284 1362 342 Evnutsnus.
1706 281 1776 342 lita

67 406 156 461 cham
177 407 293 463 turbare
313 413 417 476 posset,
439 411 497 465 nisi
518 410 636 480 provide
656 410 894 481 distingueretur.
910 406 938 464 A
952 407 985 461 ad
1006 406 1139 463 fundatas
1160 410 1188 463 in
1208 408 1276 464 Asia
1291 408 1426 463 ecclesias
1441 407 1598 462 visitandas
1616 414 1645 461 et
1664 408 1774 463 conili-

67 478 154 546 Apud
172 492 270 533 ornnes
293 480 321 533 in
337 479 466 548 confesso
481 487 533 549 cst,
555 483 590 536 ab
605 481 798 552 apostolorum
815 484 897 533 aetate
953 479 1079 542 mandas,
1091 480 1150 534 sirie
1162 481 1248 534 etiam
1262 479 1296 534 ad
1312 493 1397 534 novas
1409 479 1557 547 erigendas
1570 492 1619 546 per
1630 476 1773 535 Occiden-

68 548 226 604 inductum
242 550 332 605 fuisse
349 552 435 621 hujus
452 554 636 621 providentiae
657 553 782 617 modum,
799 556 831 606 ut
848 550 896 604 ubi
952 554 1017 618 lem,
1036 552 1077 605 uti
1094 551 1296 621 comprobatur
1318 550 1497 621 singularum
1520 563 1553 605 ex
1569 549 1731 619 originibus
1744 558 1773 606 et

67 621 898 694 necessitasChristianipopuliposceretsubsidiumcoad·
952 622 1147 677 monimentis.

64 691 188 760 jurorls,
206 690 405 763 sublegeretur
419 696 580 764 episcopus,
596 697 646 765 qui
663 696 761 749 munia
777 691 897 762 pontill-
986 692 1111 748 Tertium
1122 697 1326 761 reiocapulei
1339 697 1460 762 utruque
1471 692 1640 761 praecederit
1651 692 1773 748 descen-

66 762 145 817 ealia
160 771 303 818 exerceret
313 771 448 834 tanquam
463 766 589 821 vicarius
604 765 631 820 in
646 766 765 821 ecelesia
777 778 829 819 suo
844 776 897 831 pa-
949 761 1107 833 deriserit,
1121 772 1153 820 ut
1166 765 1194 819 in
1208 764 1273 819 sede
1287 766 1411 818 Romana
1424 763 1580 834 aliquando
1593 778 1658 821 cum
1671 764 1772 820 eveni-

67 838 151 889 store
164 834 291 889 nondum
309 837 435 890 viduata.
454 838 556 892 Linum
572 845 599 892 et
611 838 719 893 Cletiim
733 850 749 891 3
766 835 896 905 principe
952 841 1002 902 ret,
1021 837 1176 904 praesertim
1191 834 1315 891 fervente
1328 835 1534 905 persecutione,
1549 841 1581 889 ut
1594 835 1618 890 is
1630 836 1681 906 qui
1692 835 1771 891 vica-

66 905 270 974 apostolorum
285 908 325 961 ita
340 907 488 963 ordinatos
504 906 594 964 fuisse
609 907 667 964 fere
684 907 809 964 universi
824 920 896 961 con·
952 904 1013 960 rius
1028 914 1056 962 et
1077 908 1228 976 coadjutor
1249 907 1438 962 adhibebatur
1461 906 1587 975 pontiflci
1603 907 1633 961 in
1648 906 1772 963 viriculis

66 978 213 1047 sentiunt,
232 983 264 1031 31
287 978 316 1031 13
337 979 413 1033 33113
431 979 645 1050 chronologicis
664 980 698 1035 ad
715 979 779 1034 Lini
802 978 894 1032 Vitam
949 977 1074 1048 detento,
1090 978 1192 1033 sivein
1211 977 1325 1048 longum
1349 977 1481 1033 exsilium
1505 984 1578 1046 acto,
1603 983 1668 1047 post
1684 977 1772 1046 liujus

65 1061 159 1116 supra
182 1047 328 1103 observavi
345 1067 350 1101 :
368 1049 395 1105 id
419 1057 563 1106 asserente
584 1051 669 1106 etiam
689 1060 805 1106 auctore
824 1048 893 1103 libri
950 1056 1067 1103 mortem
1078 1049 1148 1105 cleri
1161 1050 1280 1106 Romani
1293 1047 1439 1120 suffragiis
1453 1049 1512 1118 ipse
1521 1062 1671 1104 successor
1680 1048 1772 1120 elige-

65 1117 249 1175 Pontidcalis
262 1126 320 1175 tum
334 1120 364 1173 iri
375 1117 391 1174 l
402 1134 478 1176 num.
493 1122 656 1188 Clementis,
668 1127 727 1178 tuni
744 1123 772 1176 in
788 1133 895 1190 pracce-
950 1127 1040 1187 retur,
1062 1121 1169 1189 duplex
1189 1120 1297 1190 epocha
1319 1120 1492 1190 episcopalis
1510 1119 1649 1191 signanda
1673 1119 1770 1189 fuerit,

64 1188 208 1246 dentibus
222 1203 256 1245 ex
271 1191 421 1247 codicibus
436 1193 534 1265 Regio,
556 1194 711 1260 lllazarino,
728 1206 760 1247 ac
773 1193 893 1246 Tbuano
948 1190 1142 1247 ordinationis
1158 1205 1224 1253 una,
1241 1192 1434 1247 successionis
1452 1190 1564 1246 altera:
1583 1190 1771 1261 quemadmo-

63 1260 160 1315 editis
172 1267 248 1316 tomo
259 1262 270 1316 1
281 1260 329 1316 131.
344 1259 371 1326 1,
386 1271 414 1318 et
425 1271 491 1319 ante
505 1264 587 1320 illurn
602 1265 704 1321 ltuiino
718 1263 891 1334 presbytero,
947 1262 1015 1316 duin
1031 1262 1061 1316 in
1072 1263 1170 1319 Eradii
1183 1262 1373 1332 cooptatione.
1384 1262 1577 1332 Hipponensis
1591 1261 1711 1318 eeclesia
1724 1262 1771 1318 si-

64 1331 131 1386 sirie
141 1344 173 1386 eo
185 1333 235 1402 qui
246 1332 301 1387 sub
311 1333 406 1389 nihii
420 1336 535 1390 nomine
545 1335 612 1391 latet
622 1337 705 1405 juxta
714 1334 893 1390 Sebelestra-
947 1333 1045 1401 gnarit
1060 1347 1109 1402 pei
1120 1332 1253 1390 eonsules
1265 1333 1400 1403 epocham
1414 1334 1521 1403 prioris
1533 1333 1656 1403 exordii,
1670 1346 1770 1403 nempe

65 1402 144 1457 tium
157 1402 230 1528 (pag.
249 1399 457 1474 1361333311.
475 1403 769 1476 1133133.,(1133311.1,
786 1419 846 1473 cap.
865 1401 890 1472 1,
946 1404 1158 1475 designationis
1176 1411 1243 1460 ratae
1260 1405 1364 1460 habitae
1385 1405 1529 1474 adiutoris
1545 1405 1573 1459 in
1589 1405 1767 1474 episcopatu,

64 1485 97 1527 n.
115 1470 191 1544 l)ad
220 1473 549 1546 ibrosllecognilionum
567 1497 573 1532 ι
591 1480 675 1547 cujus
695 1476 891 1532 testimonium
948 1475 1032 1542 paulo
1060 1482 1123 1545 post
1150 1477 1296 1542 adjectura
1325 1489 1409 1531 aeram
1439 1476 1557 1532 alteram
1586 1476 1770 1545 episcopatus

64 1544 192 1600 relatum
218 1559 332 1615 quoque
352 1560 368 1601 a
386 1547 415 1600 P.
437 1548 599 1605 Christiano
622 1552 700 1617 Lupo
722 1551 751 1603 in
775 1562 835 1616 cap.
857 1545 892 1601 31
946 1547 1138 1615 llipporiensis
1158 1548 1253 1617 adepti
1273 1547 1308 1601 ab
1325 1547 1428 1603 Eradio
1444 1548 1474 1602 in
1495 1548 1686 1603 successione.
1701 1546 1769 1616 Quae

63 1612 240 1670 Tertulliani
257 1617 292 1671 de
311 1619 470 1687 praescript.
485 1620 581 1674 haret.
599 1634 661 1692 pag.
676 1617 738 1686 3111,
755 1619 811 1674 lale
828 1625 889 1673 est:
946 1631 1010 1671 oum
1028 1618 1068 1672 ita
1083 1620 1153 1686 sint,
1172 1619 1361 1688 consequitur
1375 1627 1408 1673 31
1429 1619 1616 1674 admittamus
1632 1632 1687 1674 non
1707 1632 1770 1675 esse

65 1706 80 1739 e
98 1687 269 1756 Accepimus
281 1689 398 1758 (inquit)
410 1692 485 1760 <guod
499 1691 623 1747 Liriuset
634 1693 761 1747 Clemens
776 1691 804 1744 iri
822 1690 891 1744 urhe
945 1689 1042 1743 statim
1060 1691 1231 1759 rejiciendos
1247 1690 1425 1755 consulatus,
1444 1691 1493 1759 qui
1508 1691 1631 1745 vetustis
1644 1691 1674 1745 in
1687 1696 1769 1745 cata-

63 1758 158 1813 Roma
174 1758 283 1814 fuerint
299 1760 412 1830 quidem
436 1768 502 1817 ante
522 1763 692 1818 Clementem
715 1762 842 1832 episcopi
860 1763 888 1816 in
906 1785 930 1844 Β
947 1758 1020 1830 logis
1042 1763 1174 1817 Romanae
1199 1760 1333 1816 Ecclesiae
1357 1760 1491 1817 attributi
1520 1760 1656 1832 leguntur
1682 1762 1768 1818 initio

64 1828 140 1885 urbe
154 1829 251 1898 licina,
268 1833 315 1886 sed
338 1835 493 1902 superstite
516 1836 607 1903 Petro,
631 1842 663 1890 ut
679 1834 721 1888 illi
738 1834 890 1903 episcopa-
945 1832 1176 1902 uniuscujusque
1203 1832 1347 1900 pontidcis
1363 1851 1370 1902 3
1388 1834 1445 1887 nisi
1469 1833 1635 1888 constiterit
1653 1834 1767 1890 eosdem

63 1906 116 1956 tus
130 1914 229 1955 euram
246 1911 385 1973 gererent,
402 1905 462 1972 ipse
480 1919 543 1960 reio
564 1905 742 1973 apostolatus
759 1905 889 1974 impleret
943 1904 1076 1958 consules
1095 1904 1225 1973 componi
1247 1904 1366 1958 minime
1388 1917 1479 1973 posse,
1504 1912 1555 1959 aut
1573 1918 1636 1959 cum
1660 1905 1767 1974 epocha

63 1970 204 2027 officium.
222 1994 235 2021 i
251 1981 279 2026 s.
300 1975 501 2044 Ephiphanius
520 1978 553 2032 ad
573 1977 702 2032 haeresim
716 1974 761 2046 11,
782 1990 842 2044 cap.
860 1975 886 2044 6,
943 1975 1146 2042 ordinationis,
1164 1974 1277 2044 quando
1294 1975 1319 2029 is
1333 1975 1553 2031 consecrabatur
1567 1977 1720 2047 episcopus
1732 1977 1767 2032 ad

63 2042 137 2099 licet
160 2043 317 2100 baesitando
343 2046 439 2114 potius
460 2061 544 2118 quam
568 2047 735 2104 affirmando
757 2047 890 2103 enuntiet
944 2045 1045 2100 vicarii
1061 2060 1166 2101 munus
1177 2046 1365 2102 exercendum
1380 2047 1435 2102 sub
1447 2048 1558 2102 virente
1572 2047 1705 2116 pontifice
1719 2062 1768 2117 per

61 2113 237 2171 Clementem
250 2130 266 2171 a
280 2118 360 2173 Petro
372 2119 501 2186 apostolo
514 2126 709 2175 consecratum
724 2119 814 2173 luisse
824 2121 890 2187 epi·
943 2128 1006 2170 eum
1023 2117 1204 2186 alienando,
1219 2125 1270 2174 aut
1284 2131 1349 2173 cuni
1364 2132 1418 2173 aera
1441 2120 1626 2185 successionis,
1652 2121 1767 2189 quando

62 2199 186 2255 sriopum
202 2204 210 2256 ς
226 2192 349 2242 attamen
367 2195 445 2244 certo
465 2189 576 2258 defluit,
594 2205 708 2246 causam
731 2191 888 2261 legitimam
945 2187 1019 2242 idern
1035 2189 1197 2257 ordinatus,
1215 2191 1265 2257 riui
1285 2190 1412 2244 vicarius
1429 2189 1522 2245 fuerat
1542 2197 1692 2246 constante
1707 2193 1766 2247 rita

62 2254 168 2326 fuisse,
182 2259 257 2313 unde
270 2268 384 2328 possent
395 2262 705 2331 viventibusapostotis
717 2262 768 2317 alii
782 2262 891 2317 subro·
946 2259 1090 2327 pontilicis
1106 2262 1277 2330 coeptantis,
1296 2266 1359 2329 post
1375 2261 1470 2330 buius·
1481 2269 1600 2317 mortem
1615 2262 1685 2318 cleri
1702 2263 1768 2318 suf-

62 2329 174 2400 gariud
191 2329 277 2398 liujus
287 2332 469 2400 episcopatus
483 2334 601 2388 Rormani
615 2347 712 2389 curam
726 2335 888 2403 gerendam,
944 2329 1055 2401 fragius
1069 2333 1212 2388 ltomarius
1222 2330 1349 2402 pontifex
1362 2332 1505 2389 demortui
1517 2347 1665 2389 successor
1675 2333 1768 2406 elige-

63 2401 144 2526 33311
155 2401 266 2456 scilicet
278 2419 367 2455 curiae
378 2406 499 2472 episcopo
511 2406 595 2458 licimo
605 2422 658 2459 riori
666 2410 764 2474 posset,
780 2407 889 2474 quitatio
944 2402 1040 2457 batur.

86 2473 228 2526 iutuiaiior
254 2490 328 2527 inoim
356 2480 414 2527 ciiii
436 2477 565 2545 opristolis
596 2478 783 2545 protrahendo
811 2482 890 2531 cairo
980 2475 1205 2544 Temperandum
1221 2477 1318 2547 itaque
1333 2476 1509 2532 sentiantab
1524 2477 1684 2532 acrimonia
1699 2478 1767 2534 cul-

64 2543 176 2598 Urbein.
194 2544 356 2612 Quinque-m
374 2545 824 2617 (3111311133νιιτίοηεροεειαιιι
843 2551 889 2602 oi·
945 2546 1030 2614 pandi
1053 2548 1219 2617 quicunque
1238 2554 1408 2605 succensent
1422 2549 1617 2618 scriptoribus
1633 2549 1769 2605 Historia

61 2615 191 2669 centibus
209 2615 299 2669 adhue
318 2617 551 2684 misicasiana
572 2620 820 2686 scilieeietPoulc,
838 2621 890 2674 alii
944 2616 1295 2686 pontiliciae,vicariorum
1308 2619 1768 2688 ieramdistinguentibusasuo-
1820 2630 1823 2635 ·

62 2685 220 2754 subrogari,
233 2688 305 2755 qiiod
314 2689 395 2742 iidem
408 2690 451 2742 illi
461 2690 635 2758 praedicandi
646 2693 788 2759 Eooiipeli'i'
796 2694 888 2757 gratio
941 2688 1080 2747 cessione.
1097 2690 1180 2758 quasi
1197 2689 1321 2745 fulcrum
1344 2691 1469 2747 labantis
1482 2691 1680 2762 cbronologiae
1695 2693 1769 2748 sub-

61 2759 95 2811 iri
109 2758 182 2811 ulios
197 2758 276 2812 irrues
290 2776 321 2812 uc
340 2762 461 2827 regiones
482 2764 675 2831 prosectionem
698 2765 886 2831 suscipci·eiit;
942 2758 1013 2814 iesto
1035 2761 1150 2830 ingenio
1171 2763 1354 2832 conquirant.
1377 2763 1507 2818 Vicarios
1529 2775 1583 2818 non
1605 2763 1691 2819 semel
1713 2765 1769 2821 ad-

62 2843 159 2883 ecrere
185 2835 274 2883 eutem
295 2833 416 2900 episeopo
443 2834 526 2887 Romu
547 2849 601 2886 iiiii
619 2839 717 2902 posset.
746 2834 887 2902 Siquidem
942 2829 1051 2886 hibitus
1071 2832 1255 2901 perspicuum
1275 2839 1368 2889 estex
1391 2835 1452 2904 ipsa
1475 2834 1549 2889 Petri
1571 2834 1765 2892 institutione.

61 2899 169 2955 Parcius
190 2902 220 2954 iri
238 2902 403 2971 Hispaniam
420 2907 552 2972 perctarit.
572 2906 668 2958 Pelius
682 2921 744 2959 cero
760 2909 884 2971 Pontum,
942 2901 1028 2956 Usum
1046 2902 1161 2958 illorum
1179 2916 1234 2959 non
1248 2905 1429 2974 antiquatum
1440 2905 1548 2960 evincit
1561 2906 1719 2975 disciplina
1731 2908 1765 2963 ad

61 2976 90 3026 et
102 2972 261 3040 bithyniam
276 2989 457 3043 saepenumero
470 2979 638 3043 percpi-uuit.
653 2976 734 3031 Card.
747 2977 886 3032 baronius
942 2986 993 3026 nos
1011 2987 1100 3043 usque
1112 2974 1247 3043 perducta
1262 2994 1268 3028 :
1285 2975 1352 3031 licet
1363 2976 1490 3045 episcopi
1504 2974 1702 3032 suburbicarii
1718 2991 1768 3034 sex

61 3042 98 3098 ad
113 3056 222 3097 annum
237 3041 283 3113 39,
300 3059 379 3100 333.
396 3043 440 3111 13,
457 3045 578 3100 aillimat
594 3047 665 3103 banc
677 3062 739 3103 esse
754 3062 887 3103 commu·
943 3043 1017 3098 inter
1032 3045 1193 3099 cardinales
1210 3052 1269 3099 tuin
1291 3047 1468 3116 antiquitus,
1484 3052 1545 3101 tum
1562 3047 1647 3103 hodie
1663 3061 1767 3105 nume-

61 3125 129 3169 nem
144 3114 312 3170 Latinorum
327 3119 510 3183 sententiam,
526 3119 629 3172 Linum
647 3119 761 3174 scilicet
777 3127 803 3173 et
819 3120 924 3190 Cle-C
942 3120 1050 3169 rentur.
1062 3116 1189 3184 Epochas
1199 3116 1404 3184 ordinationis,
1415 3125 1441 3173 ct
1450 3118 1527 3173 sedis
1537 3119 1646 3188 adeptae
1656 3121 1765 3190 signari

61 3190 126 3240 tuin
143 3191 202 3239 tuin
218 3192 344 3254 tempure
361 3189 435 3243 Petri
452 3189 539 3250 sedis,
559 3202 607 3257 per
623 3190 711 3259 hujus
724 3191 884 3245 absentiam
939 3187 1121 3241 consuevisse
1139 3187 1196 3254 jam
1219 3188 1422 3242 demonstravi.
1442 3189 1514 3256 Quis
1536 3189 1633 3258 itaque
1654 3198 1766 3246 recuset

60 3269 183 3313 munere
207 3257 355 3324 pontiacis
378 3257 491 3316 iunctos
515 3259 615 3325 luisse,
641 3270 672 3315 ui
692 3261 882 3329 coadjutores,
940 3257 969 3310 tn
985 3258 1131 3311 veteribus
1148 3257 1339 3313 monumentis
1353 3271 1386 3313 ea
1403 3272 1614 3329 recognoscere,
1632 3274 1696 3330 333
1713 3274 1765 3329 pro

58 3332 123 3382 tuni
152 3335 215 3396 post
239 3331 407 3398 martyrium
429 3331 502 3385 l'etri
530 3332 651 3387 alterum
678 3340 740 3400 posi
761 3333 882 3388 alterurn
938 3328 1766 3398 consuetudineillorumtemporuminseridebuissenemo

57 3400 202 3468 usquead
220 3400 330 3455 obitum
346 3403 474 3457 tenuisse
491 3404 645 3458 maximum
662 3404 858 3471 poiitilicatum
874 3421 881 3471 3
939 3400 1106 3469 negarent?
1119 3401 1277 3455 Praesertim
1290 3414 1354 3454 cum
1369 3400 1442 3455 nibil
1456 3402 1609 3455 adversans
1623 3403 1765 3471 apostoli-

56 3469 232 3525 Clementem
249 3485 323 3541 vero,
340 3472 392 3527 elsi
408 3488 423 3527 a
439 3475 549 3528 vivente
570 3478 652 3529 l'etro
667 3473 755 3529 fuerit
769 3475 883 3543 episco-
938 3472 981 3524 cis
1005 3470 1118 3539 legibus
1142 3470 1267 3526 inferant
1290 3472 1485 3540 cooptationes
1509 3471 1707 3541 episcoporum
1734 3475 1763 3530 in

58 3554 114 3611 pus
132 3542 264 3597 itomanae
280 3544 413 3598 Ecclesiae
429 3545 594 3612 praeelectus
609 3552 637 3600 et
652 3545 812 3612 ordinarius,
831 3547 884 3601 troc
938 3542 1063 3596 vicarios
1089 3542 1160 3597 citri
1188 3542 1381 3597 conditionem
1410 3542 1514 3598 futurae
1541 3546 1757 3601 successionis:

58 3620 156 3668 131333
174 3627 290 3669 munere
309 3622 408 3683 sponte
427 3617 567 3670 cessisse:
585 3617 627 3670 uli
651 3617 684 3672 ad
702 3618 882 3686 singulorum
940 3625 1023 3691 quirin
1051 3614 1181 3668 studiose
1210 3613 1310 3667 iitaiit
1334 3614 1459 3668 Ecclesia
1482 3616 1606 3669 lfomana
1624 3633 1631 3683 3
1648 3617 1761 3673 eliamsi

57 3682 144 3739 vitas
158 3683 243 3752 paulo
258 3693 324 3741 anie
340 3688 533 3742 meminimus,
550 3687 618 3755 Quae
632 3688 699 3742 huin
716 3688 762 3743 liic
779 3688 882 3753 recolo,
939 3683 1073 3752 facilitas,
1090 3694 1118 3739 et
1132 3686 1240 3739 abusus
1255 3685 1425 3755 designandi
1441 3687 1590 3754 episeopus
1605 3700 1661 3742 non
1676 3689 1765 3756 3113-

56 3754 153 3810 nolim
167 3754 266 3811 referri
278 3758 312 3812 ad
324 3759 561 3826 comprobandam
576 3760 677 3815 seriem
691 3760 885 3815 successionis
939 3761 1014 3809 tores
1029 3756 1120 3824 modo,
1138 3756 1184 3810 sed
1201 3769 1381 3811 successures
1398 3756 1436 3811 113
1452 3757 1626 3825 obrepsisset
1641 3757 1670 3815 iu
1683 3760 1765 3815 Afri*

58 3825 153 3881 trium
171 3826 291 3882 istorum
317 3830 483 3897 priiitilicum
507 3830 617 3885 insede
635 3833 768 3895 ltirmana,
788 3832 835 3886 sed
851 3845 884 3886 eo
939 3839 1024 3881 carras
1039 3827 1175 3882 ecclesias
1195 3834 1277 3882 aetate
1291 3827 1458 3898 Augustini,
1477 3838 1507 3882 ui
1523 3836 1677 3885 memorali
1692 3831 1765 3900 ilip-

56 3897 187 3953 consilio
204 3898 251 3952 liic
266 3903 447 3956 memoranda
462 3902 544 3970 duxi,
563 3908 593 3956 ut
608 3905 796 3969 ostenderem,
812 3917 884 3957 con-
941 3899 1107 3966 portensium
1122 3906 1200 3970 gesta
1213 3899 1287 3955 inter
1301 3901 1392 3954 sancti
1409 3900 1537 3956 doctoris
1549 3900 1685 3969 epistolas
1699 3916 1764 3958 ma·

54 3969 244 4024 suetudinem
273 3969 345 4026 hanc
373 3980 513 4041 receptam
545 3971 636 4028 fuisse
663 3973 699 4028 ab
726 3974 883 4043 apostolica
941 3967 1090 4024 nifestant.

52 4045 153 4108 aetate,
171 4048 203 4095 ut
213 4050 377 4098 censeretur
393 4045 561 4113 gravissima
573 4059 658 4100 causa
671 4046 705 4100 ad
717 4048 881 4114 episcopum
973 4041 1078 4096 Tribus
1093 4041 1169 4097 hisce
1182 4041 1329 4111 capitibus
1342 4043 1522 4111 constitutis,
1536 4044 1697 4112 expeditior
1709 4046 1764 4101 erit

53 4111 219 4181 adjutorem
230 4116 432 4169 assumendum
448 4116 477 4169 in
490 4117 612 4171 Ecclesia
625 4130 678 4171 suo
693 4123 804 4185 pastore
817 4131 884 4172 non·
939 4126 1107 4183 progressus
1118 4114 1152 4168 ad
1167 4113 1346 4183 sequentium
1363 4114 1527 4183 pontificum
1540 4121 1668 4185 tempora
1678 4117 1766 4172 stabi-

51 4182 127 4238 duiii
140 4183 265 4253 viduata,
281 4188 436 4253 praesertim
448 4200 513 4242 reio
526 4189 554 4241 iii
566 4201 671 4257 eaquae
683 4203 718 4243 ex
730 4189 883 4258 praecipuis
938 4185 1033 4239 liuida
1056 4199 1090 4239 ex
1111 4185 1246 4255 genuinis
1263 4186 1445 4242 documentis
1467 4188 1599 4243 Romanae
1619 4187 1761 4244 Ecclesiae.

53 4251 223 4319 baberetur,
239 4265 267 4310 et
284 4258 454 4312 nominatim
472 4259 501 4313 in
517 4259 641 4313 lfomana
655 4263 782 4315 oninium
800 4261 883 4329 prin·
938 4257 1127 4325 Expmiamui·
1143 4257 1171 4310 in
1188 4257 1327 4327 Eiaristo,
1347 4258 1432 4327 cujus
1448 4259 1580 4328 martyrii
1595 4258 1670 4314 diem
1687 4260 1765 4316 refe-

51 4323 134 4394 eipe,
153 4339 186 4379 ac
209 4328 355 4397 magistra,
379 4331 402 4384 si
425 4330 560 4399 proprius
583 4331 710 4399 ejusdem
731 4333 884 4401 episcopus
939 4334 1006 4382 ium
1019 4327 1172 4383 'labiilriria
1188 4329 1321 4385 Ecclesia
1336 4330 1479 4397 bertrame,
1495 4339 1523 4385 et
1538 4336 1664 4386 veterum
1685 4334 1764 4387 llar-

52 4395 227 4466 praevideret
240 4412 270 4453 se
283 4400 452 4468 tripediturn
467 4402 504 4455 iri
520 4403 687 4457 necessitate
701 4402 882 4458 ineluctabili
939 4399 1075 4470 tyrologia
1094 4400 1160 4455 inde
1179 4407 1292 4469 sumpla
1308 4401 1342 4456 ad
1359 4400 1432 4456 diem
1448 4398 1483 4456 111
1497 4401 1637 4470 Octobris,
1654 4416 1761 4458 annum

50 4468 92 4523 ad
115 4469 208 4523 totius
228 4470 388 4526 christiani
413 4473 511 4542 populi
535 4472 641 4529 bonum
663 4475 782 4540 directa,
803 4475 881 4529 asui
938 4484 1002 4525 vero
1012 4471 1133 4541 catalogi
1147 4471 1250 4527 liberii
1260 4478 1288 4527 et
1298 4472 1492 4526 Felicislllad
1504 4472 1761 4529 consulesGallum

51 4541 211 4607 praesentia
223 4542 391 4609 praestanda,
409 4545 448 4597 ita
462 4549 492 4598 31
502 4545 616 4599 dlutius
629 4554 776 4600 arceretur
786 4559 801 4600 a
813 4561 881 4601 cura
897 4523 923 4584 D
937 4551 965 4596 et
978 4543 1127 4605 thuduam,
1145 4558 1196 4597 seii
1210 4556 1316 4597 annum
1329 4543 1438 4597 Christi
1456 4541 1515 4597 11111.
1530 4543 1682 4598 Terminus
1694 4557 1760 4599 con·

52 4608 166 4666 Urbani
182 4613 361 4682 episcopatus
377 4616 565 4684 perseipsum
581 4620 712 4685 gerenda.
730 4619 758 4672 ld
774 4631 840 4672 vero
853 4618 881 4672 in
940 4613 1070 4668 llrrnatur
1090 4628 1123 4667 ex
1147 4613 1233 4668 initio
1256 4613 1411 4668 Alexandri
1438 4613 1622 4681 successoris,
1646 4614 1760 4684 signato

52 4683 309 4751 persecutionibus
326 4700 380 4740 nori
396 4688 481 4740 semel
498 4688 639 4754 contigit:
658 4689 718 4743 sive
732 4695 882 4758 cogeretur
938 4699 1013 4740 coss.
1024 4684 1107 4738 'fullo
1120 4692 1147 4738 et
1162 4683 1264 4745 l’alrna.
1282 4684 1491 4753 pertinentibus
1504 4684 1537 4738 1111
1556 4685 1760 4742 1111110111-

50 4753 213 4821 episcupus
233 4755 269 4809 ab
295 4756 367 4812 Urbe
390 4758 533 4826 exsiliare,
559 4754 797 4829 qiremrirliuodui'n
827 4760 881 4814 sub
938 4759 975 4812 sti
993 4754 1052 4810 loe.
1069 4756 1157 4809 tidem
1178 4755 1311 4824 catalogi,
1330 4756 1487 4824 picturas.
1505 4754 1597 4823 Pauli,
1617 4763 1646 4812 et
1659 4764 1760 4814 caetera

50 4822 179 4878 Claudio
196 4826 401 4896 principediim
417 4830 881 4901 33113333133131131,3331113333-
936 4829 1105 4883 documenta
1129 4826 1248 4880 collecta
1272 4826 1301 4879 iii
1327 4826 1537 4895 l’rolegomenis
1564 4827 1652 4897 hujus
1677 4831 1759 4897 tomi,

50 4894 127 4951 durii
151 4893 208 4950 fuit
229 4898 314 4952 etiam
339 4901 419 4955 Petro
437 4903 465 4954 in
489 4903 583 4955 asiam
599 4921 606 4972 3
623 4903 683 4957 sire
705 4903 881 4958 arctioribus
936 4897 985 4954 fol.
1002 4896 1047 4966 89,
1063 4896 1229 4952 attribuunt
1247 4896 1376 4953 Eiaiisto
1390 4899 1469 4952 sedis
1482 4898 1655 4968 episcopalis
1669 4913 1760 4956 annos

51 4965 184 5020 vinculis
196 4968 502 5038 ltaconstiingeretur,
513 4975 779 5029 utudesseminime
789 4982 883 5044 posset
937 4970 1082 5035 tredecim,
1101 4981 1211 5022 menses
1226 4975 1343 5037 septem,
1360 4969 1422 5023 dies
1436 4970 1520 5024 duos.
1537 4970 1645 5026 lncidet
1662 4972 1759 5040 itaque
1824 5018 1831 5036 ,

52 5037 182 5092 maximo
200 5040 228 5094 in
251 5042 422 5098 discrimine
444 5044 578 5099 fidelihus
599 5046 815 5115 confirmandis,
831 5053 881 5100 aut
936 5041 1088 5096 exordium
1102 5039 1224 5095 Evaiisti
1239 5040 1268 5094 in
1282 5040 1507 5095 annumChristi
1520 5039 1565 5110 95,
1579 5043 1647 5098 etin
1662 5043 1758 5097 blartii

52 5108 259 5165 ministrorum
286 5127 433 5169 sacrorum
457 5117 590 5185 supplere
616 5130 775 5184 numerum,
798 5131 882 5188 quem
936 5114 1011 5169 diem
1024 5110 1060 5167 111
1074 5112 1216 5181 signatam
1231 5117 1259 5165 et
1274 5120 1411 5167 sacratarii
1427 5112 1513 5167 etiam
1528 5114 1694 5183 antiquitus
1707 5117 1759 5169 lii-

52 5179 744 5257 pluribuscaedibusimiiiinuissetpersecutorum
761 5190 880 5246 saeuitia.
935 5184 1274 5240 catenationeetPiissione
1294 5184 1411 5247 110111ῐηὶ,
1457 5184 1704 5240 demadfflOtiums
1725 5198 1759 5241 θ·

51 5254 85 5306 13
103 5251 230 5308 lfomana
245 5269 310 5309 verri
333 5258 408 5323 sede,
427 5260 554 5313 universi
576 5262 690 5315 lloniini
714 5265 810 5331 gregis
825 5277 881 5316 cu-
935 5262 1030 5312 curui
1053 5254 1143 5309 incisa
1166 5256 1195 5309 in
1221 5268 1377 5309 marmorea
1399 5260 1445 5309 cal
1467 5255 1535 5310 edra
1558 5256 1586 5310 S.
1609 5200 1755 5327 llippoiiti

52 5336 116 5377 rain
130 5324 287 5394 complexa,
304 5329 329 5382 si
343 5329 494 5395 apostolici
511 5334 639 5385 muneris
653 5327 776 5389 iiffioium
793 5335 880 5402 huius
934 5327 1061 5397 3111310111
1076 5333 1104 5381 ei
1120 5326 1253 5395 11111111ῑὸ
1274 5339 1349 5381 2⁰⁰0
1369 5326 1462 5396 11111110
1481 5325 1758 5401 50191111611111111,

52 5400 201 5463 pastorem
223 5397 279 5452 alio
294 5408 425 5454 avocaret
441 5402 473 5455 ad
491 5404 621 5471 corporis
637 5403 725 5458 lolius
742 5406 877 5460 unitatem
934 5399 1125 5456 ecoenieteiio
1139 5399 1165 5451 S.
1183 5398 1331 5452 Laurentii
1353 5403 1434 5451 extra
1452 5411 1548 5452 muros
1567 5397 1670 5454 effossa
1697 5407 1758 5456 eta

51 5466 203 5535 tuendam,
220 5476 271 5523 aut
282 5473 505 5527 connectendum
520 5474 648 5528 ordinem
661 5488 726 5528 crim
740 5477 820 5530 novis
832 5490 879 5530 re-
934 5471 1067 5542 pluribus
1081 5469 1158 5524 edita
1171 5474 1256 5537 aliiue
1272 5469 1426 5534 illustrata,
1443 5469 1527 5536 cujus
1542 5475 1639 5538 typum
1654 5484 1669 5525 a
1692 5485 1759 5527 ere-

52 5536 195 5607 giniiihus
224 5539 278 5594 lide
304 5542 469 5611 illustratis,
499 5545 556 5598 sire
583 5545 776 5613 illustrandis,
807 5548 877 5602 lianc
933 5558 997 5598 mus
1017 5543 1046 5596 iii
1071 5541 1146 5595 notis
1170 5540 1203 5593 ad
1231 5541 1321 5594 Vitam
1343 5542 1369 5595 S.
1393 5538 1527 5595 Victoris.
1551 5542 1689 5597 Consules
1712 5544 1759 5599 si·

38 5609 143 5675 ,eliam
164 5623 276 5665 causam
300 5615 474 5684 Epiphanius
491 5616 575 5670 duxit
597 5615 727 5670 idoneam
745 5619 777 5671 :id
797 5619 878 5672 vica-
933 5623 1051 5686 gnauies
1063 5625 1169 5666 annum
1186 5626 1249 5666 aerie
1264 5611 1371 5667 christi
1388 5611 1551 5667 communis
1565 5611 1600 5668 95
1614 5621 1684 5668 suut
1697 5617 1757 5668 lio-

53 5678 132 5734 rium
143 5682 308 5752 episcopum
324 5688 445 5740 hilariano
457 5686 652 5752 tribuendum,
663 5689 791 5757 exemplo
802 5690 876 5744 Patri
930 5688 1062 5741 militandi·
1082 5696 1140 5737 11111
1161 5688 1186 5736 ei
1204 5685 1323 5738 Clemens
1338 5703 1346 5738 ··
1362 5684 1412 5753 11111
1433 5682 1602 5739 [illiduntur
1621 5687 1757 5755 1108111111

52 5750 221 5809 fundatoris
237 5773 243 5807 :
260 5757 310 5825 qui
332 5758 430 5812 linum
450 5767 477 5811 et
497 5757 605 5812 tiletum
625 5760 771 5827 adjutores
789 5764 875 5817 adlii-
931 5755 1067 5813 Anaoleto
1089 5756 1218 5823 proximo
1238 5755 1400 5810 decessori:
1419 5757 1659 5824 quemadmodum
1682 5759 1758 5812 Eva-

53 5823 124 5879 buil
137 5837 186 5893 per
198 5828 244 5882 sul
258 5828 418 5884 absentium
430 5830 465 5884 ali
482 5828 564 5900 Urbe,
579 5832 693 5901 quando
705 5834 877 5889 avocabatur
932 5828 998 5885 nisti
1007 5827 1184 5883 successoris
1192 5827 1311 5883 exordio
1321 5827 1507 5900 assignantur
1518 5828 1772 5897 ursximthstess
