3892 6136
119 276 173 338 223
514 283 561 338 ab
579 281 796 338 ANASTASthi
814 281 1074 345 anabadoltahh
1092 285 1180 342 abii.
1203 284 1419 343 hom-varic.
1762 282 1818 344 sai

118 406 203 463 ducis
214 406 376 462 Parmensis
384 406 528 463 Francisci
543 406 652 462 leliusa
665 406 693 461 in
706 420 749 463 me
762 406 938 464 liberalitas:
955 407 985 468 A
995 407 1181 477 Pontiiioalis,
1198 421 1213 463 a
1227 407 1254 464 S.
1276 409 1359 464 Petro
1373 420 1528 465 excurrens
1542 408 1576 464 ad
1592 407 1619 463 S.
1636 407 1814 479 acharium,

119 491 183 534 cum
206 483 301 546 patere
324 478 395 533 mihi
420 478 596 533 mandaverit
618 477 749 533 universa
769 478 941 548 antiquariae
992 478 1051 546 lam
1075 479 1264 535 innotesceret
1284 492 1334 548 per
1349 479 1542 534 venerabilem
1563 479 1665 535 Bedam
1683 478 1818 552 aliosque

118 562 152 603 ac
174 547 325 603 litterariae
348 562 421 619 gazae
443 562 502 603 suaa
525 554 716 609 monumenta.
740 553 800 604 tum
823 548 938 616 Parmae,
995 549 1175 618 antiquiores
1189 550 1289 604 carolo
1309 551 1351 604 lia
1375 563 1409 605 no
1424 550 1551 606 iudicata
1569 558 1597 611 et
1613 550 1762 619 producta,
1784 564 1817 607 ac

120 625 180 674 tum
197 617 323 688 Colarni,
341 620 389 674 ubi
406 619 667 674 eminentissimum
683 632 716 673 ac
731 620 941 675 reverendissi-
996 619 1130 674 manibus
1151 626 1291 675 tereretur
1312 565 1470 690 (hilarum,
1492 619 1648 689 anglorum
1671 621 1818 677 aliorum-

120 702 198 744 mum
213 689 245 742 b.
271 689 446 745 cardinalem
464 688 657 744 Gozzadinum
679 689 767 760 regia,
784 702 840 771 qua
856 691 937 761 solet,

120 759 332 831 magnificentia
349 760 488 830 hospitem
504 765 672 828 exceperam
690 774 747 829 quo
760 765 846 815 etiam
863 761 939 817 ultro

119 844 164 885 me
187 830 379 901 proiecturum
408 843 551 885 accersere
575 831 712 901 dignatus
736 845 785 901 per
810 832 939 888 triduum

120 901 263 971 integrum
275 901 432 957 cumularit
445 902 522 957 omni
538 914 639 972 genere
655 901 868 957 munihcentiae.
882 902 940 958 Co-

118 971 210 1027 dicem
224 973 320 1041 itaque
332 972 533 1027 Faraesianum
549 972 619 1028 mihi
635 986 685 1041 pro
699 971 794 1027 lubitu
806 973 941 1028 evaisen-

118 1042 938 1113 dumacdescribendumcontmdilussipermarchionem

119 1113 285 1167 Mauritium
302 1113 337 1167 de
351 1113 568 1169 Sanctiisaatea
580 1119 775 1168 memoratum.
794 1115 831 1170 Eo
844 1120 939 1171 autem

119 1182 267 1238 lubentius
294 1183 420 1252 impendi
438 1191 578 1254 quantum
604 1184 633 1239 iu
651 1197 695 1239 me
717 1188 779 1239 erat
797 1185 888 1240 studii
909 1186 939 1240 iu

118 1252 193 1309 libro
209 1253 395 1324 consulerem,
418 1262 445 1310 et
462 1255 490 1309 in
507 1253 678 1311 conferendo
697 1255 853 1324 specimine
867 1255 940 1311 cha-

118 1324 249 1392 racteris,
262 1324 320 1393 jam
332 1325 502 1380 transmissa
512 1326 541 1380 in
557 1327 619 1381 l'ita
629 1326 656 1381 S.
669 1326 800 1397 Eugenii,
814 1325 939 1387 aliisoue
1031 1327 1120 1379 storia
1131 1323 1259 1379 vitarum
1271 1322 1539 1392 nerbadonationis‚
1550 1336 1639 1395 eaque
1653 1338 1719 1381 cum
1730 1325 1817 1381 Libro

118 1394 232 1463 paginis
244 1394 442 1450 describendis
456 1410 490 1452 ex
505 1396 556 1451 illo
570 1395 755 1451 celeberrimo
770 1397 936 1466 exemplari,
994 1391 1153 1476 Pontificali
1170 1393 1284 1476 vulgata
1300 1394 1329 1449 in
1350 1394 1508 1463 provinciis
1522 1394 1620 1450 eodem
1635 1395 1741 1478 saeculo
1759 1398 1816 1452 ca-

117 1465 938 1538 quosplendidiasachrmiusaueiorameutumdiligentiae
995 1464 1050 1518 roh
1060 1463 1164 1535 Magni,
1172 1464 1315 1534 Judaeum,
1326 1465 1443 1531 ducum,
1455 1464 1600 1531 abbatum,
1613 1478 1814 1535 episcoporum

117 1550 150 1589 uc
164 1536 296 1591 veritatis
310 1536 434 1604 positum
451 1537 580 1592 videbam
598 1539 789 1606 inpraesentia
804 1550 836 1592 ac
851 1538 938 1593 testi-
995 1535 1170 1606 regulaeque
1180 1535 1293 1604 imperii
1303 1535 1441 1601 carolini,
1452 1535 1661 1603 quidanationi
1672 1536 1816 1594 interlue-

118 1605 215 1662 monio
230 1607 452 1663 eminentissimi
466 1607 636 1664 cardinalis:
654 1609 701 1663 cui
714 1606 807 1664 favere
819 1608 937 1678 optimis
995 1610 1068 1669 rant,
1084 1607 1204 1675 ejusque
1223 1606 1399 1677 autographo
1420 1605 1650 1673 subscripserant
1665 1607 1815 1677 Scriptura

116 1676 230 1731 artibus
244 1677 355 1733 indoles
367 1683 436 1733 esta
448 1678 605 1746 majoribus
615 1685 739 1747 accepta,
753 1679 859 1734 nostris
871 1692 936 1735 vero
952 1716 978 1777 B
995 1674 1089 1746 igitur
1102 1676 1212 1758 codicis
1226 1677 1265 1731 ita
1284 1678 1389 1730 vetusti
1402 1676 1609 1760 demonstratio
1623 1680 1668 1732 est
1684 1677 1816 1734 historiae

116 1747 224 1802 studiis
239 1747 377 1817 opitulari
393 1750 570 1805 consuetudo
582 1749 712 1818 virtutis,
729 1763 840 1806 meeum
851 1763 937 1806 exer·
994 1757 1026 1799 ac
1035 1746 1210 1801 datlaitanls.
1219 1745 1311 1815 Quare
1322 1745 1395 1801 hanc
1403 1760 1460 1814 prae
1469 1751 1580 1801 eaeterrs
1588 1760 1654 1816 pure
1662 1746 1813 1819 allegatam

116 1819 181 1873 cita
195 1832 244 1888 per
256 1832 346 1874 anuos
361 1819 426 1889 plus
441 1832 525 1890 quam
539 1820 668 1890 triginta.
993 1828 1009 1870 a
1032 1816 1244 1884 schelestratia
1256 1815 1432 1872 observatam
1443 1815 1478 1870 ab
1493 1817 1650 1886 holstenio,
1670 1818 1814 1889 vulgatam

152 1889 220 1944 lilll.
237 1890 339 1945 verum
356 1903 390 1945 ne
404 1890 440 1946 ab
457 1890 591 1946 instituio
606 1904 641 1960 ap
653 1891 773 1947 sandicis
790 1906 832 1947 me
855 1904 939 1947 revo-
995 1885 1024 1940 iu
1043 1887 1148 1943 Galliis
1167 1900 1183 1941 a
1201 1887 1302 1942 carolo
1323 1889 1431 1957 Magno,
1448 1887 1482 1941 ad
1500 1887 1666 1956 presidium
1684 1890 1815 1946 ueritatis

116 1965 161 2014 cet
177 1959 323 2016 sollicitus
344 1962 431 2018 ardor
452 1963 525 2031 prati
548 1976 614 2034 erga
637 1907 764 2019 iambres
782 1963 883 2031 animi,
910 1967 939 2018 et
995 1961 1129 2038 manuam
1144 1959 1289 2027 exemplar
1299 1957 1420 2038 alterum
1435 1959 1592 2039 genuinum
1606 1957 1677 2013 mibi
1691 1958 1816 2042 fideliter

118 2029 242 2100 ingenua
256 2044 326 2085 cura
346 2033 468 2088 testandi
485 2047 535 2102 per
550 2048 622 2102 auos
644 2032 822 2103 profecerim,
843 2034 936 2089 dicam
993 2026 1485 2097 describendamethuncappendrcr
1497 2030 1814 2093 inserendamduxr.ari

116 2097 242 2155 breviter
256 2101 368 2169 potiora
384 2117 447 2173 quae
465 2105 640 2171 excerpenda
661 2118 721 2160 esse
740 2105 812 2160 duxi
837 2118 871 2160 ex
886 2117 938 2159 co-
994 2098 1195 2179 ostendcndam
1207 2099 1354 2153 veritatem
1364 2098 1495 2178 secundae
1506 2099 1597 2168 partis
1609 2099 1687 2181 iibri
1700 2100 1816 2157 Pantili-

116 2169 180 2224 dice
207 2170 381 2227 Farnesiano
407 2173 442 2227 ad
473 2174 673 2229 illustrandam
704 2175 935 2231 dissertationem
994 2167 1336 2238 calisiquemitlmossum
1347 2168 1593 2250 adillustrandam
1608 2183 1733 2238 priorem
1744 2184 1816 2241 par-

115 2239 323 2296 schelestratii.
994 2238 1814 2309 winetdatalogas.prolataanobrsiueruntinuotisi'ita

30 2316 36 2326 “
153 2311 335 2366 hiemineram
352 2311 500 2381 praelatum
521 2316 670 2384 praesulem
686 2322 828 2385 postremo
843 2317 936 2385 capite
992 2308 1019 2363 S·
1036 2309 1158 2393 Eugaaii
1174 2315 1202 2364 et
1216 2309 1373 2390 specimina
1384 2309 1583 2392 catalogorum
1595 2309 1811 2393 hiabilloniaua.

116 2381 243 2449 ejusdem
257 2382 480 2452 dissertationis,
498 2398 615 2442 numero
626 2382 654 2450 7,
668 2386 736 2441 dum
752 2387 937 2443 commenda·
1028 2378 1065 2432 X·
1081 2386 1128 2434 bic
1145 2387 1241 2449 nmque
1257 2379 1364 2450 legatur
1381 2380 1490 2436 cadrcrs
1504 2381 1669 2437 Farnesranu
1687 2394 1750 2455 pag.
1766 2381 1813 2441 60.

117 2453 470 2594 liiilliiiiilihil
478 2457 937 2584 ecclesiasticisis
1481 2503 1578 2656 ”T
1633 2555 1677 2665 Ε
1731 2567 1773 2669 u

212 2564 218 2593 =
477 2567 483 2579 ·
1235 2650 1237 2652 ,
1450 2516 1821 2674 &buo

247 2596 636 2653 salmariam
654 2599 783 2654 ihm
802 2599 934 2654 sirim

1034 2862 1839 3080 oaepacnoqurpeaeb

996 702 1051 759 que
1063 687 1299 746 Occidentalium.
1317 690 1398 745 Nihil
1412 690 1509 760 itaque
1522 690 1669 747 illustrius
1682 691 1758 746 nibil
1782 706 1818 748 ue

995 759 1104 817 certius
1123 761 1157 816 ad
1175 760 1257 815 iidem
1279 761 1367 829 huius
1386 760 1515 816 historiae
1535 762 1728 831 asserendam,
1745 707 1819 819 ifle-

996 843 1118 900 rumque
1142 832 1382 886 monimentorum
1404 831 1551 887 veritatem
1573 831 1668 887 aiierri
1694 837 1815 902 poterat,

996 912 1081 969 quam
1091 901 1203 957 codices
1212 901 1335 971 aquales
1345 901 1632 971 saeculodonationis‚
1646 903 1696 973 qui
1708 903 1816 960 ibidem

997 976 1065 1026 turre
1086 971 1287 1043 vulgabantur,
1313 972 1362 1028 ubi
1385 978 1485 1028 auctor
1505 972 1673 1028 donationis
1696 973 1817 1030 Carolus

995 1040 1114 1112 ilagnus
1124 1042 1252 1112 exempla
1261 1040 1438 1113 hutographl
1447 1043 1492 1098 sui
1504 1043 1684 1112 deposuerat.
1696 1044 1817 1101 Perinde

995 1111 1072 1166 enim
1088 1111 1169 1168 iidem
1192 1120 1328 1169 astruunt
1349 1115 1476 1183 germani
1491 1113 1655 1169 documenti
1670 1114 1816 1185 descripta

996 1194 1046 1250 per
1061 1183 1249 1239 scriniarium
1275 1183 1403 1252 exempla
1427 1183 1604 1251 donationis,
1622 1197 1656 1240 ac
1670 1184 1817 1256 descripta

994 1265 1046 1376 her
1057 1251 1294 1309 bibliothecarios
1308 1259 1336 1309 et
1345 1266 1533 1309 amanuenses
1545 1255 1678 1309 ilomanae
1692 1256 1771 1312 sedis
1784 1255 1815 1311 iu

1020 1337 1026 1376 t

117 2664 301 2720 monimentis
314 2667 434 2722 historia
449 2668 595 2736 pontilicis
604 2670 735 2725 secundae
746 2670 833 2738 hujus
845 2670 935 2739 partis

116 2734 145 2802 (a
168 2736 300 2789 Zacharia
321 2738 359 2790 ad
380 2739 534 2807 Nicolaum)
550 2739 712 2806 corrscripta
736 2739 801 2795 init.
818 2739 934 2809 »Cujus

117 2805 933 2881 reicomprobandaecuusaillustriadmodumdocumeuto,

104 2882 255 2932 ‘memorat
278 2878 447 2934 donationes
468 2880 582 2948 Pippini
606 2887 633 2935 et
648 2880 743 2936 Caroli
760 2881 864 2952 liugai,
886 2895 935 2952 per

115 2944 245 3002 vitarum
260 2955 392 3004 auctores
411 2962 446 3004 ex
468 2951 655 3020 autographis
676 2952 844 3022 descriptas.
859 2971 872 3003 c
888 2953 935 3008 sic

117 3017 223 3086 iuquit,
235 3024 336 3073 auctor
350 3021 378 3073 in
387 3020 529 3089 Stephano
542 3023 586 3085 ill,
598 3023 740 3078 Zachariae
753 3036 931 3079 successore:

115 3089 584 3229 lata‘sollicitatae
599 3032 973 3227 tiarataeattollitC
1035 3085 1269 3251 ΡΜ)
1284 3061 1838 3233 ocibssbfflihblc

116 3228 240 3282 omnibus
261 3231 290 3282 in
332 3236 472 3300 auctuum
491 3235 664 3302 pontificibus
685 3235 838 3304 apostolica
862 3235 934 3290 sedis

115 3300 204 3352 emisit
221 3302 298 3368 possi
353 3301 427 3368 dam,
443 3318 501 3371 quae
515 3303 644 3358 hactenus
658 3307 688 3358 iu
704 3306 813 3359 alcimo
833 3309 934 3359 sancia

114 3372 341 3425 uostraeecclesiae
354 3374 494 3427 recondita
506 3378 619 3428 tenetur.
637 3376 683 3429 Sic
696 3389 810 3446 ‹puoque
825 3376 854 3430 in
868 3374 933 3431 Vita

114 3439 234 3499 Adriani
249 3442 335 3511 primi
346 3443 417 3498 citat
428 3451 530 3500 auctor
541 3444 722 3501 donationem
730 3445 823 3503 Caroli
837 3446 932 3517 hiagui

115 3508 197 3566 heato
219 3512 300 3567 Petra
321 3510 434 3569 iactam.
454 3515 541 3579 Sicut,
558 3517 663 3586 inquii,
685 3519 715 3570 in
730 3518 821 3572 eadem
843 3517 929 3570 dotta-

115 3581 187 3634 tione
206 3585 338 3636 contineri
353 3590 534 3640 monstratur.
552 3605 566 3636 n
581 3588 669 3643 addit
688 3587 831 3657 exemplar
851 3586 933 3644 illius

114 3649 281 3707 donationis
302 3657 426 3722 positam
447 3670 532 3726 supra
554 3671 659 3728 corpus
677 3658 752 3713 beati
769 3659 854 3725 Petri,
871 3664 931 3714 tum

115 3720 235 3776 subdit:
265 3723 385 3793 Altaque
412 3726 533 3793 ejusdem
548 3727 715 3782 'donationis
740 3731 862 3798 cuempla
884 3745 933 3798 per·

115 3792 292 3846 scriniarium
313 3792 396 3861 htp'us
417 3801 518 3850 sauciae
541 3803 641 3852 nostra>
661 3800 777 3854 eeclesiae
797 3801 933 3868 descripta

115 3861 174 3929 ejus
188 3863 346 3916 excelientia
354 3879 442 3919 semem
455 3866 617 3934 deportavit.

151 3931 198 3985 IX.
217 3933 280 3988 ilaec
293 3934 385 4004 igitur
400 3949 508 3991 mecum
523 3942 668 4006 reputans,
684 3952 716 3994 ac
729 3951 933 4009 recognoscens

116 4000 934 4076 antiquitatemhuiusceeodiois,vetustatecarollnaedo-

117 4073 244 4127 nationis
260 4074 344 4142 paulo
361 4076 509 4146 minorem,
526 4091 558 4134 ac
573 4084 682 4134 tantum
699 4094 754 4136 non
769 4092 931 4149 supparem.

115 4142 187 4198 duxi
203 4157 260 4212 prae
274 4146 386 4201 caeteris
400 4158 461 4202 esse
475 4149 546 4203 mibi
570 4149 693 4206 iideliter
713 4151 932 4207 describendum

115 4224 150 4268 ex
171 4212 222 4269 illo
243 4215 340 4272 codice
360 4217 486 4286 eiusdem
508 4219 674 4277 donationis
692 4222 862 4291 exemplum.
885 4221 933 4277 Fa·

116 4283 931 4364 tendumeulmesnihilpraestantiusdeligiposseexiis

1005 3261 1837 3424 jaloraectilrtaelipbfflffl

1010 3483 1013 3489 ’
1039 3474 1523 3665 ‘paoueueaan
1534 3407 1817 3572 scarila

1062 3614 1799 3843 iappsaspacimscr

1037 3857 1803 4002 urrsrcsabbenser

1042 4104 1586 4280 euersumque
1734 4115 1830 4288 aa

117 4423 375 4499 praseierentibus,
391 4431 425 4487 ad
440 4433 657 4501 comparandam
671 4434 753 4490 iidem
769 4437 933 4492 veracitatis

115 4501 144 4549 et
153 4500 398 4555 auctoramentum
411 4500 539 4558 historia
551 4505 679 4559 vitarum
689 4518 723 4561 ex
749 4506 867 4562 enuinis
878 4521 933 4562 ruo

117 4355 300 4424 membranis,
324 4365 530 4429 nongentarum
553 4358 641 4419 ferme
658 4377 798 4419 annorum
821 4347 973 4429 aeutemss)
987 4290 1336 4598 063¹wa
1346 4294 1672 4400 Rcoco'&
1728 4297 1783 4403 u

117 4565 264 4647 uiuentis.
288 4569 409 4627 Cordato
423 4574 528 4643 cuique
547 4575 611 4631 viro
632 4589 718 4632 causa
734 4591 764 4632 rn
778 4583 875 4646 aperto
889 4583 933 4634 est

115 4649 140 4691 sr
157 4639 317 4697 consideret
326 4642 458 4698 Carolum
471 4646 602 4716 liugnam
613 4660 728 4702 curasse
742 4652 774 4703 ut
785 4649 932 4717 complura

114 4709 242 4790 exemplu
262 4726 321 4767 suae
337 4713 504 4772 donationis
526 4730 576 4786 per
595 4718 770 4773 scriniorum
785 4718 813 4773 S.
833 4719 863 4774 ll.
885 4720 933 4775 ilo·

115 4778 448 4861 alesia-describerentur
460 4799 493 4841 es
506 4788 693 4859 autographo,
704 4803 793 4860 eaque
805 4790 932 4860 exempla

116 4857 154 4904 tta
171 4849 315 4924 descripta
330 4868 424 4912 secum
448 4857 478 4912 in
500 4857 609 4914 Gallias
630 4861 812 4916 transtulisse
833 4863 931 4918 eodem

114 4933 190 5002 anna
204 4939 260 4993 quo
281 4941 368 4997 supra
390 4942 495 4998 corpus
516 4930 545 4986 Β.
568 4931 642 4986 Petri
658 4932 780 4987 suismet
799 4932 932 4989 manibus

117 4993 556 5071 ipseobtuleratautograpbum
570 5002 768 5074 subsignatum
781 5017 835 5059 non
850 5005 931 5060 modo

115 5077 129 5112 n
147 5074 186 5129 se,
202 5076 298 5120 rerum
321 5071 406 5124 etium
423 5071 459 5126 ab
480 5072 623 5130 universis
641 5074 795 5142 episeopis,
816 5073 932 5129 abbati-

114 5129 316 5216 buspdueibus
328 5145 356 5192 et
372 5142 589 5220 graphionibus,
601 5143 845 5200 communistudio
860 5143 932 5199 oiie-

116 5203 247 5285 rentabus
267 5210 353 5286 etlam
372 5211 522 5275 judicibus
546 5213 619 5278 suis,
640 5214 682 5268 uti
706 5215 828 5282 legimus
851 5215 930 5270 Libri

115 5271 291 5331 Pantrhcahs
305 5277 430 5333 sectione
442 5280 503 5349 dlii,
520 5283 548 5336 in
565 5283 627 5338 Vita
641 5283 668 5337 S.
682 5283 813 5337 Adriani.
827 5284 931 5341 Eodem

116 5354 182 5397 vero
197 5347 311 5406 saeculo.
348 5361 384 5403 uo
401 5348 481 5417 plura
496 5355 623 5422 exempla
640 5367 698 5409 suae
712 5352 877 5409 donationis
890 5356 931 5410 ita

116 5364 933 5494 descriptadelu‘ieratcaroluslocalitas,etiameuempla

116 5486 247 5565 mundae
261 5490 350 5555 partis
365 5490 440 5546 iibri
454 5489 627 5549 i’outihcalis
639 5494 764 5549 describi
778 5500 805 5549 et
819 5496 848 5550 iu
863 5509 932 5565 pro-

116 5554 222 5642 vinciis
233 5558 344 5639 vulgari
355 5562 476 5632 coepisse
489 5561 638 5619 manifeste
649 5565 835 5635 comprobant
847 5567 931 5623 cadi-

115 5635 162 5678 oes
177 5626 366 5687 lurnesianus
376 5639 404 5689 et
415 5632 573 5689 Florentiui
583 5647 647 5690 eum
657 5636 836 5695 continentes
846 5656 854 5709 3
864 5651 930 5695 cum

116 5694 183 5752 aute
201 5696 362 5756 carolinam
380 5702 562 5762 donationem
588 5705 666 5777 prior
688 5707 740 5765 iiia
761 5722 827 5779 pars
849 5708 929 5766 Libri

1081 4488 1814 4657 equtaocunmucoe

1053 4657 1804 4842 missiamanum

987 4912 990 4917 -
1054 4818 1837 5020 narronemrnscnpis

1040 5025 1807 5225 ssesuopcraosbqa

1044 5190 1839 5422 saeaomsneecaesp

1034 5377 1798 5599 uelocourapupcupc

1043 5618 1294 5768 hutten
1316 5595 1820 5771 pomrrftosstts
