3892 6136
53 281 122 340 raet
470 285 802 348 ursromnouvnrs
822 290 905 350 nou.
925 249 1127 380 roptlsss-S.
1147 292 1360 352 uincamus.
1691 296 1763 359 toea

949 380 968 405 d

56 409 186 466 nominis
197 410 353 479 peculiaris
364 418 407 468 est
419 412 454 467 ab
466 413 504 468 iis
517 427 579 483 quae
591 414 734 484 pertinent
743 416 777 472 ad
791 413 883 486 pubii-
896 417 1046 483 Asionem
1058 423 1212 488 peractum
1225 418 1406 475 idololatria.
1421 420 1473 475 Sed
1486 433 1633 493 nunquam
1646 421 1761 479 dicetur

55 493 123 536 cum
138 495 253 550 munus,
268 496 333 537 oum
348 483 509 554 Augustino
520 489 619 542 contra
630 487 802 543 Petilianum
817 501 848 543 ca
872 526 880 542 .
938 488 1013 545 inter
1033 490 1136 545 ositam
1149 490 1227 547 abeo
1239 489 1539 548 tuisseauctoritatem
1553 494 1630 549 sedis
1643 507 1712 562 sua,
1723 496 1758 550 ad

57 548 93 607 io
109 552 147 607 ita
160 552 321 609 scribente:
336 573 356 638 a·
366 555 486 611 Prorsus
499 556 598 640 quales
614 555 722 614 inerint
735 502 883 615 Maraeu?-
936 504 1143 618 stabifiendum
1165 565 1216 618 aut
1231 561 1447 689 approbandum
1463 562 1572 620 cultum
1594 564 1758 635 idolorum,

58 636 126 706 nus,
145 623 308 706 Marcellus,
328 624 476 710 silvester,
495 627 679 697 Melcbmdes,
706 631 870 687 Mensurius
936 639 987 688 aut
1002 633 1096 702 ipsum
1110 634 1139 689 in
1155 633 1265 703 particu
1281 634 1325 688 ari
1342 632 1508 691 hereticum
1525 634 1623 700 luisse,
1639 642 1690 692 aut
1703 637 1760 692 do-

55 694 239 762 Caeorlmnus,
251 702 337 779 atque
352 697 415 766 alu,
429 697 537 768 quibus
548 698 692 768 objiciunt
705 700 872 772 (bonatista
936 703 1190 776 culssequidpian
1202 713 1300 761 contra
1309 705 1441 775 dogmata
1449 705 1612 778 religionis.
1623 705 1760 774 Quinimo

59 779 170 850 prosua
180 764 430 850 defensionequod
444 769 555 840 volunt,
569 770 644 828 nihil
655 772 823 842 prejudicat
834 774 883 830 Ec·
937 775 987 846 qui
1002 775 1110 846 lapsum
1127 780 1270 844 asserunt,
1286 782 1420 832 asserunt
1434 791 1549 848 quoque
1563 777 1682 834 celerem
1696 791 1760 847 poe-

57 837 153 893 olestae
168 837 327 923 catholicae,
343 845 404 896 toto
416 840 484 923 orbe
499 846 639 899 terrarum
657 842 780 901 dliiusae.
795 843 882 901 Nullo
937 847 1098 903 nitentiam.
1120 848 1183 902 Post
1199 863 1301 917 pancas
1320 848 1378 902 dies
1395 850 1556 917 paenitentia
1576 849 1685 911 ductas,
1704 854 1759 904 etc.

59 909 143 965 modo
164 923 263 965 eorum
291 917 457 967 innocentia
485 925 677 970 coronamur:
694 915 774 972 nullo
799 917 882 972 modo
936 916 991 987 Qui
1005 932 1020 974 a
1032 918 1165 974 Patribus
1179 919 1297 975 concilii
1313 919 1476 975 Sinuessani
1490 920 1621 975 damnari
1635 932 1691 976 non
1706 933 1760 990 po-

57 993 156 1037 eorum
168 981 512 1052 iniquitatedamnamur.
524 985 552 1040 Si
564 985 631 1041 boni
642 985 760 1056 inerint,
772 988 883 1044 inarea
938 991 1030 1045 tuisse
1046 995 1174 1058 narrant,
1199 997 1316 1046 narrant
1335 1003 1396 1046 ase
1412 991 1475 1061 ipso
1497 990 1683 1047 damnatum:
1700 992 1761 1048 Non
1862 1021 1867 1025 -

57 1052 208 1135 catholicas
224 1052 330 1135 tritura
345 1058 482 1125 tanquam
498 1068 585 1127 grana
603 1058 732 1114 mundati
749 1065 837 1116 sunt:
855 1059 881 1115 si
932 1075 1044 1130 possam
1057 1063 1087 1114 in
1101 1062 1197 1116 ordine
1218 1062 1388 1117 sacerdotnm
1409 1077 1477 1117 esse.
1488 1100 1513 1117 ..
1537 1066 1690 1118 Damnatus
1705 1078 1762 1118 aa·

59 1124 126 1180 mair
143 1122 262 1207 tuerint,
275 1138 388 1208 innareae
397 1125 546 1183 catholicae
559 1128 665 1186 tritura
675 1135 811 1201 tanquam
825 1131 883 1187 sti·
936 1136 1034 1186 temet
1061 1132 1237 1188 Marcellinus
1265 1135 1404 1204 episcopas
1427 1149 1476 1189 sno
1497 1133 1616 1202 judicio.
1644 1132 1758 1202 (Concil.

59 1194 127 1264 puio
146 1201 318 1279 comminuta
339 1204 449 1281 eunt.»
935 1203 1054 1259 Simoeis.
1075 1203 1191 1274 inane.)
1205 1203 1364 1261 Coronatus
1386 1204 1510 1262 subinde
1531 1203 1589 1261 iuit
1610 1205 1759 1274 martyrio,

94 1267 134 1322 lta
160 1267 319 1323 Marcellini
345 1273 432 1337 acino,
459 1269 508 1340 qui
532 1270 669 1327 violentia
694 1276 881 1343 tyrannorum
936 1277 985 1343 qui
1011 1274 1075 1328 dum
1103 1280 1228 1345 perperci
1253 1276 1291 1330 ad
1315 1279 1470 1346 passionem
1498 1292 1586 1343 suom,
1616 1275 1761 1343 adjuravit

56 1337 187 1420 adactus,
197 1337 388 1421 ‚etperouisus
399 1340 502 1397 timore
517 1344 619 1398 mortis
631 1356 664 1398 ac
674 1343 824 1413 supplicii,
837 1343 884 1400 ob·
936 1346 1097 1399 Marcellum
1117 1346 1314 1415 presbyterum,
1332 1353 1362 1402 ut
1373 1352 1510 1418 pracepta
1528 1348 1692 1402 Diocletiani
1705 1362 1760 1402 non

58 1407 163 1464 tulisse
175 1409 286 1466 ducitur
299 1411 447 1467 incensum
461 1412 557 1481 idolis,
571 1414 679 1469 nullam
694 1414 784 1470 tabem
797 1414 884 1471 interi
936 1417 1069 1486 impleret.
1091 1417 1126 1472 Ut
1145 1423 1263 1474 sanctus
1283 1418 1401 1488 colitur,
1427 1420 1547 1490 ejusque
1570 1417 1706 1474 memoria
1730 1417 1760 1474 in

58 1480 240 1562 auctoritati,
260 1495 293 1537 ac
310 1482 429 1566 juribus
448 1490 552 1540 sanctae
571 1486 657 1541 sedis.
678 1485 713 1541 Ut
733 1485 818 1542 bomo
840 1489 884 1543 est
937 1487 1026 1543 veteri
1041 1488 1211 1545 calendario
1225 1490 1394 1562 consignata
1407 1494 1460 1563 est,
1473 1495 1560 1563 atque
1575 1491 1605 1547 iu
1618 1489 1760 1561 Martyro-

58 1552 255 1622 particularis,
266 1567 318 1625 qur
329 1553 438 1611 crimen
449 1555 577 1614 admittit
588 1563 688 1614 contra
700 1557 766 1614 idei
776 1557 884 1616 oonies·
937 1557 1025 1630 logiis
1039 1559 1173 1616 Ecclesia
1187 1561 1329 1618 Romana.

73 1759 211 1772 *⁸¹⁸⁹-
1453 1768 1756 1788 nnn—nnn*

580 1957 715 2030 xxxi.
747 1958 936 2032 SANCTUS
972 1960 1237 2034 uincamus,

505 2187 594 2236 auno
614 2188 743 2237 centem
762 2173 831 2250 aot,
853 2190 1035 2239 consanum
1058 2193 1099 2238 nn
1119 2192 1246 2239 camno
1268 2174 1316 2238 10.

201 2568 267 2633 31.
311 2569 522 2651 Marcellos,
564 2573 704 2639 natmne
742 2578 934 2657 Baccanae,
979 2593 1020 2641 aa
1053 2580 1157 2658 patre
1194 2574 1396 2654 Benedicta,
1439 2573 1480 2638 de
1522 2575 1659 2654 regione
1698 2573 1763 2639 Via

159 2669 240 2747 lata,
267 2667 352 2732 sedit
373 2688 479 2734 anuos
502 2671 662 2754 quinque,
680 2689 811 2737 meuses
835 2691 904 2757 sex,
926 2673 997 2738 dies
1025 2674 1150 2753 viginti
1173 2691 1292 2736 unum.
1319 2674 1405 2737 Maii
1427 2678 1539 2736 autem
1559 2672 1765 2754 tentporibns

163 2767 350 2832 Constantii
376 2773 408 2831 et
433 2770 559 2833 Galerii
586 2774 618 2833 et
645 2772 828 2852 Maxentii,
857 2790 875 2836 e
902 2772 1084 2838 comatam
1114 2772 1287 2835 Menoetii
1315 2775 1436 2854 quarto
1464 2775 1498 2834 et
1530 2772 1677 2835 Macimi
1703 2787 1766 2834 ns-

165 2883 228 2949 qne
260 2866 306 2930 ad
338 2869 549 2932 consulatum
572 2880 598 2932 ².
626 2869 689 2933 Hic
720 2869 854 2949 rogavit
886 2870 1068 2952 quamdam
1103 2873 1303 2947 matronam,
1340 2868 1475 2931 nomine
1503 2868 1701 2948 Priscillam,
1735 2872 1768 2931 et

120 2963 237 3028 infecit
264 2966 449 3029 caemeteria
472 2968 530 3030 via
555 2968 695 3042 Salaria,
722 2972 755 3031 et
775 2986 850 3032 xxv
873 2968 991 3031 titulos
1015 2969 1051 3030 in
1077 2965 1159 3029 urbe
1184 2969 1288 3029 Roma
1310 2965 1496 3043 constituri,
1520 2965 1618 3045 quasi
1644 2964 1768 3028 dioece-

164 3080 227 3142 ses,
259 3069 391 3145 propter
426 3065 632 3148 baptismum
660 3070 693 3130 et
725 3065 959 3146 poenitentiam
997 3064 1180 3126 multorum
1215 3063 1273 3142 qui
1308 3058 1588 3125 convertebantur
1626 3079 1667 3123 ex
1705 3078 1771 3141 pu-

161 3162 274 3242 gauis,
291 3165 324 3226 et
337 3167 471 3245 propter
483 3167 673 3246 sepulturas
686 3169 885 3243 martyrum.
900 3162 963 3225 Hio
976 3160 1146 3224 ordinavit
1161 3159 1286 3238 viginti
1301 3174 1360 3222 sex
1375 3156 1389 3200 b
1413 3157 1623 3240 presbyteros
1634 3157 1672 3221 in
1685 3158 1768 3221 urbe

164 3264 268 3324 Roma
287 3278 516 3344 penetensem
543 3260 744 3338 Decembris,
764 3259 922 3322 diaconos
949 3259 1032 3322 dnos
1050 3261 1083 3321 et
1103 3257 1275 3339 episcopos
1295 3274 1363 3338 per
1387 3256 1522 3319 detersa
1544 3254 1617 3319 ioca
1644 3256 1776 3336 oipinti

166 3375 285 3421 onum.
316 3357 378 3421 Hic
405 3359 592 3421 coarctatus
618 3359 668 3420 est
696 3358 729 3419 et
756 3357 871 3418 tentus
899 3369 937 3418 eo
966 3354 1054 3437 quod
1082 3354 1266 3418 Ecclesiam
1299 3353 1479 3432 ordinaret,
1511 3353 1772 3432 comprehensus

107 3454 145 3515 10
165 3471 186 3514 a
210 3454 391 3534 Maxentio,
417 3456 454 3515 ut
482 3456 622 3531 negaret
650 3469 686 3516 se
711 3467 783 3516 esse
808 3451 1012 3533 episcopum,
1045 3457 1078 3516 et
1106 3450 1281 3516 sacrificiis
1308 3466 1344 3516 se
1370 3450 1566 3515 humiliaret
1591 3448 1773 3514 daemouio-

163 3567 240 3612 rum
265 3572 272 3612 :
299 3551 358 3631 qui
393 3567 522 3630 semper
554 3553 780 3630 contemnens,
817 3548 972 3614 deridens
1011 3548 1102 3614 dicta
1143 3553 1176 3613 et
1207 3552 1372 3630 praecepta
1411 3547 1585 3627 Maxentii,
1625 3547 1772 3612 damua-

163 3648 219 3710 tus
241 3651 290 3711 est
318 3649 354 3710 in
375 3648 531 3712 catabulo
552 3658 577 3728 0,
601 3647 660 3729 qui
685 3646 766 3710 dum
790 3647 907 3710 multis
932 3647 1052 3712 diebus
1080 3647 1230 3729 serviret,
1259 3648 1294 3710 iu
1324 3646 1479 3711 catabulo
1504 3645 1713 3709 orationibus
1738 3648 1772 3710 et

166 3744 308 3825 jejuniis
342 3748 485 3809 Domino
513 3744 636 3809 servire
669 3762 736 3808 non
765 3745 928 3808 cessabat.
957 3748 1071 3810 Mense
1096 3748 1210 3810 autem
1247 3763 1334 3808 nono
1366 3747 1462 3809 nocte
1499 3746 1665 3808 venerunt
1702 3745 1772 3808 cle-

165 3842 227 3906 rici
252 3844 325 3922 eius
350 3861 465 3907 omnes
490 3847 523 3907 et
546 3847 700 3907 emerunt
731 3842 837 3906 eumd
859 3842 901 3906 de
925 3844 1091 3907 catabulo.
1117 3845 1271 3906 Matrona
1297 3846 1409 3905 autern
1435 3843 1601 3924 quaedam,
1635 3842 1772 3906 nomine

105 3941 143 4004 15
164 3941 302 4021 Lucina,
329 3959 404 4024 quae
422 3940 657 4005 fecerat⁰oum
675 3940 747 4003 viro
771 3958 831 4003 suo
853 3943 963 4006 Marco
984 3959 1090 4004 annos
1109 3939 1303 4024 quindecim
1318 3943 1350 4004 et
1370 3940 1405 4004 iu
1427 3940 1565 4005 viduata
1587 3957 1649 4003 sua
1671 3939 1773 4007 habe-

161 4038 220 4102 bat
242 4057 349 4104 annos
368 4056 488 4103 novem
506 4038 614 4104 decim
633 4038 780 4120 suscepit
793 4038 932 4103 beatum
946 4040 1152 4119 Marcellum,
1175 4057 1248 4120 ques
1263 4038 1399 4103 domum
1416 4056 1514 4102 suam
1530 4038 1666 4102 nomine
1681 4037 1771 4102 beati

164 4139 314 4201 Marcelli
358 4138 499 4202 titulum
538 4135 717 4219 dedicavit,
750 4137 809 4200 ubi
849 4138 904 4202 die
938 4141 1105 4220 noctuque
1144 4137 1282 4220 hymnis
1321 4141 1354 4201 ei
1387 4138 1595 4201 orationibus
1630 4137 1773 4200 Domino

164 4238 244 4301 Jesu
277 4236 408 4300 Christo
441 4236 698 4300 confitebantur.
734 4237 804 4300 Hoc
839 4236 955 4300 audito
983 4235 1177 4300 Maxentius
1205 4235 1299 4299 misit
1329 4239 1363 4299 et
1391 4236 1501 4299 tenuit
1535 4237 1657 4300 iterum
1697 4235 1774 4300 bea-

162 4336 236 4398 tum
263 4335 469 4415 Marcellum,
496 4336 530 4398 et
558 4333 661 4414 jussit
687 4334 722 4396 iu
752 4333 869 4398 eadem
891 4334 1031 4399 ecclesia
1057 4334 1181 4398 iterum
1207 4334 1346 4414 plancas
1366 4331 1379 4375 f
1397 4333 1555 4409 exsterni,
1584 4336 1622 4395 ut
1647 4333 1773 4397 ibidem

100 4434 142 4498 20
169 4433 335 4495 animalia
366 4432 513 4496 catabuli
546 4434 756 4511 congregata
788 4434 927 4512 starent,
956 4436 991 4495 ei
1019 4432 1103 4514 ipsis
1135 4431 1254 4495 beatus
1283 4433 1462 4495 Marcellus
1491 4430 1683 4509 deserviret,
1711 4429 1769 4511 qui
1883 4450 1885 4455 ·

161 4529 299 4593 tandem
323 4530 359 4593 in
383 4530 519 4594 servitio
546 4529 746 4593 animalium
776 4531 888 4593 nudus
914 4530 1057 4593 amiotus
1082 4528 1192 4593 cilicio
1223 4527 1400 4592 defunctus
1426 4530 1486 4590 est.
1514 4525 1620 4606 cujus
1648 4541 1768 4605 corpus

161 4628 297 4707 collegit
325 4630 427 4691 Beata
455 4629 593 4709 Lucina,
624 4632 657 4692 et
680 4628 834 4707 sepelivit
859 4629 895 4691 in
916 4628 1096 4693 camelario
1120 4624 1304 4702 Priscilla,
1336 4623 1577 4705 vindalonio,
1603 4641 1676 4688 xnn
1698 4623 1770 4688 Ka·

162 4725 282 4792 tendas
300 4727 397 4793 Febr.
414 4730 447 4795 et
460 4727 604 4795 cessavit
623 4726 839 4810 episcopatos
860 4725 977 4792 diebos
991 4725 1133 4807 niniati.
1150 4721 1310 4787 ⁸Lucina
1323 4740 1401 4788 vero
1421 4721 1660 4805 proscriptione
1674 4719 1768 4786 dam·
1796 4804 1799 4808 λ

161 4827 245 4888 natu
264 4826 325 4889 est.

641 5009 890 5078 animosos
908 5007 988 5076 SUB
1002 5010 1182 5074 LIBERIO.

98 5195 277 5260 Marcellus
301 5215 390 5262 anuo
409 5215 432 5279 1,
452 5195 625 5261 mensibus
646 5215 693 5278 vr,
709 5197 827 5263 diebus
850 5214 910 5262 xx.
934 5197 1013 5262 Fuit
1026 5194 1234 5277 temporibus
1249 5193 1411 5259 Maxentii
1428 5193 1639 5258 aconsulatu
1654 5193 1762 5259 Maxi·

55 5294 165 5358 miani
181 5295 335 5361 Herculei
349 5313 385 5377 x,
408 5297 441 5360 et
456 5295 656 5360 Maximiani
675 5296 802 5362 Galerii
820 5314 879 5377 vu,
902 5310 1009 5378 usque
1024 5297 1098 5377 post
1115 5295 1330 5359 consulatum
1343 5310 1369 5358 x
1386 5295 1419 5357 et
1436 5310 1492 5358 vu.

628 5499 769 5548 NOTULAE
789 5498 996 5546 musellenses
1021 5499 1194 5546 ransom.

92 5677 110 5715 ⁸
128 5671 158 5737 u,
173 5681 262 5729 mens.
279 5665 305 5740 i,
321 5668 350 5727 d.
365 5666 411 5740 xi,
426 5671 454 5727 et
467 5666 647 5728 constantini
665 5666 767 5740 imper.
783 5682 799 5726 a
814 5682 889 5727 coss.
910 5668 1031 5727 Dioclen
1047 5669 1087 5726 lli
1104 5674 1133 5727 et
1147 5666 1264 5726 Maxim.
1279 5665 1339 5727 illll
1362 5664 1397 5723 ad
1416 5666 1526 5723 Mareu.
1548 5669 1577 5724 et
1597 5649 1786 5730 Maximum(

56 5738 163 5802 Boron.
188 5742 227 5802 ad
247 5757 315 5798 ann.
343 5744 419 5798 Dom.
447 5739 501 5800 309
521 5737 642 5800 initiob
670 5741 741 5805 CB,
763 5739 839 5799 25.c
863 5741 1031 5800 Catabuium
1072 5742 1102 5798 id
1130 5745 1170 5799 est
1190 5740 1330 5798 statatum
1351 5737 1643 5809 inumbrantes,
1666 5746 1765 5801 noctu,

56 5816 120 5884 oti,
138 5815 262 5873 vixerat.
276 5813 400 5872 ‘Pionm
417 5815 527 5873 tobeias
545 5817 635 5893 lestap
649 5827 663 5870 t
675 5813 777 5873 Boron.
793 5814 840 5872 od.
855 5828 903 5872 on.
918 5815 995 5871 Dom.
1010 5783 1073 5873 aba.
1102 5870 1107 5880 ,

149 5923 161 5931 ·
205 5904 326 5983 Parnon.
343 5902 477 5968 cxxvii.
1569 5893 1632 5956 ἀπ’
