3892 6136
70 96 123 162 440
612 100 717 165 hcrni
733 101 781 166 AD
798 103 1002 169 cnihlcccs
1017 106 1240 170 scammum.
1722 118 1776 184 460

71 224 776 300 ria,tanlnmhnncascbelastratlomutuandum
786 234 893 305 putavi.
909 219 939 282 Α
954 248 1017 292 nem
1028 236 1058 293 in
1069 236 1207 297 ductibus
1219 236 1381 301 litterarum
1392 244 1420 301 et
1431 244 1568 318 graphica
1581 246 1775 308 delineatione

100 322 184 378 Duos
204 333 270 377 vero
289 323 323 378 nt
342 320 475 378 adderem
495 334 512 378 a
527 322 695 381 htablllanio
713 323 848 381 collectas
863 338 897 381 ex
954 326 1107 399 utriusque
1128 328 1304 388 characteris
1317 333 1351 389 ad
1368 333 1586 407 archetyporum
1602 335 1685 395 ddem
1700 339 1775 397 dill-

69 409 279 467 retnstissimis
289 409 442 467 codicibus
453 409 635 469 bibliotheca
646 412 828 470 corbeiensis
838 428 899 473 coe-
953 421 1051 487 genter
1062 419 1165 489 exacti,
1178 423 1210 477 ut
1221 422 1299 492 paris
1309 423 1495 495 antiquitatis
1506 426 1647 484 indicium
1659 428 1776 486 44444444-

69 500 150 558 444444
165 500 265 571 plnres
280 514 325 556 mc
340 514 434 557 causa
450 500 638 572 impulerunt.
655 503 749 560 Prima
759 509 803 561 est
817 505 897 561 anti·
953 519 1008 576 que
1018 520 1154 578 apparere
1166 523 1222 568 nan
1233 510 1435 570 dubitaverim.
1447 515 1544 572 Altera
1555 516 1775 589 igiturhaecra-

69 592 166 663 quitus
180 589 327 659 codicum,
344 604 403 661 qno
418 590 534 647 nomine
549 597 608 648 tum
622 592 728 649 editori
745 594 785 650 rci
798 594 897 664 dipla·
951 594 993 651 tio
1003 593 1061 652 luit
1072 597 1195 655 addendi
1211 599 1298 670 bulas
1311 603 1428 659 secundi
1440 605 1566 677 catalogi
1581 604 1773 678 corbeiensis,

71 679 181 736 natica
193 679 426 749 consultissima,
439 685 499 737 tum
512 681 583 737 crud
589 681 639 738 itis
649 683 785 741 omnibus
795 697 897 758 magna
952 697 1007 741 nan
1017 687 1142 744 modoad
1152 690 1366 764 chronologiam
1379 694 1546 764 pontiticum
1559 695 1772 764 illustrandam,

69 771 96 826 ln
112 769 209 840 pretio
226 768 389 838 habentur,
402 784 466 826 cum
482 770 631 842 catalogus
648 773 736 845 prior,
752 774 788 830 ad
804 789 898 832 saecu-
951 774 999 830 sed
1020 777 1105 832 etiam
1128 778 1162 834 ad
1184 781 1364 837 asserendam
1386 788 1496 841 actem
1518 783 1628 841 codicis
1648 783 1776 841 Anasta-

68 858 896 933 tumsextumsitrelereudus,utiexejusdamntabillontt
951 864 1774 944 siani,amniumantiquissimihabendijudiciorlrcrnm

69 951 141 1008 natis
158 948 327 1006 indicabam
342 948 372 1005 in
385 947 550 1020 praelatione
565 964 644 1007 num.
657 948 683 1021 l,
699 954 841 1023 posterior
850 968 898 1012 au·
952 952 1005 1010 bac
1021 955 1050 1010 in
1062 960 1342 1031 artepraestanlium,
1358 960 1511 1033 llalstenli,
1524 963 1732 1034 Schelestratii,
1746 967 1775 1021 ct

69 1046 118 1096 tem
134 1039 296 1112 catalwus
317 1039 396 1095 circa
413 1038 494 1094 tuem
516 1040 632 1110 septimi
655 1043 753 1099 saculi
769 1045 897 1115 scriptus
950 1043 1123 1102 hiabillonii.
1139 1047 1315 1116 Quinetiam
1332 1055 1363 1106 ut
1375 1051 1463 1121 ludex
1476 1065 1538 1109 esse
1552 1054 1644 1125 possit
1658 1054 1775 1112 utrius-

67 1134 252 1201 agnoscatur.
266 1129 355 1184 istius
368 1128 519 1197 scripturae
529 1129 672 1199 specimen
684 1130 752 1187 dnm
766 1138 897 1190 cantem·
951 1147 1007 1206 que
1022 1136 1173 1192 vetustatis
1188 1138 1324 1209 quisquis
1339 1154 1397 1197 rem
1414 1142 1628 1212 diplomaticam
1644 1148 1672 1201 et
1684 1151 1772 1202 artem

68 1217 161 1291 placer
175 1218 208 1274 ln
224 1217 277 1273 liei
293 1216 491 1288 liiplamatieae
506 1216 557 1275 lib.
573 1232 600 1287 v,
618 1218 674 1275 tab.
691 1217 719 1291 8,
735 1234 813 1277 num.
830 1221 857 1292 5,
869 1228 897 1280 et
951 1224 1186 1297 calligraphicam
1202 1227 1318 1297 excolit,
1338 1230 1491 1302 utriusque
1504 1233 1615 1290 codicis
1628 1233 1772 1304 specimen

69 1322 121 1379 pra
130 1305 272 1364 manibus
283 1305 415 1363 haberem
426 1306 630 1377 exemplumad
643 1312 896 1370 metransmissum
953 1312 1001 1369 hic
1017 1313 1200 1371 inserendum
1215 1317 1324 1373 curavi.
1337 1319 1443 1376 Habeat
1459 1321 1556 1393 itaque
1568 1322 1658 1381 lectar
1672 1336 1706 1380 ex
1720 1325 1774 1381 bia·

68 1396 896 1473 ablllnstrisslmorirahlauritiamarchianedeSanctis,
952 1401 1113 1460 billoniano
1136 1406 1265 1476 exempla
1289 1408 1432 1478 specimen
1457 1411 1631 1470 characteris
1653 1414 1773 1472 securml

70 1488 224 1559 scripturae
237 1485 351 1543 codicis
366 1485 533 1541 Parnasianl
548 1485 628 1542 Vitas
645 1488 812 1557 pontiacum
827 1491 901 1550 44444·
952 1492 1079 1565 catalogi
1093 1494 1275 1553 corbeiensis
1294 1498 1328 1553 ad
1344 1500 1497 1570 septimum
1512 1503 1621 1560 christi
1637 1506 1774 1564 saeculum

71 1577 215 1634 staaianas
226 1573 384 1646 complexi,
402 1577 510 1631 tantam
524 1573 700 1645 deprehendi
717 1577 897 1638 similitudi·
913 1561 939 1622 Β
952 1582 1134 1654 pertinentis,
1150 1585 1226 1655 quad
1242 1584 1299 1642 tale
1312 1589 1364 1644 est.

101 1752 246 1827 men
258 1751 408 1824 scripum
421 1751 515 1808 saculi
531 1751 586 1810 Vll
599 1767 633 1810 cc
643 1752 733 1812 codice
742 1752 908 1827 licqularunr
920 1755 997 1815 Garb.
1011 1765 1044 1815 nt
1054 1755 1108 1818 630
1120 1759 1196 1831 autad
1210 1761 1343 1818 llahchn
1357 1762 1391 1820 de
1400 1778 1429 1822 rc
1440 1767 1514 1838 cipi.
1527 1767 1576 1824 lib.
1590 1779 1619 1833 v,
1628 1783 1690 1840 cap.
1705 1764 1736 1826 8.

99 1954 536 2144 Damtnoueua
635 1993 1733 2156 strincnonrsueneannrlprensopen

102 2196 1392 2370 ommapuaepettenboerpraeysuluartoraecole
1402 2237 1718 2340 nbonearts

98 2380 1713 2584 annaneanqasomouatennnassenuusanaas‘eiacs

101 2743 1223 3024 ffhRetjalMcORUffiPQO
1259 2767 1751 2966 [ohannessbacu'u

237 2968 1753 3227 anspuceps'aamsnaceeclesneesosos{emeca

98 3185 275 3362 44444445
285 3220 1018 3335 securanwsxtuoensesv
1035 3204 1237 3302 &nesbit
1261 3172 1522 3515 {gagius
1546 3129 1726 3456 ἐξῆ

1289 3375 1320 3453 0
1364 3369 1630 3454 assisess

100 3661 282 3734 scripturam
306 3656 393 3716 iatius
414 3655 542 3730 catalogi
566 3654 747 3713 corbeiensis
769 3655 889 3712 secundi
906 3662 932 3728 c
947 3668 1000 3726 pus
1015 3653 1123 3712 exarati
1137 3654 1248 3713 codicis
1261 3655 1437 3728 exprimitur
1447 3657 1477 3716 in
1489 3658 1545 3717 dna
1555 3661 1618 3733 elus
1631 3663 1719 3732 prout
1732 3659 1763 3716 bi

71 3750 244 3809 relerendam
253 3747 360 3806 essead
371 3746 455 3805 inem
465 3746 565 3804 seculi
576 3745 692 3817 septimi
703 3743 891 3804 itabillanius
946 3745 1063 3817 legitur,
1077 3759 1177 3816 nempe
1190 3747 1428 3818 apudeoenubium
1439 3750 1600 3806 bassacium
1611 3766 1685 3806 anna
1697 3750 1771 3805 ἀκο-

70 3841 245 3898 demonstrat
264 3837 377 3908 duplici
399 3850 433 3894 ex
454 3849 551 3893 causa.
570 3836 698 3892 Primum
716 3849 751 3892 eu
766 3849 799 3891 eo
815 3835 891 3907 quad
948 3835 1049 3890 deciam
1074 3838 1147 3905 riqis
1175 3837 1368 3903 chlothacarii,
1394 3841 1545 3897 indictione
1570 3841 1769 3904 tatiadecinta,

68 3930 177 3988 doinst
191 3929 347 3986 inlaanne
360 3929 450 3998 sexta,
466 3926 518 3998 qui
540 3938 616 3983 anna
629 3921 679 3982 iot
697 3925 794 3982 sedere
808 3925 896 3995 coeplt
949 3940 1022 3980 unna
1045 3926 1254 3996 quadraqesima
1281 3928 1373 3983 Putris
1397 3931 1485 3985 nostru·
1508 3931 1626 3998 feliciter
1651 3933 1771 4000 peracta.

69 4033 113 4091 per
123 4032 220 4077 annos
235 4022 303 4074 tres.
320 4017 412 4087 liuius
427 4019 521 4073 autem
538 4012 684 4086 pontilicis
700 4015 818 4070 anniae
834 4029 885 4085 pro
950 4014 1030 4083 Quod
1055 4015 1260 4085 interpretatus
1283 4031 1346 4073 sum
1369 4018 1405 4074 de
1424 4024 1524 4075 sancta
1547 4018 1733 4090 columbano,
1750 4023 1779 4074 et

68 4109 135 4168 44444
152 4106 321 4167 decessoris
339 4104 432 4178 Sergii
452 4117 509 4162 nan
530 4102 590 4160 sint
608 4103 747 4178 expressi,
768 4104 816 4161 sed
838 4108 899 4160 4444-
951 4103 986 4160 de
1001 4103 1169 4160 cblatharia
1188 4105 1324 4177 secunda,
1344 4107 1430 4177 culus
1449 4121 1544 4164 annus
1565 4109 1594 4164 in
1609 4107 1778 4180 Burgundia

68 4193 895 4267 tummodoanpertarnmpantiilcum,quarumpostremus
950 4193 1139 4250 duodecimus
1160 4208 1224 4251 cum
1241 4208 1316 4252 anna
1331 4197 1440 4254 Christi
1463 4195 1524 4270 cib,
1549 4197 1709 4256 indictione
1724 4211 1778 4254 4444

68 4287 160 4346 &non
181 4285 295 4343 sedisse
310 4288 484 4342 memoratur
499 4280 647 4340 mensibus
662 4296 692 4338 11
708 4283 895 4340 numerandis
951 4283 1081 4353 praedito.
1095 4284 1253 4341 coincidit:
1268 4285 1400 4358 idemque
1410 4300 1427 4343 a
1439 4287 1669 4345 luxoviensibus
1678 4284 1775 4345 larsau

68 4392 100 4435 ex
111 4378 163 4436 die
175 4373 408 4434 consecrationis
422 4373 549 4446 ejusdem
565 4371 715 4430 Dominica
729 4370 761 4431 it
779 4373 892 4430 Octobr.
950 4372 1170 4443 computabatur
1184 4382 1279 4431 annus
1294 4376 1533 4447 quadragesimus
1544 4376 1714 4434 columbani
1730 4377 1780 4434 ad·

70 4463 212 4537 44444686,
226 4465 263 4523 ad
274 4461 307 4522 it
321 4465 398 4535 sept
412 4459 475 4534 084,
491 4464 534 4520 ati
546 4476 601 4521 sua
614 4461 676 4520 loca
686 4462 816 4520 dicemus
829 4477 894 4520 cnm
950 4468 1052 4519 ventus
1068 4462 1098 4518 in
1114 4463 1319 4536 Burgundiam.
1343 4465 1373 4521 Si
1390 4465 1457 4536 quis
1477 4479 1542 4523 vera
1559 4467 1587 4523 id
1604 4466 1638 4523 ad
1656 4480 1774 4539 regnum

71 4555 232 4615 hnasuslo.
242 4553 337 4625 Quare
347 4557 411 4625 past
420 4553 530 4611 abitum
539 4552 665 4610 cananis
676 4550 787 4609 virente
796 4552 896 4625 Sergio
950 4551 1111 4608 chlotharii
1125 4553 1216 4621 tertii,
1230 4554 1301 4610 etad
1319 4554 1444 4626 regimen
1459 4555 1636 4612 waldeberti
1649 4556 1772 4626 abbatis,

71 4643 324 4718 scriptnsridetnr
334 4642 497 4716 catalogus,
508 4642 557 4698 cui
568 4641 693 4699 subinde
703 4655 805 4699 nomen
815 4643 897 4698 ioan·
952 4641 1002 4712 qui
1016 4641 1142 4699 Lunavio
1155 4643 1240 4699 annis
1251 4656 1285 4698 444
1298 4641 1424 4715 praelnit,
1438 4645 1626 4701 revocandum
1639 4658 1776 4701 essacan·

72 4733 303 4795 nissneccssoris
313 4733 458 4806 quispiam
470 4731 585 4803 adjecit.
597 4732 709 4789 Rursus
719 4732 897 4790 demonstrat
951 4729 1058 4800 tendat,
1079 4728 1232 4786 dicendum
1253 4736 1338 4803 esset,
1358 4732 1574 4789 waldebertum
1590 4745 1696 4788 annum
1711 4729 1774 4802 665,

73 4823 257 4882 &billonius
274 4823 404 4880 eamdem
417 4826 529 4879 mutem
545 4835 608 4880 esse
619 4821 802 4879 tribuendam
818 4823 897 4877 scri·
951 4819 1001 4891 qni
1012 4818 1038 4875 ei
1052 4830 1204 4888 supremus
1214 4821 1357 4892 assignari
1371 4821 1453 4892 salet,
1465 4821 1631 4891 excessisse,
1643 4824 1672 4877 et
1683 4835 1778 4893 perve-

74 4921 160 4984 pturae
175 4912 264 4984 balaa
277 4911 404 4985 catalogi
421 4925 455 4968 ex
470 4912 684 4982 comparatione
698 4911 896 4967 characterum
951 4907 1029 4964 nisse
1039 4907 1073 4963 ad
1085 4919 1192 4964 annum
1203 4903 1265 4979 640,
1277 4908 1327 4978 qui
1339 4908 1393 4964 sub
1405 4907 1566 4965 chlotharii
1577 4908 1657 4966 tertii
1669 4910 1776 4980 princi·

74 5015 133 5060 cum
144 5001 307 5075 specimine
318 4999 436 5058 omnino
448 5000 541 5057 simili
551 5000 661 5057 codicis
675 4999 893 5070 bellovacensis,
910 5045 938 5108 D
953 5001 1021 5068 patu
1036 4996 1197 5055 indictione
1209 5011 1263 5054 44444
1280 4997 1419 5068 preditus
1433 5004 1503 5054 erat.
1521 5015 1535 5050 4

76 5091 212 5150 inundent
227 5089 328 5148 tabula
341 5088 370 5163 8,
386 5103 521 5160 expresso
543 5103 663 5146 numero
677 5087 704 5161 i,
722 5089 772 5146 ubi
788 5090 895 5159 epocha
986 5087 1036 5143 liis
1049 5086 1140 5159 igitur
1151 5087 1333 5144 documentis
1346 5091 1447 5144 testata
1458 5101 1523 5144 cnm
1536 5088 1654 5146 sitaetas
1664 5088 1775 5146 codicis

8 5178 11 5231 i
76 5181 220 5253 scripturae
233 5177 420 5253 siqnldcatur
435 5180 489 5237 bac
503 5178 689 5236 testimonia:
950 5176 1140 5234 luxoviensis
1159 5180 1187 5233 et
1200 5176 1328 5249 catalogi
1349 5175 1540 5248 corbeiensis,
1563 5189 1686 5249 quornm
1701 5180 1776 5234 uter·

104 5271 228 5342 cupiscit
241 5285 305 5327 cera
320 5284 388 5341 opas
399 5272 509 5338 tacente
524 5271 638 5324 Domina
650 5268 727 5338 apud
742 5267 896 5324 coenubium
951 5279 1006 5337 que
1019 5270 1153 5323 exaratus
1172 5271 1216 5323 est
1230 5265 1395 5324 charactere
1410 5266 1493 5338 plane
1513 5264 1671 5334 consimili,
1692 5278 1778 5337 appe

78 5359 231 5419 immitari
250 5375 325 5417 unna
347 5356 382 5417 tc
400 5361 472 5430 repis
491 5359 677 5416 chlotacharii
695 5359 843 5415 indictione
863 5353 897 5414 43
952 5358 1076 5415 nendum
1090 5357 1161 5415 duxi
1178 5357 1265 5428 bulas
1279 5357 1407 5429 exempla
1421 5356 1563 5428 specimen
1576 5353 1687 5412 codicis
1700 5353 1773 5414 dna-

78 5465 141 5509 uana
156 5450 192 5511 40
205 5453 300 5509 Patris
312 5451 403 5508 nostri
416 5450 533 5520 feliciter
542 5453 664 5522 paracta.
950 5445 1083 5518 staulam,
1095 5446 1270 5519 antiquitate
1278 5447 1389 5505 caeteris
1399 5442 1577 5519 praeferendi,
1584 5444 1778 5515 judiciautri·

107 5542 231 5618 llxponit
243 5541 382 5615 epacbam
396 5539 584 5602 liabillonius
599 5539 645 5598 his
659 5538 773 5597 verbis:
792 5538 898 5596 «Tent-
951 5549 1043 5607 usqua
1055 5534 1189 5610 presulis
1203 5535 1344 5593 calstanil
1358 5538 1386 5591 et
1399 5532 1608 5603 schelestratii,
1628 5535 1677 5606 qul
1694 5537 1773 5590 tanta
