3892 6136
83 225 133 285 484
445 223 648 281 sctllttmsttt.
668 224 817 280 bissulae.
839 224 884 279 DE
903 223 1017 292 ANTIO.
1038 223 1120 279 ROM.
1142 219 1241 277 PONT.
1262 222 1428 280 cntttott.
1740 224 1793 285 484

80 352 148 408 dice
168 348 337 406 bibliothece
352 347 506 406 Christinae
524 349 678 404 Succorum
698 347 804 418 regine
823 346 910 416 primi
923 347 952 407 A
1002 342 1029 400 3.
1044 346 1141 415 Neque
1156 344 1202 400 bis
1214 344 1327 401 obstare
1340 344 1423 400 debet
1438 346 1513 415 quod
1528 345 1558 400 in
1573 346 1671 402 codice
1684 345 1791 418 reginae

81 441 193 497 uostris
205 438 383 509 temporibus
394 435 761 508 publicaruntGodelridus
773 437 911 491 llensclre·
964 434 1072 490 Sueeiae
1086 441 1148 503 post
1158 433 1278 489 Felicem
1293 435 1327 489 lV
1342 434 1484 489 addantur
1496 433 1620 488 aliorum
1636 434 1788 490 duodecim

80 530 152 587 nius
175 536 203 585 et
224 528 327 583 Daniel
349 526 562 597 papebrochius
584 527 613 581 44
638 525 846 597 prolegomenis
873 526 907 581 ad
965 523 1786 594 4444444444444444444444444444444444444444444444.

80 623 192 674 tomum
205 615 349 686 caprilis,
362 615 514 686 exquibus
524 620 612 685 etego
624 615 653 669 44
665 615 757 684 prima
767 614 909 684 4444444-

81 707 152 762 tatis
174 704 330 760 illustratae
352 703 481 760 editione
503 699 677 770 44441648,
702 707 808 772 partem
826 701 907 757 illius

82 793 216 864 usquead
227 793 403 862 sylvestrum
411 791 507 846 eadem
520 791 573 846 lide
584 790 736 860 descripsi,
749 789 906 860 quaipsum

80 881 239 939 clarissimi
252 881 310 936 uiri
324 881 355 937 44
370 881 462 937 lucem
474 879 637 937 emiserant.
656 879 710 935 Ubi
732 885 827 934 444444
847 879 907 934 444-

80 985 155 1027 mam
171 970 412 1040 peruenissemet
422 967 577 1024 nonnullos
587 967 738 1024 erroresin
749 967 905 1023 editionem

79 1060 236 1129 irrepsisse
250 1059 418 1128 suspicatus
430 1071 530 1128 essem,
548 1057 792 1127 asapientissima
806 1057 905 1127 regina

78 1145 246 1203 laenitatem
259 1145 375 1202 videndi
391 1145 518 1201 codicem
532 1150 634 1201 etcum
648 1145 726 1200 edito
739 1143 904 1200 conterendi

78 1236 163 1308 petii,
180 1234 257 1305 quod
272 1247 324 1304 pro
335 1247 464 1304 suoerga
474 1246 518 1289 me
530 1231 820 1290 benevolentiaiacile
832 1246 905 1289 con-

77 1325 177 1381 cessit.
206 1324 339 1380 codicem
365 1323 462 1393 itaque
484 1337 536 1377 ms.
560 1335 645 1392 penes
670 1335 714 1378 me
738 1320 825 1377 babui
856 1335 905 1391 per

78 1426 192 1470 menses
212 1412 365 1482 plurimes,
384 1416 412 1468 et
434 1410 591 1482 diligenter
610 1411 776 1481 catalogum
798 1410 833 1465 de
848 1424 905 1480 quo

77 1502 193 1574 agimus
213 1514 279 1555 eum
308 1500 385 1555 edito
412 1500 534 1570 contuli,
562 1505 591 1554 et
611 1504 752 1569 quantum
778 1498 853 1553 inter
873 1511 904 1553 se

76 1587 483 1660 discrepareutanimadverti.
508 1590 568 1644 Non
581 1585 673 1643 solum
683 1586 760 1643 enim
768 1577 904 1656 pleraque

997 609 1042 668 57.
1063 611 1228 667 4444444444
1240 611 1315 667 sedit
1324 626 1391 668 444.
1403 610 1432 683 4,
1442 612 1505 668 dies
1518 609 1564 668 45.

997 698 1042 755 56.
1062 701 1183 756 4444444
1196 700 1345 755 44444444.
1360 698 1387 767 4,
1403 714 1513 757 menses
1524 696 1551 770 3,
1563 697 1679 756 444445.

996 786 1031 843 59
1049 783 1129 842 Felix
1143 788 1219 843 sedit
1234 802 1301 842 444.
1316 785 1342 859 4,
1357 802 1467 844 meuses
1483 785 1510 859 4,
1522 788 1585 843 dies
1598 784 1640 843 44.

996 875 1040 932 60.
1061 875 1225 933 4444444444
1236 878 1311 933 44444
1324 890 1389 933 ann.
1405 875 1432 946 4,
1444 877 1508 932 dies
1516 874 1560 933 44.

996 962 1039 1019 64.
1059 967 1180 1020 4444444
1195 966 1326 1024 seditan.
1339 963 1365 1038 4,
1381 979 1490 1022 menses
1499 963 1526 1035 3,
1536 967 1599 1022 dies
1610 964 1636 1022 5.

995 1052 1039 1110 64.
1059 1054 1284 1125 agapitussedtt
1299 1069 1409 1111 menses
1421 1052 1463 1121 ll,
1474 1055 1538 1112 dies
1550 1051 1592 1111 47.

994 1141 1038 1199 63.
1058 1143 1199 1199 silverius
1213 1144 1289 1200 sedit
1299 1158 1366 1201 444.
1381 1142 1405 1214 4,
1420 1158 1530 1200 menses
1543 1142 1570 1215 5,
1580 1145 1643 1201 dies
1654 1140 1698 1200 44.

994 1229 1038 1286 64.
1059 1231 1186 1303 vigilius
1197 1233 1348 1289 seditann.
1364 1229 1407 1303 46,
1422 1246 1532 1289 meuses
1541 1231 1567 1301 6,
1581 1233 1644 1290 dies
1656 1230 1701 1290 45.

994 1317 1039 1375 65
1060 1320 1192 1392 Pelagius
1206 1321 1281 1377 sedit
1296 1334 1361 1376 ann.
1376 1319 1402 1392 4,
1414 1334 1524 1378 menses
1540 1320 1583 1393 40,
1594 1319 1710 1378 444448.

995 1406 1038 1464 66.
1059 1410 1180 1465 4444444
1189 1410 1264 1466 sedit
1275 1424 1342 1468 444.
1359 1406 1403 1478 44,
1417 1424 1505 1467 mens.
1521 1407 1637 1481 ll,dies
1648 1409 1693 1468 46.

994 1492 1038 1552 64.
1058 1498 1387 1555 Benedictussedltann.
1400 1497 1426 1555 4.

993 1583 1037 1640 68.
1058 1587 1275 1659 Pelagiussedit
1285 1602 1352 1644 anu.
1367 1587 1410 1660 40,
1420 1603 1509 1646 meus.
1521 1587 1548 1656 4,
1562 1586 1674 1648 (444444.

77 1677 161 1733 verba
191 1676 222 1731 in
240 1676 320 1732 edito
343 1677 450 1734 omissa
469 1682 547 1746 sunt,
568 1689 631 1745 quae
651 1677 681 1731 44
706 1675 903 1744 manuscripto
918 1666 945 1727 B
993 1673 1058 1728 ΑΒ.
1070 1676 1148 1730 Petro
1157 1693 1243 1746 usque
1251 1694 1324 1732 4444
1340 1681 1411 1748 punt
1427 1680 1496 1733 4444
1508 1675 1560 1734 444
1572 1684 1597 1734 et
1606 1694 1709 1735 menses
1722 1695 1781 1744 aee,

76 1767 273 1837 reperiuntur,
287 1765 335 1821 sed
348 1764 481 1821 nonnulli
495 1778 609 1835 quoque
624 1763 772 1834 pontifices
789 1776 903 1834 praepo-
957 1768 1064 1833 eccepto
1077 1766 1220 1828 inclamatio
1228 1769 1414 1836 4444444444.

76 1862 151 1912 44444
168 1855 273 1911 ordine
294 1855 323 1909 44
339 1855 417 1911 edito
430 1852 614 1923 exhibentur,
627 1867 689 1923 quae
704 1858 779 1908 recte
795 1853 824 1908 44
838 1865 902 1907 ma·
991 1852 1784 1927 Namabimperitaplanemauuadjunctasuutposttem·

76 1945 227 2015 cuseripto
240 1944 384 2015 leguntur.
402 1942 498 1999 Fidem
510 1943 579 1999 buic
590 1942 631 1998 rei
644 1940 794 1998 laoitorde
810 1942 902 2012 quin·
958 1953 1026 2009 pera
1036 1941 1194 1997 iustiniani
1214 1942 1406 2012 imperatoris.
1423 1959 1485 2001 eum
1507 1958 1556 2000 nec
1577 1945 1645 2001 4444
1659 1958 1781 2015 respen-

76 2047 130 2104 que
140 2034 303 2103 primorum
313 2033 492 2102 pontificum,
504 2044 562 2102 quo
573 2031 603 2086 in
617 2032 670 2088 boc
682 2031 816 2102 Catalogo
829 2030 900 2086 editi
956 2030 1188 2102 deantCatalogo,
1197 2044 1288 2102 neque
1297 2032 1464 2101 pontificum
1473 2033 1543 2090 ordo
1555 2034 1583 2089 44
1594 2034 1781 2106 bacCatalogi

75 2121 188 2178 suntad
201 2128 309 2179 tomum
321 2122 447 2192 primum
456 2120 576 2192 aprilis.
591 2120 632 2176 lbi
644 2120 720 2176 enim
732 2121 825 2189 primo
838 2119 901 2176 loeo
955 2118 1725 2191 appendiceobsernetur.Utenimabultimoincipiam:
1735 2121 1783 2176 hie

74 2213 186 2281 Petrus,
203 2211 331 2267 secundo
345 2211 445 2280 Linus,
461 2209 548 2265 tertio
559 2208 698 2279 Clemens,
715 2214 818 2279 quarto
834 2207 900 2263 Cle-
956 2207 1785 2280 trespontilieesFelix,Bonilaeiusettoannesinserpenti·

74 2307 130 2367 tus,
145 2304 176 2355 et
190 2299 295 2370 quinto
317 2299 470 2354 anacletus
486 2303 657 2366 recensetur,
673 2311 738 2353 cum
754 2304 847 2353 tamen
869 2297 900 2353 44
955 2293 1212 2367 licesdividuntur,
1227 2299 1358 2368 repetitis
1368 2299 1496 2368 ipsorum
1509 2298 1685 2371 nominibus,
1698 2298 1783 2356 utvel

73 2389 274 2458 manuscripto
293 2388 393 2444 codice
413 2388 518 2460 reginae
541 2387 658 2458 Sueeiae,
683 2387 733 2456 qui
751 2391 815 2456 post
837 2387 900 2455 ejus
954 2396 989 2437 ex
997 2397 1029 2438 eo
1036 2388 1111 2452 patet
1119 2386 1278 2455 quodiuter
1287 2387 1408 2443 Felicem
1420 2389 1465 2456 lv,
1478 2388 1508 2443 44
1520 2401 1576 2459 444
1588 2388 1784 2445 desinitCata·

74 2483 194 2535 mortem
213 2489 280 2533 cum
294 2478 405 2532 caeteris
424 2476 605 2532 bibliothecae
619 2489 679 2531 suae
695 2475 901 2547 manuscriptis
956 2470 1047 2543 logus,
1060 2479 1088 2528 et
1101 2474 1266 2546 silverium,
1282 2491 1366 2547 quem
1377 2478 1531 2546 septimum
1542 2492 1559 2534 a
1570 2477 1664 2535 Felice
1678 2483 1781 2551 quarto

72 2568 101 2622 in
118 2566 289 2622 vaticanam
302 2566 447 2638 migravit,
456 2578 589 2636 expresse
600 2564 814 2622 babeaturordo
826 2577 901 2635 pon·
956 2568 1083 2617 recenset
1108 2564 1261 2635 appendix,
1282 2570 1393 2620 tantum
1417 2571 1475 2621 tres
1494 2566 1643 2636 pontifices
1663 2565 1782 2624 4444444-

73 2655 199 2726 tilicum,
216 2661 250 2710 ut
264 2655 416 2725 sequitur:
435 2652 460 2708 4.
477 2655 588 2723 Petrus,
603 2651 631 2710 4.
643 2654 742 2722 Linus,
754 2650 781 2710 3.
792 2652 899 2724 Cletus,
956 2648 1063 2716 444444,
1074 2652 1195 2707 4444444
1215 2654 1359 2709 44444444
1376 2658 1405 2710 44
1422 2654 1562 2726 Agapitus
1584 2655 1615 2711 in
1630 2669 1696 2712 rera
1706 2670 1781 2727 pon-

71 2742 97 2800 4.
120 2744 263 2814 Clemens,
284 2743 313 2801 5.
333 2743 496 2800 anacletus.
518 2743 580 2812 Quo
604 2742 691 2802 ettam
720 2742 822 2798 ordine
842 2743 902 2798 lto-
957 2736 1068 2794 tisscum
1095 2741 1169 2796 serie
1191 2743 1381 2812 reperiantur.
1416 2743 1587 2800 ltedundant
1605 2743 1696 2816 igitur
1724 2748 1782 2801 tres

73 2847 157 2890 mana
177 2833 305 2890 Ecclesia
328 2833 477 2903 pontifices
500 2831 568 2888 illos
592 2837 719 2887 recenset
740 2832 769 2886 44
790 2831 903 2887 Canone
959 2828 1142 2896 pontificatus
1154 2829 1360 2902 inappendice,
1372 2845 1469 2887 errore
1482 2832 1564 2902 plane
1577 2832 1780 2904 inexcusabili,

72 2923 179 2990 4444444,
209 2923 277 2978 dum
304 2921 436 2978 meminit
456 2923 530 2985 Lini,
556 2921 634 2984 dieti,
663 2920 815 2975 Clementis.
848 2919 903 2976 Ubi
958 2917 1257 2975 cuiaecediterrouea
1269 2925 1428 2991 temporum
1448 2929 1524 2991 nota,
1538 2923 1573 2978 de
1590 2923 1782 2993 quaseounde

72 3011 169 3068 Cletus
186 3011 299 3067 medius
319 3011 438 3080 ponitur
454 3011 529 3066 inter
550 3010 653 3066 Linum
677 3014 706 3065 et
717 3009 900 3068 Clementem,
917 2999 941 3062 G
958 3005 1020 3062 loeo
1034 3007 1187 3064 dicendum
1202 3010 1392 3080 suscepimus.
1402 3012 1473 3067 Nota
1485 3011 1561 3066 enim
1576 3011 1627 3067 illa
1637 3011 1782 3083 significat

73 3114 128 3156 444
142 3114 210 3156 vero
223 3106 287 3169 post
298 3100 471 3156 Clementem
481 3099 648 3156 collocatur.
956 3107 972 3149 4
986 3095 1016 3148 B.
1030 3096 1112 3151 Petro
1129 3099 1265 3169 usquead
1284 3100 1481 3168 pontificatum
1501 3100 1608 3172 Pelagii
1626 3103 1660 3169 ll,
1673 3099 1782 3172 absque

106 3187 133 3245 4.
159 3190 254 3259 Atque
276 3203 311 3245 ex
331 3189 383 3244 hae
405 3189 532 3261 Catalogi
556 3189 753 3245 emendatione
780 3187 899 3244 refutari
955 3186 1080 3249 temP⁰t0
1104 3185 1180 3241 sedis
1195 3188 1333 3256 vacantis,
1350 3188 1495 3243 numerari
1515 3184 1567 3243 444
1586 3203 1687 3260 annos,
1703 3189 1779 3260 quod

74 3284 164 3348 potest
176 3278 319 3334 Henpicus
333 3278 504 3345 Dodwellus,
519 3277 569 3348 qui
582 3279 613 3333 ip
623 3276 901 3334 disseptatippesip.
954 3270 1014 3326 Sive
1028 3284 1044 3325 44
1057 3273 1201 3345 principio
1217 3276 1401 3344 4400ῐί464448
1413 3277 1499 3343 Petri,
1516 3278 1575 3333 44444
1597 3278 1682 3333 4444444
1697 3278 1780 3334 illius

74 3367 169 3438 gulari
189 3367 226 3423 de
246 3367 328 3423 Rom.
353 3366 521 3436 4444444444
549 3367 682 3436 primaeva
706 3367 898 3437 successione,
954 3383 1061 3442 sumas,
1078 3365 1775 3437 averaebrouologiamiruminmodumaberrat.

75 3470 98 3511 4.
113 3453 141 3524 9,
162 3453 208 3526 §l
216 3497 224 3526 ,
239 3456 429 3526 conqueritur
443 3456 479 3511 ab
490 3461 607 3512 auctore
620 3455 747 3526 Catalogi
768 3456 899 3512 ordinem
955 3458 1088 3530 Pelagius
1109 3456 1186 3512 enim
1208 3454 1351 3510 secundus
1375 3452 1573 3522 pontificatum
1598 3455 1689 3523 gessit
1712 3462 1779 3512 ante

77 3547 258 3601 immutatum
281 3558 343 3601 esse
358 3545 600 3616 praepositumque
615 3545 743 3616 genuino
760 3544 899 3600 Clementi
954 3547 1124 3618 Gregorium
1142 3547 1276 3614 Magnum
1290 3542 1324 3597 ad
1339 3541 1422 3596 linem
1439 3540 1512 3594 sexti
1534 3541 1644 3609 saeculi,
1662 3544 1733 3600 adeo
1745 3549 1779 3600 ut

75 3631 183 3690 Cletum
197 3632 419 3703 supposititium
438 3632 474 3689 ab
494 3633 533 3689 iis
548 3634 598 3705 qui
613 3639 758 3691 auctorem
779 3633 898 3689 secundi
955 3637 1020 3708 plus
1031 3648 1115 3705 quam
1131 3632 1278 3703 sexaginta
1293 3629 1360 3684 4444
1373 3629 1403 3683 44
1418 3633 1552 3698 computo
1567 3631 1776 3689 desiderentur.

75 3720 201 3794 Catalogi
219 3721 365 3779 subsecuti
389 3728 457 3779 sunt
473 3741 479 3777 :
498 3723 525 3778 id
546 3725 623 3780 euim
647 3723 749 3781 Falsum
761 3737 823 3779 esse
839 3725 897 3794 jam
953 3725 1118 3782 Nonsolum
1134 3721 1210 3776 euim
1224 3732 1241 3774 4
1255 3720 1337 3774 Petro
1358 3731 1448 3789 usque
1469 3719 1504 3774 ad
1519 3724 1631 3790 tempus
1646 3736 1703 3793 quo
1723 3736 1779 3794 ap-

77 3810 255 3867 osteudimus
277 3825 312 3867 ex
329 3812 391 3881 ipso
415 3813 514 3868 codiee
536 3813 742 3884 manuscripto,
763 3827 847 3884 quem
869 3814 898 3868 in
955 3814 1060 3886 pendix
1074 3812 1122 3868 illa
1138 3808 1300 3879 conscripta
1321 3814 1365 3863 est
1387 3807 1455 3863 anni
1476 3805 1538 3875 444,
1562 3810 1610 3866 sed
1630 3812 1777 3872 etiamsia

76 3898 250 3956 bibliotheca
260 3900 453 3957 Alexandrina
462 3901 811 3974 babemus,etunicuique
822 3916 901 3959 mou·
954 3904 1030 3960 Petri
1052 3915 1180 3968 excessu,
1201 3898 1252 3969 qui
1272 3910 1348 3955 4444
1362 3911 1425 3952 aerae
1446 3899 1575 3970 vulgaris
1589 3898 1625 3956 68
1643 3903 1776 3976 contigit,

76 3995 164 4067 strare
178 4003 342 4059 possumus.
356 3991 547 4048 luetorenim
558 3992 646 4061 hujus
655 3992 898 4064 CatalogiCletum
956 3994 1103 4066 pontidees
1118 3994 1315 4059 computemus
1326 3987 1405 4052 ,4444
1418 3985 1472 4043 544
1488 4003 1579 4060 44444
1599 3991 1634 4047 ad
1644 3993 1777 4066 Gregorii

75 4077 211 4135 Clementi
219 4080 655 4150 praeposuit,jamiudeaFelicis
665 4083 699 4137 lV
710 4081 898 4152 temporibus,
955 4083 1163 4158 pontificatum,
1188 4077 1239 4149 qui
1262 4089 1337 4132 4444
1356 4073 1408 4132 690
1429 4079 1526 4147 44444,
1540 4077 1722 4137 intercedunt
1736 4101 1744 4153 ;
1760 4096 1777 4139 4

76 4165 125 4221 444
141 4166 253 4238 444444
269 4167 365 4238 ipsum
385 4169 538 4239 scripsisse
551 4170 713 4227 Dodwellus
732 4170 837 4228 latetur
853 4172 899 4226 444
954 4172 1061 4246 444444
1077 4170 1389 4236 444444444444444444
1413 4166 1564 4223 intervallo
1578 4168 1639 4224 sedi
1665 4172 1776 4227 vacanti

74 4256 187 4311 serbis:
204 4256 311 4314 «4444
325 4258 404 4313 enim
418 4256 471 4314 530
486 4259 644 4315 seeundum
657 4259 822 4332 Catalogum
834 4261 898 4317 col·
955 4260 1117 4327 tribuendo,
1134 4270 1245 4327 semper
1268 4255 1395 4311 manebit
1412 4255 1486 4312 ultra
1502 4256 1674 4329 quingentos
1686 4272 1777 4316 annos

75 4342 143 4415 legit
154 4349 258 4401 auctor
273 4345 401 4402 incertus
415 4347 469 4402 sub
480 4347 645 4403 lustiniano
653 4348 687 4403 ad
699 4348 782 4404 tinem
794 4349 897 4407 Felicis
911 4333 939 4395 D
957 4354 1030 4408 iuter
1044 4348 1119 4404 Petri
1135 4353 1163 4402 et
1179 4345 1285 4417 Pelagii
1308 4345 1427 4401 secundi
1444 4351 1574 4415 tempora
1590 4348 1775 4408 intercedere.

75 4434 207 4502 quarti.»
223 4434 357 4491 Concinit
374 4436 545 4491 Pearsonius
557 4437 704 4493 dissertat.
720 4453 727 4493 1
741 4438 900 4495 desucces-
989 4438 1015 4495 4.
1035 4440 1132 4507 Neque
1148 4435 1253 4490 mirum
1273 4434 1410 4504 cuiquam
1431 4434 1522 4491 videri
1547 4435 1630 4492 debet
1652 4439 1726 4510 quod
1745 4440 1774 4498 44

74 4521 155 4578 44444
168 4521 327 4592 primorum
338 4525 432 4579 ltomae
447 4525 625 4594 pontiticum.
637 4540 699 4596 cap.
713 4524 760 4597 44,
775 4542 853 4584 num.
869 4528 897 4586 6.
953 4521 1110 4600 appendice
1122 4526 1209 4594 buJ'us
1223 4523 1349 4594 Catalogi
1366 4530 1421 4578 tam
1433 4522 1500 4580 ioedi
1514 4538 1625 4582 errores
1635 4529 1777 4598 reperian-

75 4610 125 4666 bbi
140 4610 308 4684 catalogum
322 4611 405 4669 illum
416 4619 490 4669 secto
501 4616 597 4668 saeculo
605 4620 748 4670 caerulum
755 4633 811 4671 4444
823 4621 899 4688 ospr-
953 4627 1010 4676 tur.
1024 4618 1117 4673 Codex
1138 4614 1214 4670 enim
1232 4613 1335 4684 reginae
1349 4613 1467 4683 Sueciae,
1483 4627 1517 4669 ex
1535 4629 1592 4685 quo
1610 4616 1773 4691 Catalogum

72 4700 187 4754 muttit
207 4705 273 4754 ante
296 4701 482 4759 Pearsonium
503 4703 559 4758 viri
582 4702 738 4759 clarissimi
756 4706 900 4775 Papebro-
954 4709 1029 4779 typis
1042 4706 1167 4774 edimus,
1178 4715 1234 4758 uon
1250 4701 1378 4758 eontinet
1394 4702 1474 4772 ipsus
1495 4703 1621 4776 catalogi
1637 4711 1776 4778 autogra÷

72 4788 169 4857 obius,
192 4794 221 4844 et
238 4788 446 4860 Heuscbenius,
463 4791 593 4861 quiante
617 4793 786 4862 prooemium
812 4795 899 4865 bujus
954 4797 1053 4868 pbnm,
1067 4795 1114 4850 sed
1127 4796 1339 4861 transumptum
1351 4796 1416 4846 ante
1431 4791 1514 4862 plura
1526 4793 1631 4848 saeeula
1644 4795 1777 4853 conseri-.

72 4875 200 4948 Gatalogl
217 4881 327 4946 notant,
349 4882 467 4947 tempore
481 4881 633 4935 lastiniani
644 4882 815 4948 imperatoris
830 4900 899 4939 coo·
954 4891 1044 4956 ptum.
1059 4883 1153 4937 Codex
1166 4880 1283 4936 enimin
1301 4893 1356 4949 quo
1369 4880 1533 4935 continetur
1553 4880 1600 4939 hic
1610 4880 1774 4954 catalogus,

72 4966 205 5036 emptum
221 4981 288 5020 esse.
303 4966 364 5035 Qua
382 4967 497 5038 quidem
510 4968 540 5024 44
554 4982 584 5023 44
596 4968 668 5023 viris
684 4969 808 5026 eruditis
826 4987 899 5028 con·
952 4972 1080 5030 continet
1099 4983 1162 5040 pag.
1180 4967 1205 5037 4,
1222 4967 1305 5023 breve
1322 4968 1484 5024 Chroniceu
1500 4967 1535 5023 ab
1550 4981 1625 5025 4444
1639 4967 1703 5042 845,
1717 4986 1775 5044 444

71 5054 177 5120 sentio,
194 5065 261 5110 cum
276 5054 447 5128 exCatalogi
466 5057 528 5126 ipse
541 5057 709 5127 deducatur,
721 5058 899 5119 subtustino
951 5061 1071 5119 Carolus
1091 5061 1210 5129 liagnus
1234 5061 1365 5111 mortuus
1387 5063 1440 5125 est,
1469 5061 1498 5111 et
1527 5057 1688 5126 ludovicus
1714 5063 1777 5133 ejus

71 5147 100 5196 et
110 5141 288 5212 tuetiuiano,
306 5157 428 5214 quorum
451 5145 630 5217 temporibus
643 5146 725 5206 illum
737 5149 900 5217 promiscuo
953 5152 1032 5212 tilius
1046 5145 1640 5220 imperiumassumpsit,usqueadannum
1660 5151 1777 5219 millesi-

72 5230 103 5290 in
114 5229 262 5301 decepere
271 5232 457 5303 ascribimus,
471 5231 562 5291 luisse
577 5235 781 5296 concinnatum
795 5254 801 5291 :
815 5238 899 5308 tinem
953 5255 1041 5309 mum,
1056 5252 1112 5310 que
1124 5238 1330 5307 consequenter
1343 5234 1419 5289 hunc
1433 5235 1560 5299 codicem
1581 5240 1775 5316 conterimini]

72 5331 197 5391 namque
210 5318 283 5384 44444
303 5321 332 5376 44
346 5322 438 5380 Felice
457 5329 570 5395 quartu,
590 5325 641 5396 qui
658 5326 810 5384 consulatu
826 5326 901 5384 044-
953 5329 1045 5387 luisse
1058 5328 1192 5396 dicerem,
1214 5323 1272 5383 uisi
1288 5323 1323 5379 ab
1336 5337 1411 5381 auno
1434 5320 1594 5396 94844444
1612 5327 1647 5395 44
1670 5340 1777 5396 anuum

71 5409 138 5470 stis,
164 5421 242 5471 anno
268 5409 451 5480 imperatoris
470 5413 630 5477 iustiniani
652 5420 765 5485 quarto,
788 5421 817 5472 et
836 5429 900 5471 crae
954 5413 1778 5486 40004444444444444444444444444444444444444,

70 5498 202 5569 vulgaris
215 5495 281 5568 530,
289 5498 374 5559 obiit.
899 5547 902 5551 ψ
954 5512 1077 5574 notetur,
1095 5503 1190 5561 444444
1202 5515 1286 5559 mauu
1302 5502 1443 5571 adjectum
1451 5517 1512 5561 esse
1521 5502 1663 5575 4444444444
1674 5520 1710 5565 ex
1723 5520 1780 5578 qun
1825 5573 1834 5593 ο
