3892 6136
193 260 246 318 943

427 403 614 443 conoarnnruu
627 404 779 446 sacuuouu.

232 479 426 534 iudicationes
440 487 467 533 et
482 493 638 535 consensus
654 494 739 550 supra
756 480 898 536 iudicatos
914 478 1018 532 hahere

196 568 253 622 vina
271 569 421 624 maximam
437 568 647 624 rationabiliter
657 568 816 639 castigandi
828 576 913 637 atque
928 580 1018 621 emen·

197 656 284 711 dandi
305 657 431 726 exempla
449 658 592 726 posterius
611 657 764 727 descripta,
785 656 833 712 uhi
847 671 863 710 a
878 668 1019 711 consensu

198 751 354 799 memorato
368 747 509 800 recedant.

234 832 423 888 corollarium
450 838 663 903 utrumquem
688 846 739 904 ego
760 831 895 894 arbitror,
917 844 1020 900 quem-

198 921 384 977 admodumct
403 921 508 991 regula,
525 935 579 975 uon
594 921 704 992 indiget
716 920 893 991 argumentis
905 924 936 974 ut
951 932 1021 987 pro-

200 1013 294 1077 betur,
311 1011 358 1066 sed
376 1018 484 1065 tautum
501 1009 639 1078 exemplis
656 1016 687 1065 ut
700 1016 866 1079 exponatur.
886 1009 1020 1063 Sescenta

199 1097 1023 1166 occurrent,utGerheliusindicabat,incuspiniano,con·

200 1202 313 1245 sensum
330 1188 493 1254 attenderue
510 1188 538 1242 in
549 1185 775 1256 proximioribus
788 1192 815 1239 ct
824 1183 1022 1254 peritioribus,

199 1278 234 1334 ad
247 1277 509 1333 conciliandossive
518 1275 707 1330 emendandos
716 1275 882 1329 remotiores
892 1279 919 1327 et
932 1273 1026 1340 impe-

200 1366 326 1433 ritiores,
350 1373 409 1420 tum
431 1379 465 1420 ex
486 1364 663 1432 auctoribus,
681 1370 741 1418 tum
757 1376 791 1418 ex
812 1361 951 1429 librariis,
976 1359 1026 1430 qui

203 1455 385 1511 dissentiant.
401 1456 497 1524 Neque
519 1453 712 1523 infrequentia
729 1452 812 1506 nobis
831 1450 1025 1505 occurrentia

203 1543 314 1598 ceteris
327 1555 412 1612 supra
424 1543 548 1597 laudatis
561 1541 762 1611 scriptoribus,
776 1541 800 1595 si
817 1539 912 1594 lubeat
924 1552 957 1593 en
968 1540 1028 1593 No-

204 1632 324 1686 risianis
333 1631 475 1700 Operibus
485 1631 599 1686 unicam
610 1629 760 1699 epistolam
769 1627 947 1684 consularem
960 1639 1028 1694 per-

579 268 626 321 to
647 268 864 323 antistamus
885 267 1141 324 Paoludouuun
1169 271 1256 326 auli.
1284 266 1487 323 uult-vtato.

1840 260 1895 321 hil

1029 387 1059 446 A
1073 396 1119 446 tus
1132 393 1159 447 S.
1173 393 1285 447 Damasi
1304 404 1381 461 papa
1393 389 1551 461 inquirenti
1566 388 1714 445 sententiae
1723 389 1790 445 duaa
1804 388 1835 442 in
1848 386 1898 443 illa

1072 482 1272 537 constituenda
1290 481 1364 535 inter
1376 493 1405 534 se
1418 478 1623 534 discredentes.
1636 476 1753 533 Asserat
1766 489 1825 533 uua
1834 490 1898 532 cum

1074 569 1279 624 vetustissimis
1295 566 1536 638 inscriptionibus
1550 580 1582 622 ac
1592 565 1715 635 picturis
1729 563 1896 620 basilicas.

1073 658 1166 722 Pauli,
1183 662 1210 712 et
1222 672 1285 713 cum
1302 656 1444 728 catalogis
1460 654 1517 711 lere
1532 653 1677 723 omnibus,
1695 652 1862 721 historicis,
1874 658 1900 709 et

1073 745 1268 817 chronologis,
1283 746 1313 801 D.
1327 747 1479 799 Damasum
1495 744 1603 799 sedisse
1617 756 1707 798 annos
1717 754 1805 810 xviii,
1819 754 1897 797 meu-

1074 846 1119 887 ses
1132 846 1162 901 n,
1176 833 1239 889 dies
1252 848 1292 887 ιι.
1309 833 1404 888 altera
1419 845 1484 887 vero
1498 832 1649 900 sententia,
1666 829 1792 885 subnixa
1812 826 1898 885 forsi-

1075 928 1130 975 tam
1148 922 1234 976 unico
1246 921 1289 977 illi
1312 922 1455 992 catalogo,
1476 923 1558 989 quem
1570 918 1793 975 schelestratius
1805 931 1899 974 secun

1076 1010 1144 1063 dum
1164 1009 1288 1079 appellat
1304 1012 1441 1066 intereos
1456 1023 1527 1080 quos
1550 1007 1686 1078 produxit
1706 1012 1784 1061 tomo
1811 1007 1900 1076 primo

1077 1098 1270 1167 antiquitatis
1289 1099 1431 1162 Ecclesiae,
1446 1096 1900 1164 tribuitannosnn11,mensestu,

1078 1186 1141 1241 dies
1156 1201 1197 1256 ιιι,
1224 1188 1265 1242 vel
1291 1201 1324 1242 ex
1344 1186 1459 1242 Daronii
1479 1184 1617 1256 suffragio
1646 1198 1757 1240 menses
1782 1197 1818 1251 ιι,
1842 1182 1902 1239 dies

1080 1289 1159 1330 annu
1174 1290 1259 1345 supra
1275 1289 1365 1331 annos
1380 1289 1451 1344 xvir,
1465 1288 1536 1345 quos
1552 1274 1596 1328 illi
1612 1273 1703 1344 placet
1719 1274 1761 1328 ita
1775 1271 1903 1327 breviare

1080 1378 1115 1420 eu
1132 1378 1201 1418 ιιιιιι
1214 1364 1325 1426 solidis,
1342 1363 1497 1434 assignatis
1510 1376 1527 1418 a
1541 1362 1568 1417 S.
1582 1363 1755 1432 Hieronymo
1764 1365 1794 1415 et
1806 1373 1824 1416 a
1835 1361 1904 1414 Pro-

1081 1467 1173 1522 spero,
1189 1453 1349 1523 aequalibus
1370 1455 1499 1521 Damaso,
1514 1458 1545 1506 ut
1561 1452 1591 1507 iu
1615 1450 1730 1506 Maximi
1750 1447 1905 1519 praetectu-

1081 1528 1904 1609 ramannusinitiationisejnsdemDamasiincidat,secus

1079 1629 1255 1699 judicaturo,
1279 1630 1303 1685 si
1327 1629 1533 1684 observavisset
1554 1627 1639 1699 (quod
1662 1626 1714 1682 alii
1731 1625 1820 1697 paulo
1844 1630 1904 1696 post

205 1735 329 1776 currere.
346 1721 448 1776 Verum
465 1733 498 1775 ex
516 1720 561 1774 his
575 1718 787 1789 prolegomenis
812 1717 920 1772 nostris
936 1715 1027 1784 placet
1043 1713 1069 1773 B
1082 1719 1256 1774 adnotarunt
1270 1720 1298 1772 in
1314 1718 1486 1773 membranis
1500 1715 1698 1787 pretectorem
1713 1715 1803 1770 Urbis
1815 1728 1832 1769 a
1846 1714 1905 1771 llu-

205 1809 365 1878 exemplum
382 1808 520 1874 mutuari,
535 1815 566 1862 ut
584 1807 695 1874 judicet
710 1806 845 1861 cordatus
859 1804 945 1858 lector
959 1817 1027 1858 rrum

207 1893 1031 1968 tertlaehuiusrcgulaeejusquecorrollariisasseutirine·-

206 2001 283 2044 cssse
296 1986 345 2041 sit.

242 2077 334 2144 liujus
356 2076 452 2145 itaque
465 2075 569 2146 regulae
585 2074 676 2130 tertiae
692 2074 783 2130 ductu
795 2085 881 2142 supra
902 2073 930 2126 in
954 2069 1029 2125 uotis

208 2164 242 2219 ad
267 2163 482 2233 chronologiam
502 2162 627 2234 catalogi
653 2163 843 2218 Romanorum
862 2161 1029 2232 pontificum

208 2251 364 2307 conciliare
384 2258 502 2307 conatus
515 2267 576 2307 sum
592 2266 656 2307 cum
672 2253 799 2307 victorio
822 2252 966 2322 Aquitano
980 2263 1031 2304 re-

210 2347 284 2395 teres
298 2340 403 2401 Patres,
420 2346 447 2395 et
462 2340 584 2409 aqualia
597 2341 779 2408 documenta,
796 2341 825 2395 in
840 2341 946 2408 epocha
963 2352 1031 2409 pas-

210 2430 303 2486 sionis
324 2429 431 2484 Christi
456 2429 600 2500 alliganda
630 2444 694 2484 eum
720 2443 794 2484 anno
822 2429 950 2503 uulgaris
969 2442 1032 2484 aree

209 2519 379 2574 Christiana
394 2515 429 2573 98
443 2524 471 2573 et
493 2533 557 2573 cum
576 2517 690 2574 duobus
705 2519 835 2574 Geminis
849 2517 1028 2573 consulibus.

208 2608 355 2664 Cureuim
381 2609 412 2663 in
439 2608 563 2664 Domana
587 2608 785 2678 chronologia,
807 2614 863 2662 lam
886 2607 1031 2663 consulari

210 2711 295 2768 quam
310 2697 446 2764 Caesarea,
459 2711 566 2752 necnon
584 2698 740 2766 pontilicis,
753 2711 801 2753 eos
812 2699 899 2754 duces
910 2710 966 2754 non
982 2712 1031 2752 se-

211 2799 324 2856 querer,
339 2785 382 2840 vel
407 2785 556 2854 Romanos,
580 2786 623 2840 vel
646 2785 845 2856 provinciales,
868 2787 916 2857 qui
933 2800 1032 2856 aequa-

210 2875 283 2930 lium
297 2887 413 2930 suorum
422 2874 534 2942 judicio
548 2881 714 2944 prestarent
727 2876 839 2931 caeteris
850 2876 878 2931 in
892 2875 1034 2946 colligen-

210 2962 258 3019 dis
271 2968 357 3032 atque
372 2963 541 3017 ordinandis
553 2963 769 3019 characteribus
780 2970 937 3032 temporum
953 2964 1034 3019 taut

1083 1806 1181 1862 cherio
1196 1807 1292 1875 editis,
1308 1811 1336 1862 et
1355 1806 1539 1863 adsecutum
1555 1805 1667 1860 Damasi
1684 1799 1906 1874 pertinentibus)

1083 1895 1308 1966 praelectosllrbi
1326 1911 1381 1952 non
1397 1910 1430 1952 ex
1443 1895 1580 1950 Kalendis
1592 1894 1722 1949 ianuarii
1739 1904 1905 1963 perannum

1083 1985 1219 2053 solidum,
1233 1987 1274 2041 uti
1289 1985 1420 2042 consules
1432 1986 1584 2055 ordinarii,
1601 1985 1649 2040 scd
1662 1997 1695 2039 ex
1707 1980 1840 2054 quelibet
1853 1993 1907 2035 au-

1085 2074 1114 2129 ni
1131 2075 1225 2130 dicad
1243 2082 1364 2145 tempus,
1388 2090 1438 2146 pro
1455 2074 1597 2130 arbitratu
1613 2075 1820 2143 imperatorum
1835 2067 1908 2126 deli·

1085 2163 1221 2218 niendum
1237 2164 1272 2218 ad
1289 2177 1398 2218 menses
1417 2163 1512 2233 plures
1532 2162 1574 2219 vel
1591 2161 1751 2232 pauciores,
1773 2158 1852 2214 intra
1865 2155 1906 2213 rel

1086 2252 1161 2307 ultra
1174 2253 1241 2307 anni
1258 2259 1356 2318 metas,
1374 2253 1572 2323 magistratum
1585 2251 1718 2322 gessisse.

1121 2341 1273 2396 Sententiae
1290 2341 1387 2410 itaque
1399 2341 1473 2408 duae,
1488 2340 1530 2395 vel
1546 2340 1631 2395 etiam
1656 2338 1763 2409 plures,
1788 2336 1858 2393 licet
1878 2335 1904 2391 la

1086 2444 1195 2485 summa
1216 2432 1255 2486 ita
1270 2431 1428 2499 discordes,
1451 2435 1574 2484 attamen
1599 2430 1628 2484 in
1646 2443 1704 2485 uno
1719 2442 1754 2483 ex
1775 2426 1908 2483 terminis

1086 2533 1225 2576 summam
1247 2520 1407 2585 claudente,
1432 2519 1479 2575 die
1494 2518 1606 2573 scilicet
1620 2524 1648 2573 et
1663 2531 1738 2572 anno
1753 2513 1908 2572 emortuali

1085 2610 1114 2663 D.
1131 2609 1254 2679 Damasi,
1271 2623 1383 2665 necesse
1404 2612 1447 2664 est
1465 2613 1497 2663 ut
1512 2607 1702 2663 conveniant:
1720 2605 1859 2677 quaedies
1871 2603 1910 2659 sil

1087 2697 1117 2754 ll
1141 2698 1313 2768 Decembris,
1340 2697 1483 2753 lteeimere
1509 2703 1537 2751 et
1562 2697 1698 2753 clearcho
1726 2709 1816 2765 coss,
1849 2710 1912 2752 aerae

1086 2789 1195 2844 Christi
1210 2790 1370 2844 communis
1385 2784 1446 2844 38l.
1463 2788 1543 2843 Diem
1563 2788 1639 2843 enim
1654 2785 1843 2856 comprobant
1856 2785 1914 2841 Ec-

1088 2879 1182 2935 clesia
1197 2878 1350 2945 tabularia,
1366 2884 1394 2933 et
1410 2878 1530 2933 rituales
1545 2876 1625 2945 libri,
1640 2875 1842 2946 Martyrologia
1857 2875 1913 2931 Bc-

1088 2970 1141 3024 dae.
1156 2967 1290 3032 [isnardi
1315 2967 1433 3031 hdonis,
1449 2966 1555 3037 quihus
1569 2965 1712 3021 consentit
1726 2964 1869 3020 Duronius
1883 2962 1914 3019 iu

211 3065 264 3107 cur
292 3064 347 3107 non
374 3050 512 3107 deferrem
543 3067 599 3121 praa
627 3055 690 3108 suls
720 3052 880 3123 aequalibus
906 3042 1226 3125 VictorioCRomano,
1244 3054 1414 3110 licetunum
1439 3055 1482 3109 rel
1497 3054 1619 3109 alterum
1643 3053 1769 3108 retrahat
1786 3053 1821 3107 ad
1836 3051 1914 3107 diem

211 3139 356 3209 Aquitano
373 3140 401 3193 in
426 3153 482 3195 aera
503 3141 649 3196 Pascbatis
669 3154 700 3196 ac
716 3141 859 3210 passionis
879 3140 1035 3195 Dominicae

212 3225 397 3295 stabilienda,
422 3241 486 3283 cum
512 3228 588 3283 bunc
611 3230 706 3298 ipsum
730 3228 877 3283 videamus
898 3227 1034 3283 selectum

210 3314 324 3383 judicio
341 3315 464 3372 duorum
487 3317 654 3386 pontihcum
673 3318 863 3372 Romanorum
878 3315 977 3386 (llilari
1003 3327 1036 3368 ac

212 3403 477 3476 Leonisllagnilad
501 3406 640 3462 rationem
663 3409 822 3474 temporum
845 3403 1034 3460 ordinandam

212 3490 238 3544 ei
256 3489 471 3548 instaurandam
487 3493 501 3546 ‘t

472 3636 610 3693 uacuas
624 3637 773 3706 punam.

247 3760 275 3816 9.
291 3760 398 3827 Quarta
412 3762 509 3831 regula
531 3761 725 3831 chronologiae
751 3761 956 3816 concinnandae
981 3762 1039 3818 erit

216 3855 378 3905 commeatus
402 3854 560 3918 temporum,
576 3849 611 3901 uh
627 3849 763 3902 historicis
778 3850 945 3903 documentis
960 3851 1040 3903 indi-

215 3945 345 4008 caturum,
370 3937 539 3990 remittebas
564 3938 689 4003 legitimis
711 3953 728 3989 o
740 3938 806 4003 jure
831 3940 984 3991 constitutis
1003 3939 1041 3992 ud

215 4043 247 4081 co
265 4026 424 4096 peragendo
439 4040 500 4093 quae
521 4029 596 4093 peste
610 4030 803 4078 memorantur.
827 4025 962 4096 llegulam
987 4027 1041 4081 de-

216 4114 306 4170 claret
320 4113 489 4182 exemplum.

251 4203 318 4258 Dies
342 4202 489 4272 legitimus
504 4214 649 4257 sacrarum
665 4202 892 4269 ordinationum,
921 4215 1043 4271 preser-

218 4295 270 4348 tlm
297 4288 514 4359 episcopalium,
544 4288 601 4344 luit
624 4289 709 4344 etiam
732 4290 879 4358 prioribus
909 4291 1042 4346 Ecclesiae

1091 3143 1124 3201 lO
1145 3144 1308 3199 Decembris
1330 3144 1404 3213 apud
1429 3143 1636 3198 Florentinum.
1661 3142 1775 3197 hunum
1796 3154 1864 3196 sero
1888 3144 1917 3195 et

1090 3233 1222 3288 consules
1237 3232 1409 3287 liecimerem
1424 3229 1628 3286 etClearchum
1638 3229 1738 3285 retulit
1753 3227 1783 3282 ln
1797 3227 1917 3283 Chroni-

1090 3335 1154 3375 cum
1171 3334 1254 3376 suum
1267 3323 1396 3389 Prosper,
1414 3320 1464 3390 qui
1480 3325 1547 3375 tunc
1563 3317 1715 3374 scribebat.
1732 3318 1772 3373 Ex
1788 3316 1837 3372 dle
1857 3315 1916 3387 lgi-

1091 3413 1139 3464 tur
1168 3406 1197 3463 ll
1219 3408 1382 3464 Decembris
1407 3409 1476 3463 anni
1502 3407 1610 3462 Christi
1637 3404 1690 3462 38t
1716 3402 1917 3461 recedentibus

1091 3496 1174 3554 nobis
1197 3499 1226 3552 in
1242 3499 1391 3567 superiora
1406 3503 1530 3566 tempora
1544 3510 1594 3566 per
1603 3508 1693 3551 annos
1708 3493 1820 3550 solidos
1834 3503 1916 3560 xvsti,

1091 3601 1202 3642 menses
1217 3601 1248 3654 u,
1265 3586 1328 3642 dies
1341 3600 1369 3652 x,
1384 3587 1467 3655 iuxta
1483 3585 1609 3656 priorem
1625 3583 1797 3639 seutentiam
1811 3582 1918 3636 Roma-

1093 3677 1140 3730 nis
1155 3675 1347 3730 monumentis
1364 3675 1504 3734 innixam,
1524 3672 1675 3744 colligitur
1689 3671 1752 3727 dies
1764 3671 1919 3739 susceptis

1093 3766 1213 3820 Damaso
1229 3764 1414 3833 pontilicatus
1429 3762 1560 3818 incidens
1580 3762 1609 3816 in
1625 3759 1767 3815 Kalendas
1784 3757 1920 3814 Octobris

1094 3853 1201 3908 Christi
1216 3866 1290 3907 anno
1303 3850 1365 3920 366,
1385 3852 1523 3907 Gratiano
1544 3849 1743 3922 etDaglaipho
1763 3860 1839 3904 coss.
1857 3846 1922 3902 Lit-

1096 3947 1155 3996 tera
1167 3939 1355 3996 Dominiealis
1368 3939 1390 3993 h
1404 3939 1531 4009 ejusdem
1546 3938 1615 3994 anni
1627 3937 1806 3992 demonstrat
1820 3933 1924 3990 Kalen·

1095 4032 1147 4085 das
1168 4027 1308 4090 Octobris,
1326 4027 1432 4098 quihus
1445 4026 1526 4083 ailina
1541 4031 1595 4096 est,
1612 4026 1718 4097 pariari
1733 4038 1799 4080 cum
1819 4023 1923 4079 Domi-

1098 4118 1161 4172 nica
1176 4117 1243 4184 die,
1258 4130 1320 4186 quaa
1333 4130 1397 4171 cum
1408 4116 1448 4171 sit
1459 4122 1525 4186 apta
1537 4113 1747 4172 consecrationi
1762 4109 1922 4183 episcopali

1094 4207 1176 4274 juxta
1193 4204 1267 4274 leges
1279 4217 1425 4259 sacrorum
1440 4218 1591 4274 canonum,
1604 4208 1712 4275 quarte
1723 4203 1793 4258 huic
1804 4198 1922 4272 regula

1097 4293 1130 4347 ad
1156 4292 1372 4365 chronologiam
1396 4293 1578 4362 pontiliciam
1593 4289 1806 4363 dirigendama
1833 4287 1923 4344 nohis

217 4381 388 4435 Christiana
400 4377 517 4433 saeculis
536 4377 598 4432 dies
621 4378 799 4443 Dominicus,
823 4385 887 4447 post
898 4380 1040 4448 jejunium
1058 4382 1245 4452 Dadbibitae,
1260 4383 1468 4438 firmamentum
1482 4387 1606 4451 prestat.
1629 4382 1761 4437 Mutuum
1773 4391 1839 4433 vero
1854 4391 1925 4448 prae-

218 4475 245 4524 et
273 4467 389 4539 vigillas
414 4466 540 4535 sabbati,
578 4466 815 4535 quemadmodum
851 4469 1042 4536 comperimus

219 4562 278 4612 tum
294 4570 327 4612 ex
351 4557 482 4613 doctrina
504 4570 654 4624 canonum,
678 4561 738 4610 tum
768 4570 801 4610 ex
824 4557 925 4611 Leonis
948 4558 1041 4629 blagni

219 4646 409 4703 sermonibus.
426 4646 455 4702 Si
473 4660 528 4716 qua
545 4647 636 4717 igitur
651 4647 843 4714 discrepantia
859 4647 900 4701 sit
914 4648 943 4701 in
956 4647 1044 4701 Cata-

220 4735 294 4807 logis
307 4736 442 4804 epocham
467 4736 592 4804 alicuius
608 4736 754 4804 pontilicis
774 4735 965 4791 diversimode
980 4742 1044 4791 sta-

219 4825 377 4895 tuentibus,
402 4826 510 4881 indicio
527 4827 614 4895 hujus
636 4825 750 4897 regulae,
772 4826 850 4881 illam
867 4825 1041 4894 praetulerim

218 4915 432 4982 chronologiam
461 4915 583 4983 (cacteris
597 4914 723 4986 paribus)
748 4929 810 4986 quae
830 4915 1041 4970 ordinationem

217 5003 318 5074 alliget
331 5005 460 5077 legitimo
474 5005 613 5076 tempori;
628 5006 750 5075 reliquis
761 5019 836 5073 vero,
851 5019 913 5074 quae
928 5005 1039 5059 consti-

218 5094 305 5144 tutaa
321 5095 479 5162 majoribus
495 5100 621 5164 tempora
637 5096 666 5150 in
678 5095 858 5150 ordinatione
870 5096 1040 5163 pervertant,

219 5178 337 5233 minime
361 5180 456 5247 lldam,
472 5182 529 5238 nisi
555 5182 673 5237 aliunde
694 5181 858 5237 constiterit
880 5182 1043 5253 perspicuis

217 5266 1045 5340 documentisderogatumluisseconsuetudinietlegibus

217 5366 358 5410 canonum
375 5355 540 5409 rationabili
557 5369 689 5410 excausa
705 5369 754 5424 per
765 5369 813 5411 eos
824 5358 872 5426 qui
886 5359 1044 5430 derogandi

218 5448 356 5511 potestate
368 5441 520 5511 pollerent.

251 5527 614 5602 10.1>ropanamurttaque
628 5533 699 5589 mihi
713 5536 748 5590 de
763 5536 870 5607 epocha
883 5538 1044 5608 pontitica-

1097 4471 1205 4526 sidium
1219 4474 1316 4543 regula
1327 4470 1438 4528 conl'ert
1449 4473 1482 4526 ad
1496 4484 1554 4525 eam
1571 4470 1692 4539 priorem
1705 4467 1925 4538 chronologiam

1098 4560 1281 4629 pontificatus
1303 4562 1417 4616 Damasi
1443 4558 1642 4629 preferendam
1665 4557 1807 4623 secundae,
1830 4555 1925 4610 eidem

1097 4649 1254 4719 assignanti
1267 4663 1357 4704 annos
1369 4662 1438 4718 ιιιι,
1457 4661 1566 4702 menses
1579 4661 1622 4715 ιιι,
1637 4646 1701 4701 dies
1716 4658 1757 4714 ιιι,
1768 4657 1833 4700 cum
1843 4643 1927 4712 prior

1099 4738 1149 4793 illa
1164 4739 1238 4793 diem
1260 4739 1418 4810 legitimam
1434 4738 1563 4808 assignet
1580 4734 1759 4791 ordinationi
1775 4752 1783 4803 3
1799 4733 1926 4787 secunda

1097 4842 1162 4883 vero
1174 4826 1272 4882 leriam
1285 4841 1322 4893 nr,
1337 4826 1388 4881 hoc
1397 4831 1439 4880 est
1451 4826 1660 4881 consecrationi
1680 4823 1799 4878 minime
1808 4827 1905 4891 aptam
1917 4838 1926 4890 ς

1098 4930 1160 4987 quar
1174 4911 1231 4971 luit
1243 4915 1357 4971 Kalend.
1373 4914 1547 4984 Septembris
1559 4914 1628 4977 anni
1638 4909 1692 4968 :tot
1711 4929 1717 4965 :
1733 4910 1809 4968 unde
1821 4922 1929 4966 nume-

1097 5013 1230 5062 rarentur
1243 5006 1277 5060 ad
1294 5006 1369 5060 diem
1386 5003 1415 5058 ll
1432 5005 1596 5060 Decembris
1608 5001 1662 5059 384
1673 5001 1743 5057 anni
1757 5013 1828 5067 avit,
1842 5011 1930 5053 men-

1097 5108 1141 5149 ses
1156 5108 1199 5163 ui,
1223 5095 1285 5149 dies
1301 5107 1339 5148 ιιι.
1360 5096 1496 5149 Praeterea
1511 5093 1537 5147 si
1557 5097 1655 5148 octaro
1682 5089 1824 5146 Kalendas
1837 5086 1931 5144 Octo-

1098 5182 1159 5238 bris
1186 5183 1389 5237 mortalitatem
1411 5183 1494 5238 exuit
1517 5178 1704 5251 Liberiuslut
1726 5179 1755 5234 in
1777 5175 1879 5233 libello
1892 5175 1929 5232 ad

1098 5271 1289 5327 Theodosium
1318 5276 1460 5326 testantur
1481 5271 1636 5326 Faustinus
1661 5274 1689 5324 et
1715 5265 1928 5336 lllarcellinus),

1101 5359 1226 5431 prolecto
1238 5360 1301 5416 dies
1315 5360 1443 5432 legitima
1458 5360 1636 5415 successoris
1656 5356 1783 5429 eligendi
1801 5368 1931 5424 praerer·

1099 5457 1158 5506 tere
1169 5462 1225 5505 non
1239 5450 1333 5520 potuit
1348 5463 1408 5504 eam
1423 5454 1541 5504 mortem
1551 5446 1660 5505 diebus'
1670 5459 1755 5501 ιιιιιι.
1769 5445 1883 5500 Rursus
1897 5442 1929 5497 iu

1099 5551 1132 5595 eo
1146 5535 1245 5593 libello
1260 5538 1448 5608 consignatur
1458 5535 1555 5593 obitus
1565 5533 1672 5591 Liberii
1684 5530 1931 5589 GratiauoetDa-
