3892 6136
116 228 181 287 4354
730 225 909 282 hhlsilstt
928 223 1201 284 etbttomttclen
1759 224 1830 285 ⁴352

115 361 201 411 44444
211 351 375 410 4444444444
386 352 507 425 gratiam
517 356 546 409 44
555 352 690 408 honorem
702 351 736 407 ad
747 350 904 419 Christum,
917 358 944 408 et
957 347 987 409 A
1001 349 1688 421 bendaEusebio,PhilippumimpChristiauum
1698 349 1828 421 iacienti,

115 427 148 481 ad
160 423 316 482 Ecclesiam
329 425 499 494 reportarit:
514 423 681 495 quandorel
692 436 841 479 ascensum
854 423 945 480 luisse
1000 436 1083 492 quam
1106 424 1196 480 eidem
1218 421 1270 478 lib.
1286 437 1306 492 1,
1323 423 1394 478 illst.
1414 436 1476 493 444.
1493 419 1537 491 id,
1552 421 1714 479 4444444444
1731 425 1756 478 Α
1796 438 1830 475 e-

116 495 385 566 abeocapitulium,
396 494 615 565 immolatasque
623 508 657 550 44
667 507 742 549 44444
752 494 944 561 4444444444·
997 509 1059 547 rum
1074 495 1278 550 Edessenorum
1296 506 1399 565 regem,
1415 494 1527 551 audilis
1540 493 1650 550 Christi
1666 493 1778 548 miracu
1796 493 1828 549 is.

116 564 944 637 44444444444444444ς)444444444444444444444444444444
998 563 1032 619 44
1050 564 1142 634 ipsum
1166 566 1277 621 litteras
1295 565 1419 627 dedisse,
1442 571 1470 621 44
1486 564 1635 622 Christum
1660 569 1782 620 mutuas
1796 565 1828 620 44

117 636 945 765 superstitionisouarecumcrederetOrosius,easpecta·
998 634 1828 706 eumlitterasscripsisse,quibussemissurumadipsum

116 723 182 765 cua

122 723 131 741 .
192 708 371 764 Christianis
385 707 702 778 prohibitaaPhilippo
717 708 863 763 omissain
879 709 943 764 suis
999 720 1086 762 unum
1108 721 1142 763 eu
1157 708 1297 777 apostolis
1318 708 1381 763 suis
1402 707 1551 777 pollicitus
1573 714 1618 762 est
1646 707 1829 776 missumque

117 781 204 836 44444
222 779 420 847 secularibus,
437 793 501 835 eum
516 778 714 834 Christianum
731 777 822 834 luisse
836 778 892 834 sibi
914 783 943 835 et
998 785 1096 834 narrat
1109 791 1124 833 4
1139 779 1243 834 Thomu
1260 777 1390 847 apostolo
1408 778 1561 834 Thadaeum
1584 748 1679 834 44444
1699 790 1738 833 ex
1755 776 1829 832 Lxx

117 851 186 907 alils
194 851 345 921 persuasit.
356 849 944 914 VerumhallucinaturOrosius·,namVic·
995 847 1162 918 discipulis,
1178 850 1228 920 qui
1243 849 1398 905 salvatoris
1414 850 1554 917 promissa
1572 848 1829 918 imperemusque

117 918 944 990 444444444444444444844444444444444444444444-
996 919 1071 974 enim
1085 920 1180 975 miuus
1191 921 1377 989 supposititia
1392 919 1519 990 Philippi
1531 919 1724 990 imperatoris
1736 919 1828 988 444444-

118 993 336 1062 ribustilippi
349 991 511 1047 immolatas
522 990 613 1047 luisse
624 992 869 1048 victimas:«Cum
878 1005 943 1062 pon·
998 991 1086 1045 444444
1101 991 1137 1046 44
1153 990 1276 1047 Eusebio
1291 995 1415 1061 narrata,
1432 1005 1517 1062 quam
1532 991 1599 1047 duae
1613 989 1751 1060 epistolae
1769 989 1825 1044 44·

117 1064 226 1120 4444444
244 1065 313 1135 lege,
330 1065 436 1134 lnquit,
454 1063 556 1118 hostie
571 1069 773 1130 mactarentur,
788 1065 852 1120 suis
862 1070 943 1119 utero
995 1062 1058 1187 gari
1071 1061 1106 1116 ad
1119 1063 1212 1117 lesum
1229 1068 1257 1117 et
1270 1063 1336 1117 lesu
1351 1062 1384 1117 ad
1401 1062 1441 1116 nh

117 1136 215 1204 maris,
233 1133 402 1190 laminarum
419 1134 556 1205 genitalia
568 1146 736 1204 apparuere.
750 1135 779 1190 ld
795 1136 942 1204 aruspices
1021 1132 1130 1188 elesius
1143 1145 1214 1202 papa
1231 1133 1260 1188 ln
1274 1133 1388 1188 decreto
1399 1077 1533 1189 44444444
1545 1132 1739 1216 apocryphis,
1758 1133 1828 1187 inter

115 1206 288 1262 solutionem
306 1211 481 1275 posterorum
496 1206 671 1272 portendere.
686 1205 814 1274 vitiaque
827 1204 887 1260 4444
897 1218 943 1275 po
997 1201 1088 1259 libros
1104 1205 1282 1275 apocryphos
1304 1210 1439 1260 recenset.
1462 1206 1518 1260 Nec
1536 1211 1624 1260 etnam
1649 1203 1745 1272 major
1762 1202 1828 1258 4444

116 1276 474 1346 tiorainterpretati,quod
485 1274 944 1344 frustratumtriestimansimpe·
995 1274 1160 1344 llieronymi
1175 1276 1210 1330 dc
1222 1275 1407 1331 conversione
1419 1275 1546 1345 Philippi
1563 1274 1727 1346 loquentis,
1745 1285 1826 1343 quam

117 1353 195 1404 rator
206 1348 368 1417 Philippus,
380 1356 440 1401 tum
452 1345 521 1415 quta
532 1345 604 1402 torte
616 1346 842 1416 pretorieustilii
854 1347 943 1402 simi·
996 1358 1059 1401 cum
1078 1347 1106 1400 in
1121 1344 1171 1399 444).
1187 1346 1223 1402 44
1237 1346 1340 1414 Script.
1357 1345 1516 1402 ecclesiast.
1531 1345 1568 1402 de
1581 1346 1693 1401 Seneca
1706 1344 1824 1400 scribit:

117 1417 170 1474 lem
189 1421 353 1486 promerito
368 1416 509 1487 ephebum
524 1425 723 1486 conspexerat,
742 1432 826 1474 usum
844 1417 942 1473 virilis
998 1416 1115 1485 «Quem
1139 1429 1194 1472 non
1216 1429 1349 1486 ponerem
1373 1418 1402 1471 in
1417 1418 1546 1488 catalogo
1569 1422 1756 1482 sanctorum,
1773 1415 1826 1470 uisi

116 1489 204 1545 scorti
215 1488 413 1545 removendum
425 1487 942 1559 44444444444444444444.4444444444
997 1501 1041 1542 me
1052 1487 1109 1543 illae
1122 1488 1251 1556 epistolae
1265 1496 1460 1555 provocarent,
1476 1501 1539 1558 444
1553 1486 1724 1560 legunture
1738 1486 1826 1556 pluri-

116 1558 944 1630 apparetiulmdissaecularibusPhilippi,suemimpuris·
999 1559 1063 1626 mis,
1091 1559 1168 1614 Pauli
1194 1558 1229 1614 ad
1252 1558 1395 1623 Senecam,
1416 1565 1443 1614 44
1466 1559 1579 1615 Senecae
1601 1559 1639 1614 ad
1666 1557 1826 1614 Paulum.»

117 1628 942 1700 simumanimatmactatumluisseeremplusereriimpe
998 1630 1111 1685 Priores
1131 1630 1301 1695 Christiani,
1326 1629 1424 1700 inquit
1442 1635 1598 1685 annotator
1611 1629 1749 1697 baronii,
1765 1628 1827 1683 ddel

118 1704 233 1771 raloris,
247 1701 297 1772 qui
316 1701 420 1757 insuis
430 1700 618 1756 saecularibus
629 1702 943 1771 Ludisporcumimmo
958 1710 983 1771 Β
998 1706 1102 1755 nostre
1125 1700 1321 1767 promovendae
1342 1702 1394 1756 toti
1417 1701 1537 1766 addicti,
1555 1707 1584 1755 44
1599 1713 1720 1756 summo
1741 1700 1826 1754 animi

116 1771 199 1841 larat,
209 1771 944 1841 utejusnummiscorrstat.SimiliascribitEusebius
996 1771 1120 1826 candore
1134 1771 1257 1839 prediti,
1271 1785 1332 1826 sese
1345 1784 1418 1840 saepe
1433 1771 1521 1826 nimis
1535 1769 1641 1827 faciles
1658 1772 1689 1825 in
1704 1771 1754 1836 iis,
1770 1783 1827 1839 que

117 1843 305 1910 inchronico,
314 1842 363 1899 uhi
372 1841 468 1898 habet:
479 1862 491 1894 4
502 1842 943 1924 RegnantibusPhilippismille·
997 1842 1133 1913 religioni
1145 1840 1283 1911 44444444,
1295 1841 1693 1912 prebuerunt,utinnumera
1702 1840 1826 1911 exemplu

117 1915 209 1970 simus
223 1926 318 1970 annus
338 1915 470 1970 Romana
488 1913 570 1969 urhrs
584 1915 715 1983 expletus
735 1915 941 1984 essebonum
996 1912 1202 1968 demonstrant.

117 1985 326 2042 solemnitatem
344 1983 571 2041 innumerabiles
587 1985 685 2040 hestiae
702 1986 730 2040 in
746 1986 825 2041 circo
841 1998 942 2056 magno
1030 1984 1091 2038 Non
1109 1997 1151 2038 mc
1166 1982 1239 2054 iugit
1254 1983 1418 2053 responderi
1436 1995 1517 2050 posse
1533 1982 1708 2053 Philippum
1725 1981 1825 2038 lectum

118 2055 426 2126 interiectae,Ludique
442 2056 470 2111 in
485 2055 696 2125 carupoblartio
709 2056 872 2124 theatrales,
884 2057 943 2111 tri·
995 2067 1058 2110 esse
1076 2054 1273 2110 Christianum
1297 2061 1359 2123 post
1378 2052 1523 2110 exhibitos
1548 2055 1647 2110 Ludos
1665 2053 1824 2110 seculares.

117 2127 171 2184 bus
189 2128 292 2183 diebus
311 2141 343 2183 44
364 2126 506 2194 noctibus,
531 2126 636 2196 populo
657 2128 844 2199 pervigilante
865 2127 942 2183 cele-
995 2126 1048 2180 Sed
1061 2126 1088 2182 44
1103 2133 1242 2197 repugnat
1255 2125 1376 2181 Eusebio
1392 2124 1505 2181 laudato
1523 2126 1554 2180 in
1570 2127 1705 2180 4444444444
1720 2138 1826 2194 44444·

117 2198 201 2254 44444.
217 2197 397 2267 »Quibusen
409 2197 942 2268 nerbisetiamdeduciturPhilippum
998 2201 1081 2251 uente
1096 2209 1159 2251 eum
1180 2196 1340 2252 Antiochia
1357 2199 1419 2265 ipso
1441 2197 1557 2265 imperii
1574 2196 1668 2252 initio
1685 2198 1825 2265 44444444-

118 2269 149 2325 44
168 2268 339 2338 capltolium
359 2269 523 2324 ascendisse
536 2286 543 2338 3
558 2269 637 2338 quia,
655 2274 686 2324 ut
705 2269 795 2325 444444
813 2271 943 2325 Zosimus
996 2267 1067 2323 tiam
1082 2268 1184 2338 egisse,
1199 2267 1248 2322 ubi
1265 2267 1386 2324 lluetius
1398 2266 1529 2322 observat
1546 2274 1648 2336 postea
1663 2267 1823 2337 Philippum

116 2338 158 2396 lib
173 2353 203 2408 44,
219 2352 374 2395 conscensu
389 2340 542 2407 Capitolio,
556 2345 585 2394 et
598 2341 745 2396 consuetis
761 2339 867 2396 ibidem
886 2341 942 2394 lm·
996 2350 1103 2393 essese
1119 2351 1259 2406 nusquam
1275 2338 1432 2393 contulisse
1445 2355 1453 2408 ς
1464 2343 1492 2392 44
1506 2339 1582 2393 actis
1594 2338 1624 2394 S.
1642 2339 1753 2406 Pontii,
1789 2352 1825 2392 ue

119 2410 234 2466 molatis
246 2411 361 2480 hostiis,
375 2409 410 2465 ad
424 2417 621 2466 constructum
638 2410 703 2466 inde
717 2412 859 2467 theatrum
874 2424 943 2481 pro·
997 2421 1061 2464 eum
1080 2421 1246 2464 conversum
1264 2408 1376 2475 dicunt,
1391 2423 1451 2462 cum
1470 2408 1525 2463 diis
1539 2411 1599 2464 seis
1614 2411 1766 2478 4444444444

119 2494 235 2553 gressus
251 2481 346 2548 44444,
367 2487 394 2536 44
408 2481 554 2606 appollini
570 2495 604 2536 ac
617 2482 715 2537 Dianae
730 2483 802 2538 Ludi
816 2481 943 2538 dedicati
996 2495 1106 2549 perpere
1117 2479 1199 2535 vellet
1209 2480 1244 2535 ad
1254 2479 1474 2536 celebrationem
1486 2479 1723 2535 millesimiauni
1733 2480 1823 2549 Urbis,

116 2552 285 2621 edebantur,
309 2556 341 2608 ut
362 2558 442 2608 osten
466 2553 488 2608 44
508 2551 673 2608 blondellus
695 2552 724 2607 in
746 2552 822 2608 libro
843 2557 942 2609 contra
997 2557 1024 2606 ct
1042 2551 1155 2606 tandem
1172 2551 1258 2606 Paulo
1274 2551 1386 2619 orosio,
1402 2551 1487 2619 cujus
1502 2550 1589 2606 verba
1604 2564 1674 2606 mox
1690 2551 1823 2607 recitari·

119 2623 274 2692 primatum
290 2622 433 2677 Ecclesia.
446 2620 569 2677 Tandem
580 2623 678 2678 omnia
690 2623 863 2692 spectacula,
880 2636 943 2695 quae
998 2635 1070 2677 mus.
1082 2621 1152 2676 Cum
1162 2634 1229 2692 ergo
1242 2621 1300 2676 hec
1310 2623 1410 2691 opinio
1422 2621 1535 2677 nullius
1547 2623 1685 2678 auctoris
1695 2622 1824 2678 testimo·

117 2693 295 2748 Christianis
320 2693 474 2748 interdicta
495 2699 587 2753 erant.
613 2692 787 2749 44444444
810 2694 942 2763 Philippo
998 2692 1178 2760 nlonitatur,
1189 2691 1381 2748 aliisduobus
1392 2692 1538 2760 prioribus
1548 2692 1712 2749 absurdior
1722 2694 1823 2749 ridere·

115 2763 205 2820 editis
218 2768 416 2832 repraesentata
428 2761 528 2831 luisse,
542 2762 651 2818 indicat
664 2764 749 2817 etiam
761 2764 943 2833 Capitolinus
998 2767 1054 2818 444.
1066 2763 1224 2832 Utrumque
1236 2763 1333 2832 itaque
1345 2763 1509 2832 Philippum
1520 2776 1537 2818 a
1549 2764 1681 2819 Fabiano
1693 2777 1776 2834 papa,
1788 2762 1823 2817 rel

117 2835 148 2891 44
162 2832 309 2890 Gordiano
328 2833 443 2888 iuniori
466 2847 528 2903 cap.
544 2831 597 2889 33:
618 2834 772 2890 :Fuerunt
791 2834 845 2890 suh
866 2838 943 2891 tior-
996 2835 1126 2904 aquosis
1137 2833 1194 2890 alio
1205 2832 1389 2904 baptizatum,
1403 2847 1507 2904 purum
1517 2832 1692 2905 ligmeutum
1702 2847 1822 2891 essenon

115 2905 215 2974 diano,
230 2905 336 3031 443444,
350 2905 444 2960 lionae
456 2903 600 2973 elephanti
615 2905 734 2974 triginta
745 2911 773 2960 44
784 2906 853 2970 444,
868 2920 942 2976 quo·
996 2904 1110 2960 dubito.

117 2981 254 3046 rumipso
287 2974 416 3031 uodecim
432 2975 942 3043 miseratrlleuanderdecem:alces
1032 2974 1822 3046 Deciusimperator,occisisduobusPhilippis,lnim-

115 3048 235 3103 decem:
256 3049 345 3118 tigres
368 3045 475 3113 decem,
499 3052 564 3113 444,
586 3060 649 3117 quae
671 3047 767 3103 omnia
789 3048 980 3145 PhilippusC
997 3047 1076 3116 perio
1089 3046 1491 3117 conlirmatus,grarissimam
1500 3047 1822 3116 persecutionem,circa

116 3118 202 3174 Ludis
217 3116 408 3174 secularibus
423 3117 464 3172 rel
479 3117 570 3182 44444,
587 3117 629 3172 444
645 3117 762 3173 4444444.
777 3136 791 3168 r
997 3118 1080 3173 linem
1095 3117 1163 3172 anni
1175 3117 1365 3173 ducentesimi
1379 3118 1594 3188 quadragesimi
1612 3120 1696 3188 noni,
1712 3118 1821 3173 molitus

150 3191 211 3244 Non
222 3202 256 3244 44
269 3188 464 3259 scriptoribus
477 3194 597 3257 tantum,
610 3196 671 3243 tum
681 3188 868 3257 Christianis,
880 3195 941 3244 tum
996 3193 1049 3254 444,
1061 3191 1088 3243 44
1100 3201 1157 3259 qua
1168 3190 1355 3258 passusests.
1367 3189 1508 3244 Fabianus
1520 3191 1673 3246 Romanus
1684 3188 1821 3260 portitor,

116 3260 253 3328 ethnicis,
273 3259 321 3315 sed
345 3265 373 3314 el
394 3273 428 3314 en
450 3259 522 3329 ipsis
544 3258 771 3315 numismatibus
793 3258 941 3331 habemus,
998 3274 1081 3329 44444
1093 3265 1173 3314 44444
1182 3261 1209 3313 s'.
1223 3260 1330 3331 Agatha
1347 3262 1375 3315 in
1391 3260 1502 3315 Sicilia.
1520 3260 1686 3317 4444444444
1704 3261 1820 3317 bdelium

117 3331 284 3401 Philippum
299 3331 328 3386 in
341 3330 486 3386 Ludorum
502 3330 683 3385 secularium
698 3330 889 3386 celebratione
903 3332 945 3387 ui·
998 3344 1030 3386 444
1046 3343 1077 3385 44
1092 3330 1287 3398 444444444444
1303 3331 1403 3400 444444
1419 3331 1494 3386 luxit
1509 3331 1655 3400 Ecclesia,
1673 3337 1707 3388 ut
1720 3338 1821 3386 constat

117 3401 160 3458 bil
172 3403 348 3469 immutasse,
360 3401 409 3456 sed
421 3414 608 3472 quecumque
620 3400 648 3456 44
664 3401 890 3470 praecedentibus
900 3415 943 3473 go
997 3407 1146 3457 44444444
1167 3402 1310 3470 Cypriane
1333 3403 1424 3457 uariis
1446 3403 1475 3456 in
1495 3402 1638 3471 epistolis
1652 3408 1683 3459 et
1702 3402 1778 3458 libro
1796 3401 1821 3454 de

116 3477 161 3528 sta
185 3470 309 3539 4444444,
334 3485 473 3528 servasse.
497 3471 684 3543 hugelonius,
710 3485 772 3543 pag.
795 3471 858 3540 308,
880 3474 943 3542 eius
997 3473 1105 3541 lapsis,
1119 3484 1202 3542 quem
1215 3478 1278 3541 post
1288 3473 1366 3528 Decii
1380 3473 1729 3543 interitumcomposuit.
1742 3475 1822 3541 liujus

117 3556 266 3601 nummum
288 3542 413 3613 exhibet,
438 3543 467 3598 ln
492 3543 576 3612 cujus
600 3543 706 3612 postica
730 3543 942 3614 scriptumest,
999 3544 1208 3613 persecutionis
1221 3545 1478 3599 meminitsanctus
1489 3544 1822 3613 Dionysiushiexaudri·

116 3614 251 3671 8444444444
264 3615 374 3684 Novum,
391 3619 418 3670 et
433 3620 654 3684 representatur
669 3614 804 3684 templum
819 3621 943 3685 quatuor
998 3627 1053 3669 nus
1068 3614 1230 3683 episeopus,
1247 3615 1276 3668 in
1291 3615 1413 3684 epistola
1426 3615 1460 3671 ad
1474 3614 1598 3670 Fabium
1614 3616 1820 3672 Antiochenam

117 3685 317 3742 columnarum
337 3699 401 3741 curu
418 3698 478 3752 444,
498 3685 574 3741 44444
595 3699 680 3756 quarn
718 3686 943 3757 uinquettgurae
997 3685 1071 3754 apud
1087 3683 1727 3756 Eusebiumllh.vr,cap.il.Observandum
1741 3693 1821 3742 44444

36 3806 39 3811 .
116 3757 320 3814 sacrificantes.
335 3756 534 3824 spanhemius,
550 3753 600 3811 444.
613 3753 676 3816 sai.
691 3701 780 3812 4444444
798 3758 941 3830 producit,
997 3764 1145 3825 martyres,
1161 3756 1316 3826 dequibus
1331 3757 1486 3827 Dionysius
1501 3756 1530 3811 in
1547 3758 1631 3813 dicta
1646 3758 1773 3827 epistola
1785 3756 1821 3812 lo-

118 3827 148 3882 44
164 3829 320 3898 quostiam
338 3827 470 3895 habetur,
484 3827 618 3881 Secutum
635 3828 742 3887 Novum.
758 3832 787 3882 44
798 3828 942 3883 exhiben—
997 3828 1108 3897 quitur,
1126 3840 1223 3896 passos
1235 3840 1290 3882 non
1304 3842 1366 3884 esse
1380 3829 1434 3883 suh
1445 3829 1540 3896 Decio,
1556 3831 1609 3885 sed
1624 3830 1763 3900 Philippo
1776 3830 1821 3884 iu-

117 3903 165 3954 444
177 3903 283 3966 septem
299 3897 396 3978 ligures
416 3897 618 3952 sarrriticantes.
640 3897 762 3953 Tandem
778 3899 943 3954 llediohar-
998 3905 1123 3967 perante,
1135 3910 1210 3952 anuo
1227 3912 1325 3969 nempe
1335 3897 1398 3966 448,
1415 3912 1473 3970 quo
1486 3899 1678 3956 Alexandriae
1691 3909 1756 3957 orta
1768 3912 1823 3970 444-

116 3968 171 4025 444
199 3968 228 4023 44
258 3967 442 4023 numrsmatis
472 3967 558 4038 impp.
591 3969 693 4023 recitat
724 3969 941 4038 inscriptionem
997 3969 1108 4024 4444444
1123 3982 1156 4024 en
1175 3973 1253 4025 motu
1273 3971 1416 4039 populari,
1433 3969 1533 4040 quales
1551 3973 1750 4029 motuseain
1765 3969 1822 4028 urbe

118 4038 226 4094 nummi
241 4038 367 4108 Philippi
381 4038 516 4106 senioris,
531 4052 594 4110 que
605 4040 647 4094 sic
659 4038 744 4094 hahet
756 4042 783 4094 P.
796 4042 832 4095 44.
847 4041 897 4096 Te.
913 4043 941 4095 P.
998 4039 1161 4111 4444444444
1180 4046 1269 4095 erant.
1293 4042 1410 4111 serapio
1431 4041 1540 4110 itaque,
1560 4042 1725 4112 Apollonia
1742 4043 1821 4114 virgo,

119 4106 197 4164 llll.
215 4122 289 4164 coss.
304 4110 333 4163 P.
348 4111 377 4164 P.
392 4109 420 4164 44
436 4116 490 4179 444,
502 4108 631 4165 Pontifex
644 4111 795 4176 maximus,
809 4110 944 4166 Tribuni·
997 4111 1118 4181 aliique,
1131 4112 1166 4166 de
1182 4110 1288 4182 quibus
1303 4113 1331 4168 in
1348 4114 1424 4167 dicta
1439 4111 1573 4182 epistola,
1587 4127 1646 4169 non
1662 4113 1721 4170 sub
1737 4115 1821 4175 Decio,

119 4180 166 4235 tie
183 4180 333 4248 potestatis
345 4178 389 4243 lli,
403 4180 519 4246 Consul,
536 4181 617 4235 Pater
630 4182 739 4249 patrias,
756 4181 784 4236 ln
796 4195 886 4252 eoque
896 4183 943 4237 44-
997 4181 1110 4237 444444
1124 4182 1256 4251 Philippo
1271 4190 1359 4238 morte
1369 4182 1474 4250 adecti,
1487 4182 1555 4238 licet
1570 4185 1601 4239 in
1615 4183 1822 4256 blartyrotogiis

117 4251 194 4306 sltur
205 4249 296 4321 lgura
307 4249 474 4306 sacriticans
483 4251 517 4305 ad
532 4263 609 4306 aram
622 4269 628 4304 :
641 4250 833 4306 Tribunitlam
847 4258 941 4308 autem
997 4266 1094 4309 eorum
1112 4253 1208 4322 passio
1221 4253 1275 4309 sub
1287 4254 1419 4324 Philippo
1431 4263 1459 4308 et
1471 4255 1558 4309 Decio
1572 4260 1697 4320 motam,
1711 4254 1820 4323 4444444

120 4327 286 4392 potestatem
300 4322 334 4376 lv
345 4321 403 4389 4444
421 4333 515 4375 mense
525 4321 627 4376 htartio
641 4321 708 4376 anni
723 4318 785 4390 ati,
799 4337 856 4392 quo
869 4324 941 4380 Ludi
999 4337 1049 4393 pro
1062 4324 1147 4378 unica
1160 4326 1381 4393 reputarunt.1n
1397 4324 1449 4381 hac
1459 4325 1537 4380 Decii
1550 4328 1760 4395 persecutione
1769 4324 1822 4380 044·

120 4392 272 4474 seculares
293 4390 428 4458 exhibiti,
451 4392 508 4461 jam
525 4390 639 4473 gerebat
659 4391 811 4518 Philrpgus
833 4395 940 4449 senior.
999 4408 1096 4519 genem
1113 4395 1235 4464 lapsum,
1257 4402 1356 4451 contra
1372 4396 1524 4452 baronium
1544 4402 1574 4451 et
1596 4396 1746 4454 valesium
1763 4408 1821 4466 pro-

120 4464 207 4520 Plura
219 4463 275 4519 alra
292 4466 448 4532 supersunt
461 4469 644 4527 numismata,
660 4474 690 4516 44
704 4477 753 4533 qur
779 4478 812 4518 us
824 4464 943 4535 gentili·
958 4473 985 4535 Ι)
1018 4472 1068 4520 444
1080 4466 1209 4521 Petavius
1221 4466 1250 4520 iu
1263 4467 1571 4523 animadversionibus
1583 4468 1620 4523 ad
1632 4468 1819 4539 Epiphanium

120 4532 943 4616 tiaesuperstitionisahutroquePhilippoprolessaecerta
999 4536 1124 4604 4441444,
1147 4542 1233 4606 atque
1248 4539 1369 4594 huetius
1389 4537 1441 4593 lib.
1459 4552 1466 4594 4
1482 4538 1736 4608 origenianorum
1754 4538 1817 4608 4444

120 4607 242 4678 vestigia
263 4611 387 4668 exstant,
409 4619 473 4675 444
495 4605 543 4661 444
558 4605 707 4661 brevitatis
722 4608 813 4676 gratia
830 4609 943 4675 omitto,
999 4606 1115 4678 Paglum
1132 4607 1162 4662 in
1176 4608 1279 4663 critica
1295 4609 1422 4678 baronii,
1436 4609 1470 4664 ad
1487 4622 1596 4664 annum
1612 4606 1680 4666 4454.

120 4691 185 4734 cum
206 4691 241 4732 ex
256 4676 302 4731 his
322 4676 537 4733 structoribus
558 4676 691 4742 laudatis,
715 4677 791 4733 clare
811 4686 946 4748 appareat
1037 4699 1050 4728 4
1067 4678 1267 4735 hduotatahic
1278 4678 1313 4734 ab
1327 4688 1447 4750 utroque
1457 4681 1543 4751 Pagiu
1552 4681 1766 4748 adver-susem,
1776 4676 1817 4748 qui

119 4761 169 4804 eos
182 4749 368 4817 imperatores
383 4748 506 4874 gentiles
517 4746 615 4814 luisse,
631 4751 659 4803 44
671 4756 879 4819 consequenter
889 4756 946 4805 lam
999 4763 1065 4804 cum
1078 4750 1201 4805 Eusebio
1215 4751 1374 4806 admittunt
1388 4751 1562 4820 baptismum
1580 4753 1743 4822 utriusque
1757 4750 1817 4805 Phi-

119 4817 264 4890 Oroslum,
275 4831 383 4890 quama
399 4819 625 4875 ioscoutrarium
636 4818 804 4889 scribentes,
813 4821 946 4892 deceptos
1001 4821 1085 4889 lippi,
1098 4835 1164 4877 num
1177 4822 1329 4876 contrariae
1344 4822 1474 4892 opinioni
1485 4822 1544 4877 sint
1556 4814 1748 4893 4444444444.
1758 4821 1819 4876 alio

119 4903 191 4948 esse.
1001 4906 1064 4946 rum
1080 4892 1304 4960 estoiudicrum.
1321 4894 1359 4948 Ea
1373 4900 1480 4948 tantuna
1496 4894 1631 4949 decausa
1647 4892 1818 4950 444444444-

155 4964 363 5031 Nequecontra
375 4964 500 5016 nostram
512 4960 676 5031 opinionem
692 4958 771 5031 44444,
786 4963 861 5034 quod
875 4978 946 5034 pro-
1001 4967 1056 5029 tur,
1074 4969 1105 5018 44
1118 4964 1295 5032 4444444444,
1311 4964 1461 5019 silentium
1472 4964 1699 5020 bibliothecarii
1711 4966 1816 5020 deson·

119 5032 165 5090 dit
180 5033 255 5089 idem
270 5029 414 5087 Eusebius
430 5031 482 5087 lib.
499 5043 539 5095 44,
555 5045 617 5102 cap.
633 5029 677 5098 36,
695 5031 745 5088 444
760 5033 795 5089 44
812 5033 896 5091 444444
908 5035 944 5091 44
998 5035 1128 5089 versione
1149 5034 1312 5090 eorumdem
1326 5037 1520 5106 Augustorum
1534 5036 1570 5090 ad
1593 5035 1746 5092 Christum
1768 5045 1815 5088 uon

118 5103 240 5176 Origene
252 5103 422 5172 compositis
438 5103 609 5158 mentionem
627 5101 695 5159 lacit
706 5121 712 5158 :
725 5105 819 5172 Extat,
836 5107 942 5179 inquit,
998 5105 1059 5160 siue
1073 5107 1225 5161 momentis
1239 5107 1367 5176 granium
1385 5106 1528 5162 rationum
1544 5109 1719 5178 contigisse.
1734 5107 1816 5161 Cels·

119 5175 303 5245 ejusepistolu
318 5174 355 5227 ud
372 5176 562 5244 imperatorem
577 5175 655 5227 icum
671 5175 838 5246 Philippum,
855 5182 880 5232 et
895 5180 943 5232 ol·
998 5190 1060 5232 4444
1084 5177 1134 5246 qui
1155 5190 1205 5244 pro
1227 5179 1391 5232 eorumdem
1415 5176 1558 5246 baptismo
1583 5179 1729 5240 sentiunt,
1747 5173 1813 5245 apud

118 5251 178 5302 tere
197 5245 235 5300 ud
253 5245 393 5314 4444444444
416 5245 492 5299 illius
512 5243 647 5311 Seuerum,
670 5244 778 5316 quibus
796 5261 830 5303 er
849 5249 943 5306 verbus
999 5247 1040 5303 itt.
1063 5247 1197 5303 iluetium
1220 5246 1351 5317 aliosque
1373 5255 1506 5303 auctores
1529 5261 1544 5302 a
1568 5249 1659 5320 Pagio
1684 5249 1816 5305 indicatos

118 5317 260 5373 baronius
275 5323 302 5373 et
318 5314 438 5372 iluetius
452 5315 609 5386 deducunt,
624 5314 777 5373 Eusebium
794 5318 877 5375 444444
893 5322 943 5376 in·
996 5317 1180 5374 fundamenta
1205 5318 1352 5373 inrenlent
1372 5320 1510 5388 oppositae
1526 5320 1688 5390 sententie,
1707 5327 1736 5375 et
1749 5314 1814 5388 apud

118 5386 249 5459 telligere
259 5388 398 5458 potuisse.
409 5399 445 5443 au
460 5400 523 5442 vere
536 5386 687 5458 Philippus
699 5389 942 5458 imperatorChrl·
997 5389 1040 5445 ill.
1053 5388 1236 5459 Ciampiuum
1250 5398 1326 5445 tomo
1341 5391 1420 5445 laet.
1432 5390 1600 5447 hloniment.
1616 5405 1681 5462 cap.
1699 5388 1742 5461 ii,
1757 5401 1813 5459 444

118 5458 231 5516 elianus
251 5465 335 5515 esset.
359 5461 429 5514 Nam
450 5457 593 5513 Eusebius
615 5472 671 5515 non
692 5461 795 5516 asserit
814 5474 876 5517 sese
894 5475 942 5519 eas
997 5458 1088 5516 444.)

117 5529 255 5600 444444444
266 5530 378 5601 legisse.
390 5531 445 5585 etsi
455 5541 520 5584 rere
529 5529 692 5600 Philippus,
705 5532 825 5601 ejusque
835 5534 941 5603 conjux

118 5601 232 5657 litteras
244 5599 308 5655 illas
323 5603 474 5671 acceperit,
490 5613 545 5656 uon
561 5600 627 5656 inde
641 5601 732 5672 magis
747 5604 879 5672 sequitur
892 5617 941 5662 eos
1320 5602 1487 5658 8044444444.

117 5667 302 5746 Christianos
321 5669 421 5738 luisse,
439 5685 524 5742 quarn
539 5672 716 5728 Antoninum
741 5673 939 5743 imperatorem

116 5735 272 5822 Evangelio
283 5741 449 5808 credidisse,
467 5743 542 5813 quod
558 5744 593 5799 ad
608 5756 672 5800 eum
686 5745 818 5802 lustinus
834 5757 941 5817 martyr
1032 5746 1118 5802 44444
1129 5743 1156 5801 8.
1177 5774 1214 5787 -
1228 5746 1273 5799 Ee
1286 5745 1395 5813 44444.
1412 5745 1552 5802 Novimus
1566 5745 1657 5815 44444
1676 5744 1816 5818 pontileis

115 5809 281 5881 scripserat.
300 5808 428 5880 lienique
450 5815 539 5884 444444
560 5813 630 5873 4444
650 5827 706 5874 444
720 5817 835 5875 4444444
851 5819 941 5876 4444-
996 5819 1169 5876 auctoritate
1184 5830 1233 5889 per
1245 5817 1358 5873 litteras
1372 5831 1441 5874 suas
1454 5819 1584 5874 exercita
1599 5818 1744 5877 llrmatum
1759 5828 1816 5874 esse

1462 1075 1555 1132 arum,
1573 1075 1662 1132 quam
1679 1067 1829 1130 utramque
