3892 6136
120 266 170 328 ιιι
736 232 740 237 ’
762 273 940 330 usurario
964 273 1011 330 nn
1030 272 1112 330 rou.
1133 274 1179 330 ιιι.
1769 269 1823 331 ιιι

117 393 226 462 peteret
249 390 439 447 sacerdotalis
459 393 574 449 ordinis
596 393 683 462 riros,
704 393 942 466 quemadmodum
954 384 1183 454 Adecretalihus
1197 397 1360 455 eorumdem
1375 396 1519 467 epistolis,
1535 409 1592 454 nou
1606 396 1776 470 indigentcl
1797 424 1817 444 ··

115 478 273 551 impetebat
287 478 344 536 sub
358 480 445 537 Decio
459 485 487 537 et
500 481 687 538 Diocletiano.
707 484 810 540 verum
826 483 876 540 uhi
891 483 945 538 de-
999 485 1144 542 cidatione
1170 491 1220 543 aut
1251 483 1419 555 probatione
1447 483 1506 541 ulla
1528 484 1559 540 iu
1589 483 1812 556 prolegomenis*

116 582 246 626 cumanae
268 567 354 625 illius
373 571 583 640 persecutionis
602 571 725 641 procella
745 571 899 641 deferbuit,
917 575 946 627 et
999 587 1063 630 cum
1078 589 1135 645 pre
1145 575 1279 632 manibus
1289 576 1418 632 omnium
1431 575 1491 631 sint
1502 573 1676 630 delicationes
1686 590 1820 634 cononum

118 657 193 714 Petri
209 657 306 713 navim
322 671 387 714 cum
405 658 546 715 navarcho
564 659 715 717 ahsorbere
727 662 786 732 jam
802 674 858 718 non
873 674 946 718 con·
999 668 1110 727 veteres,
1136 665 1294 734 presertim
1315 664 1423 720 Latine
1442 681 1449 718 ι
1476 676 1597 734 quarum
1619 662 1823 720 collectionum

119 746 221 817 eadit,
246 746 407 805 intestinus
431 747 569 805 haeresum
594 754 689 806 motus
707 756 735 806 et
758 751 945 807 schismatum
1000 751 1117 807 exordia
1137 751 1268 824 plerique
1288 751 1443 822 scriptores
1462 752 1556 808 aetatis
1572 756 1677 807 nostre
1696 747 1825 808 reieruut

118 835 288 908 nauigantes
302 837 462 905 concussit,
477 844 505 893 et
519 851 534 894 o
549 839 628 895 claro
646 840 799 897 deturbare
814 841 947 897 modera-
999 839 1034 895 ad
1046 840 1179 911 quintum
1192 840 1329 898 seculum
1341 841 1461 912 Christi,
1472 845 1501 897 et
1513 843 1666 912 augmenta
1675 838 1825 911 reperiunt
1928 828 1931 834 ’

117 930 207 982 torem
223 926 323 997 ipsum
336 928 476 984 connisus
489 932 542 985 est.
555 929 708 987 Tumultus
720 930 804 987 illius
814 936 945 988 auctores
1000 929 1031 984 in
1051 938 1131 986 sexto
1150 944 1200 1002 per
1216 933 1378 1000 dionysium
1398 935 1586 1004 cognomento
1604 931 1754 998 Emonam,
1772 931 1825 986 aut

115 1017 193 1086 justa
209 1015 394 1086 expulsione,
411 1021 444 1073 ut
459 1030 510 1087 par
523 1023 593 1088 erat,
609 1032 625 1075 e
638 1024 713 1076 cetu
727 1019 854 1077 tidelium
875 1034 946 1093 pro-
1000 1017 1031 1073 in
1051 1017 1191 1089 proximis
1210 1020 1343 1076 aetatibus
1356 1024 1456 1077 curata
1476 1033 1525 1092 per
1540 1019 1710 1075 cresconium
1723 1021 1753 1076 et
1765 1019 1825 1074 lsi-

114 1105 193 1174 jecti,
218 1104 432 1175 degenerarunt
457 1119 491 1162 ex
513 1107 603 1164 sociis
627 1108 743 1165 itineris
768 1110 798 1166 in
825 1110 941 1180 piratas.
999 1107 1104 1164 dorum.
1132 1108 1184 1165 Sed
1208 1113 1237 1165 et
1260 1110 1431 1166 recentiores
1456 1109 1649 1166 illustratores
1670 1107 1747 1177 juris
1771 1119 1829 1164 ca«

117 1192 322 1249 lleresiarchae
345 1198 427 1251 extra
449 1195 603 1253 Ecclesiam
625 1198 706 1267 ejecti
732 1198 853 1256 hostiles
876 1199 945 1255 ani·
999 1197 1096 1254 nonici
1111 1198 1224 1256 abunde
1243 1200 1430 1256 cumularunt
1447 1202 1573 1257 veterum
1592 1197 1774 1270 diligentiam
1791 1197 1822 1252 in

118 1295 177 1336 nos
199 1281 399 1355 manifestant,
421 1284 611 1343 intruduntur
631 1300 705 1358 saepe
719 1300 735 1343 a
750 1288 948 1359 principibus,
998 1287 1188 1357 amplissimis
1201 1289 1346 1359 operibus,
1358 1289 1418 1345 acri
1429 1288 1542 1358 judicio
1552 1287 1681 1344 subactis
1692 1286 1823 1343 etcasti-

117 1383 210 1426 secum
226 1371 259 1426 in
271 1384 399 1428 errorem
415 1374 575 1443 pertractis,
592 1376 626 1431 ad
639 1377 819 1448 occupandos
831 1378 943 1435 eosdem
998 1377 1093 1448 gatis:
1109 1379 1183 1449 quod
1200 1378 1318 1449 perinde
1329 1378 1423 1435 evenit
1438 1379 1468 1434 in
1481 1377 1653 1449 colligendis
1665 1374 1824 1433 decretali-

118 1460 248 1529 thronos,
264 1475 281 1516 a
297 1461 406 1532 quihus
421 1461 535 1520 inerant
548 1466 683 1536 depositi.
701 1467 767 1523 lude
781 1472 875 1524 autem
890 1467 945 1524 de·
999 1463 1053 1521 bus
1067 1467 1209 1538 epistolis,
1232 1481 1265 1523 ac
1281 1469 1356 1524 inter
1376 1481 1424 1524 eas
1439 1464 1622 1524 secernendis
1643 1464 1779 1539 genuinis
1793 1466 1822 1521 et

118 1554 216 1605 tunam
238 1555 342 1606 contra
364 1552 516 1608 Romanam
539 1553 622 1611 tidem
644 1569 676 1611 ac
692 1558 786 1613 sedem
801 1575 807 1612 ε
821 1558 896 1628 quod
913 1558 943 1613 in
998 1556 1073 1612 reris
1086 1556 1122 1612 ah
1137 1558 1309 1628 apocryphis
1320 1564 1348 1614 et
1360 1557 1557 1629 supposititiis
1568 1575 1575 1628 3
1588 1558 1629 1613 ita
1641 1560 1674 1612 ut
1686 1569 1752 1627 pars
1762 1553 1823 1610 ιιι

117 1638 448 1711 constantinopolitanis
463 1655 517 1698 non
533 1644 618 1700 semel
635 1647 776 1717 contigit:
807 1645 873 1701 ireti
889 1660 944 1718 po-
998 1651 1142 1716 gestorum
1157 1647 1366 1717 pontificalium
1384 1647 1495 1704 nullius
1509 1644 1643 1717 opusculi
1659 1644 1758 1715 indiga
1774 1643 1823 1700 vi-

117 1729 205 1784 tentia
217 1728 322 1785 saeculi
336 1729 485 1786 catholicae
498 1731 650 1803 religionis
663 1734 764 1806 dogma
779 1735 944 1791 subvertere
959 1720 986 1782 B
998 1736 1109 1791 dentur.

117 1821 141 1873 et
154 1817 319 1888 apostolica
330 1819 398 1889 iura
412 1821 570 1878 conuellere
584 1836 617 1879 ac
632 1824 771 1882 subruere
784 1825 945 1881 connitun-
1035 1823 1077 1881 ιι.
1093 1825 1172 1895 Quod
1189 1830 1283 1881 autem
1304 1825 1427 1896 pertinet
1440 1825 1474 1882 ad
1492 1830 1598 1896 partem
1613 1825 1731 1881 alteram
1747 1836 1823 1895 pon·
1859 1896 1867 1910 ὓ

118 1910 172 1963 tur.
196 1906 347 1965 intractus
370 1910 487 1966 interim
508 1911 624 1968 animus
644 1913 720 1970 Petri
745 1928 943 1971 successorum
998 1913 1083 1969 tiitcii
1096 1913 1233 1985 muneris,
1247 1918 1275 1970 et
1287 1915 1322 1970 ad
1336 1914 1446 1983 praxim
1459 1913 1553 1969 divini
1565 1913 1662 1970 cultus
1674 1913 1731 1969 rite
1746 1926 1822 1983 prae-

118 1997 312 2053 concreditam
336 1998 393 2054 sihi
418 2001 616 2057 auctoritatem
642 2007 749 2074 tuetur,
771 2010 799 2060 et
819 2002 854 2058 ad
877 2004 942 2060 iidei
999 2003 1128 2059 scandam
1144 2017 1194 2073 per
1209 2002 1393 2059 fundationes
1407 2014 1553 2058 sacrorum
1570 2003 1697 2058 locorum
1713 2015 1745 2058 ac
1760 2015 1823 2058 cre-

119 2086 310 2143 constantiam
330 2088 518 2160 retinendam,
539 2093 567 2146 et
586 2092 708 2148 unitatis
727 2106 759 2149 ac
780 2094 944 2165 disciplinae
999 2098 1258 2163 tuum,eorumque
1272 2090 1695 2162 dotationesacdedicationes,
1712 2104 1821 2147 necnon

118 2174 245 2231 ordinem
260 2176 433 2233 serrandum
445 2178 519 2235 alios
533 2180 797 2250 episcoposiirmat.
810 2185 842 2238 ln
852 2185 943 2241 variis
999 2195 1048 2251 per
1076 2181 1275 2237 institutiones
1300 2184 1329 2236 et
1351 2179 1549 2236 ordinationes
1576 2179 1767 2250 sacerdotum,
1795 2185 1824 2237 et

118 2266 229 2321 etatum
246 2265 367 2322 vicibus
387 2267 508 2339 equalis
521 2281 556 2325 ιι
574 2269 632 2325 sibi
648 2275 784 2327 constans
797 2273 944 2330 Romano-
998 2271 1100 2327 seriem
1117 2269 1273 2326 ministerii
1289 2271 1421 2325 decenter
1432 2268 1468 2323 ah
1482 2269 1520 2325 iis
1535 2267 1671 2339 obeundi,
1685 2267 1745 2324 ιιι
1757 2282 1824 2325 om-

119 2368 176 2411 mm
191 2354 353 2424 praesulum
366 2356 449 2428 vigor
464 2358 632 2426 promissam
646 2359 703 2414 sibi
723 2359 866 2417 divinitus
885 2363 942 2419 rim
996 2358 1482 2418 niautiliteradmittuntdelectum
1494 2356 1699 2429 opusculorum
1710 2357 1824 2430 aliquot

119 2441 293 2514 manifestat,
309 2449 338 2500 et
352 2447 439 2516 petrae
455 2444 536 2503 illius
551 2448 726 2519 firmitatem,
742 2454 942 2522 contraquam
999 2450 1046 2506 his
1068 2447 1277 2520 prolegomenis
1299 2448 1517 2503 inserendorum
1536 2446 1571 2503 ad
1598 2446 1822 2504 illustrationem

118 2536 201 2602 porte
211 2530 304 2589 interi
318 2545 374 2589 non
386 2534 588 2604 prevalebunt.
603 2537 773 2607 hujusmodi
785 2543 879 2596 autem
892 2553 943 2597 so·
997 2543 1048 2595 aut
1057 2537 1316 2608 comprobationem
1328 2535 1458 2593 historia
1470 2535 1719 2608 invitisdigestae.
1731 2535 1824 2594 hnnir

117 2620 241 2678 iiditatis
256 2622 380 2693 equalis
395 2623 425 2679 in
436 2627 514 2680 tanta
526 2626 663 2683 uarietate
676 2626 880 2686 discriminum
895 2643 944 2700 per
997 2629 1074 2684 enim
1096 2625 1184 2683 terme
1206 2626 1343 2682 tercentis
1356 2626 1393 2682 ab
1411 2629 1494 2682 aetate
1513 2625 1694 2682 Constantini
1715 2630 1743 2682 et
1756 2626 1824 2698 Syl-

117 2711 168 2766 tria
179 2709 232 2767 illa
247 2710 383 2768 saeculaa
396 2718 499 2781 quarto
510 2713 545 2770 ad
558 2718 669 2771 sextum
685 2730 748 2773 aere
759 2717 942 2790 Christiane,
997 2716 1084 2773 vestri
1097 2717 1131 2772 ad
1144 2719 1276 2788 llagnum
1289 2715 1459 2788 Gregorium
1470 2715 1542 2770 etad
1555 2714 1710 2785 imperium
1722 2714 1823 2772 Phocae

118 2813 176 2872 que
201 2801 367 2857 Romanam
390 2802 543 2873 imperium
565 2805 669 2861 misero
688 2806 885 2865 dilaceraruat
910 2822 944 2866 ιι
999 2805 1382 2877 proximenumeratis,quae
1393 2803 1824 2876 materiescsthujustomi,oc·

117 2892 290 2961 everterunt,
305 2889 579 2961 percelleretminus
593 2895 945 2955 evidenterleotorisani-
998 2901 1119 2951 currunt
1135 2894 1284 2964 praecipuae
1297 2892 1490 2961 fundationes,
1504 2905 1536 2948 ac
1546 2893 1708 2950 dotationes
1722 2891 1824 2949 Eccle-

118 2990 203 3046 num,
219 2977 249 3033 si
263 2977 456 3050 membratim,
467 2983 500 3036 ut
510 2980 550 3037 ιιι
561 2981 666 3053 dicam,
681 2983 806 3041 dissecta
821 2986 851 3041 in
863 2989 943 3043 textu
997 2984 1118 3053 siarum,
1128 2997 1216 3040 sacrae
1224 2981 1414 3053 supellectilis
1422 2981 1643 3054 generaaedibus
1650 2981 1824 3039 Deodicatis

117 3079 146 3124 ac
159 3068 190 3124 in
203 3067 288 3124 notis
301 3067 482 3126 solummodo
494 3083 544 3141 per
558 3077 652 3142 partes
666 3073 858 3132 exhiberetur.
875 3076 944 3133 Col·
958 3062 982 3124 C
998 3071 1090 3141 illata,
1102 3077 1188 3144 atque
1200 3073 1392 3128 instrumenta
1406 3071 1517 3143 reliqua
1527 3070 1621 3127 divini
1632 3070 1739 3142 cultus,
1751 3070 1827 3127 anti·

118 3155 229 3230 ligenda
253 3162 317 3214 erat
334 3158 504 3216 continuata
528 3162 649 3232 quadam
677 3163 871 3222 delineatione
891 3181 944 3224 re-
998 3162 1065 3235 quis
1080 3161 1247 3218 nominihus
1259 3161 1306 3217 hic
1318 3160 1444 3218 indicata
1459 3175 1509 3231 per
1520 3159 1758 3217 bibliothecarios
1771 3173 1822 3231 pro

118 3244 210 3303 lutiin
223 3259 434 3319 unumcorpus
448 3249 759 3322 historiae:quodcum
775 3255 943 3323 praestiterit
998 3256 1123 3323 tempore
1145 3270 1151 3304 :
1178 3265 1241 3322 quae
1267 3250 1404 3307 uocabula
1434 3263 1526 3322 neque
1552 3256 1619 3306 ante
1646 3249 1823 3305 admiserant

118 3335 156 3391 iil.
181 3349 217 3392 ιι
242 3349 304 3391 rer.
328 3338 362 3392 D.
386 3338 622 3410 archiepiscopus
649 3341 839 3399 caesareensis
860 3345 939 3401 ioan.
996 3343 1104 3399 Latiae
1119 3341 1225 3414 lingue
1239 3341 1405 3412 scriptores,
1423 3352 1474 3395 nec
1489 3339 1595 3408 posteri
1611 3338 1645 3395 ad
1663 3337 1735 3393 hanc
1749 3340 1822 3392 eta-

116 3423 255 3482 Ciaudius
276 3426 419 3483 Sommier
434 3426 464 3482 in
480 3428 646 3498 pretatione
660 3430 694 3486 ad
711 3435 819 3487 tomum
835 3446 942 3490 secun·
995 3435 1053 3488 tem
1065 3431 1257 3488 retinuerunt.
1272 3432 1340 3486 Erat
1353 3429 1444 3501 igitur
1456 3427 1629 3484 illustranda
1642 3426 1701 3480 haec
1714 3424 1822 3481 ohscu-

117 3515 254 3572 dunrsuae
265 3514 402 3572 Historiae
413 3517 618 3588 dogmaticas.
629 3519 720 3590 Sedis,
732 3522 897 3579 curarimus
911 3523 940 3578 in
997 3521 1069 3577 ritas
1086 3533 1138 3591 ope
1161 3517 1381 3575 nomenclatoris
1396 3515 1516 3584 eruditi,
1533 3514 1583 3584 qui
1604 3512 1693 3568 iucem
1713 3526 1823 3584 oppor-

118 3604 458 3677 prolegomenishujusoe
468 3607 537 3662 tonui
548 3607 717 3678 primumex
727 3611 878 3680 opusculis
893 3611 939 3667 edi
997 3612 1066 3664 tune
1087 3606 1241 3677 praeterret.
1264 3603 1433 3661 Praetulerat
1447 3615 1513 3658 vero
1534 3600 1671 3672 prouidus
1690 3600 1821 3658 historiae

117 3705 190 3750 unm.
202 3692 231 3749 ι.
249 3693 326 3750 illud
336 3693 491 3751 exGallico
503 3695 638 3753 idiomate
653 3698 684 3754 in
697 3699 830 3756 Latinium
844 3703 942 3756 trans-
997 3700 1143 3766 reparator
1152 3694 1319 3762 Panvinius,
1329 3688 1578 3760 dumopusculum
1587 3689 1721 3747 conderet
1730 3694 1821 3747 trans-

116 3782 182 3838 tulit
199 3783 236 3839 v.
258 3781 291 3838 C.
311 3783 344 3838 b.
362 3783 515 3854 caietanus
532 3784 632 3856 cenni,
652 3786 688 3842 ab
709 3787 874 3858 hujusmodi
895 3789 942 3844 la-
998 3787 1118 3852 missum
1132 3783 1286 3840 Laurentio
1297 3781 1388 3852 Celso,
1404 3780 1572 3851 editumque
1584 3779 1661 3850 typis
1672 3793 1737 3836 cum
1753 3779 1823 3836 Pla-

117 3869 181 3928 bcre
194 3884 243 3929 me
258 3870 399 3944 relevans,
414 3876 569 3945 ceteroqui
585 3881 754 3946 occupatum
771 3876 799 3933 in
816 3876 894 3934 notis
908 3891 942 3933 ex
997 3875 1059 3931 tina
1077 3874 1113 3930 de
1131 3873 1207 3929 vitis
1226 3871 1393 3944 pontificum
1412 3869 1538 3927 colonie
1558 3870 1633 3940 apud
1654 3867 1821 3927 Scholinum

116 3961 242 4030 ejmdem
253 3960 390 4033 praesulis
401 3962 478 4019 libro
488 3963 590 4020 Latine
600 3965 762 4037 reddendis,
774 3972 802 4023 et
814 3967 843 4023 in
854 3967 943 4024 chro-
998 3977 1073 4020 anno
1100 3960 1179 4034 ibit,
1205 3962 1253 4018 cui
1276 3961 1382 4017 titulus
1408 3959 1541 4029 praeiixus
1565 3960 1609 4014 est
1630 3959 1823 4028 interpretatio

116 4049 231 4123 nologia
243 4050 452 4124 continuanda,
465 4067 528 4123 quae
540 4056 715 4124 postremum
726 4056 820 4113 locum
833 4056 944 4128 inpro-
998 4070 1092 4110 uocum
1120 4054 1364 4107 ecclesiasticorum
1395 4064 1456 4119 que
1483 4048 1601 4104 obscure
1627 4047 1670 4102 uel
1698 4047 1824 4102 harbure

116 4137 276 4212 legomeuis
290 4143 375 4197 tenet.
997 4145 1135 4200 uidemur.
1150 4142 1285 4199 Animum
1299 4140 1477 4206 induxeram,
1495 4140 1528 4194 ut
1542 4136 1595 4194 hoo
1609 4137 1704 4208 ipsum
1716 4138 1824 4192 Panot-

149 4227 195 4287 iti.
216 4229 349 4289 Primum
371 4231 463 4304 igitur
481 4232 653 4303 opusculum
675 4234 747 4290 illud
770 4236 894 4306 pertinet
907 4237 942 4293 ad
998 4236 1040 4290 nii
1065 4231 1236 4305 opusculum
1252 4231 1301 4286 hic
1315 4229 1479 4286 recuderem
1490 4232 1625 4299 tanquam
1637 4225 1742 4313 iontem
1757 4228 1824 4300 pri-

117 4318 338 4377 dilucidandum
355 4327 537 4392 conspectum
550 4322 693 4380 Historiae.
706 4324 811 4381 Caetera
828 4326 857 4380 in
873 4338 943 4396 pro-
999 4338 1076 4380 mum
1091 4322 1332 4382 hieroleoioorum,
1349 4324 1377 4375 et
1391 4323 1584 4388 opportunum
1604 4317 1676 4373 satis
1689 4318 1724 4373 ad
1740 4330 1824 4375 voces

118 4409 278 4483 lcgomenis
296 4410 415 4467 collecta
437 4410 602 4468 reieruntur
624 4413 658 4468 ad
681 4416 940 4485 comprobationem
955 4399 983 4460 D
998 4410 1145 4467 Anastasii
1159 4404 1356 4479 elucidandas,
1377 4407 1510 4477 illudque
1530 4418 1585 4461 non
1602 4405 1691 4461 nimis
1705 4405 1822 4464 obvium

117 4506 262 4572 gestorum
278 4514 344 4572 quae
360 4501 390 4556 in
404 4501 501 4556 eadem
522 4502 649 4558 historia
664 4516 715 4558 seu
734 4504 808 4559 Vitis
823 4504 943 4575 pontid·
998 4515 1055 4570 prae
1064 4501 1182 4557 raritate
1192 4499 1396 4569 exemplorum.
1410 4498 1586 4553 Verumcum
1593 4495 1823 4566 lamprodierint

115 4603 181 4647 cum
195 4594 402 4647 memorantur.
413 4590 498 4648 Gesta
508 4605 574 4647 uero
585 4592 728 4663 praecipua
739 4593 942 4650 versanturrel
998 4592 1028 4648 in
1045 4592 1136 4648 lucem
1147 4592 1244 4653 traice,
1259 4589 1351 4645 multo
1361 4588 1507 4658 ampliora,
1518 4589 1547 4642 et
1558 4585 1653 4642 omnis
1665 4585 1717 4642 ιιι
1727 4584 1824 4642 erudi·

117 4679 147 4735 in
158 4679 326 4736 statuendis
339 4680 449 4752 regulis
463 4681 528 4737 ildei
543 4694 576 4736 ao
592 4695 713 4747 morum,
727 4682 770 4737 vel
787 4683 816 4738 in
831 4683 944 4754 legibus
999 4683 1077 4739 tione
1089 4681 1202 4751 referta,
1215 4681 1301 4736 Macri
1312 4678 1468 4751 presertim
1479 4682 1508 4733 et
1518 4676 1625 4744 Conqii,
1636 4689 1699 4747 quar
1711 4675 1825 4732 iteratis

116 4768 307 4826 decernendis
326 4769 362 4825 de
386 4768 446 4825 'ritu
467 4770 560 4826 divini
586 4771 684 4827 cuitus
706 4778 839 4827 accurate
860 4786 945 4828 exer·
1000 4771 1305 4840 impressionibusjam
1318 4766 1538 4825 nondifficulter
1551 4768 1698 4835 parantur,
1713 4767 1824 4832 tenpe-

116 4858 944 4930 cendo,etcansis,etjndioiispertinentibusadeumdem
1001 4852 1824 4927 raviaPanriniiopuscuio,aliisquesimilihusinterpro

116 4947 246 5004 cultum:
260 4960 319 5018 quc
330 4948 360 5003 in
374 4961 462 5004 censu
472 4949 592 5006 veniunt
603 4949 767 5021 electiones,
781 4950 946 5007 ordinatio·
1001 4951 1145 5020 legumena
1155 4945 1344 5001 recensendis.
1355 4947 1454 5001 Visum
1465 4936 1824 5010 mihiestpraeslare,utai·

117 5050 180 5107 aas,
194 5041 222 5094 et
236 5037 469 5094 consecrationes
487 5038 666 5096 sacerdotum
683 5038 823 5109 majorum
838 5052 871 5096 ac
887 5040 946 5095 mi·
1001 5039 1101 5095 ferrern
1112 5028 1824 5106 aliquotpnhlicadooumentaiiliusaeiatisdequa

117 5139 232 5195 norum,
259 5139 293 5183 ιι
317 5116 529 5197 ministrorum,
554 5127 748 5197 fundationes,
773 5129 944 5197 dotationes,
1002 5130 1050 5185 hio
1065 5128 1188 5200 agimus,
1206 5126 1235 5181 in
1254 5123 1361 5195 quihus
1375 5121 1562 5178 ecclesiarum
1575 5117 1708 5176 iundatio
1722 5131 1754 5174 ac
1768 5120 1826 5175 do-

117 5215 315 5273 dedicationes
329 5229 477 5272 sacrarum
487 5217 603 5288 aedium,
621 5218 768 5290 totiusque
779 5217 872 5274 divini
888 5219 946 5273 mi·
1002 5219 1074 5275 tatio
1087 5216 1246 5272 sociaretur
1258 5227 1320 5270 cum
1335 5210 1518 5283 expressione
1534 5222 1621 5266 sacre
1636 5206 1827 5279 suppellecti-

119 5304 234 5362 uisterii
248 5318 342 5362 canon
357 5310 387 5362 et
401 5307 471 5363 ordo
485 5308 520 5363 ad
536 5320 568 5363 ea
584 5309 752 5379 peragenda.
1002 5305 1190 5377 lis,obscuris
1200 5317 1232 5359 ac
1243 5301 1374 5358 barbaris
1384 5298 1503 5356 vocibus
1513 5295 1727 5355 bibliothecarii
1738 5296 1825 5352 etiam

152 5393 189 5448 Et
202 5393 253 5450 illa
268 5395 388 5465 quidem
409 5409 472 5466 que
495 5396 639 5466 pertineat
653 5396 687 5451 ad
705 5394 818 5468 regulas
833 5395 898 5452 iidei
914 5408 946 5452 ac
1002 5396 1031 5451 in
1047 5401 1125 5450 textu
1141 5392 1307 5449 enuntiate.

121 5495 230 5538 urorum
241 5483 285 5540 rel
302 5484 333 5539 in
349 5483 487 5540 conciliis
499 5485 656 5541 constituta
672 5499 721 5555 per
732 5498 859 5542 summos
873 5497 948 5555 pon·
1040 5482 1082 5538 ιι.
1103 5481 1279 5538 Ριιιιιιιιιιι
1301 5493 1366 5537 vero
1387 5478 1443 5536 init
1463 5477 1575 5534 certeris
1594 5475 1689 5530 clrorto
1708 5473 1760 5531 illa
1776 5474 1830 5531 Ti-

123 5569 212 5627 tiiccs
224 5572 347 5630 indictis
361 5577 392 5629 et
405 5574 582 5645 approbatis,
596 5574 639 5630 vel
654 5580 733 5630 extra
747 5574 902 5632 concilium
917 5575 946 5632 in
1005 5574 1116 5631 huntini
1133 5571 1244 5628 archivi
1260 5570 1429 5625 Corneliano
1448 5565 1590 5638 appellata
1604 5576 1621 5620 ι
1635 5563 1829 5639 scriptoribus
