3892 6136
120 279 189 339 43ιὸ

733 269 913 328 anastasii
932 266 1203 326 utuitotflucntttt

1756 262 1827 322 4376

119 404 345 462 vetustissimum
385 402 458 459 illud
490 398 660 470 opusculum
689 399 830 467 scriptum
860 393 1103 454 aetateAnatiani
1130 398 1223 463 partes
1239 392 1434 462 declinatum3
1460 404 1525 446 cum
1551 389 1707 460 prioribus
1733 396 1829 445 autem

118 477 243 542 Damasi,
260 480 314 530 eta
336 473 419 529 nobis
433 473 542 528 editum
558 485 590 527 ex
609 470 747 525 Ducberio
770 470 845 523 inter
870 468 942 522 Pro-

119 547 275 618 legomena,
300 549 347 601 cul
379 544 483 601 titulus
497 549 541 599 est
566 543 700 610 Depositis
722 545 884 607 martyrum.
910 539 940 591 ln

118 631 176 688 quo
203 616 362 673 Bucherius
382 615 529 671 adnotavit
555 613 678 683 margini
704 624 766 668 esse
790 610 940 692 legendum

117 688 299 755 oiaSotaric,
332 693 364 743 ιι
389 687 418 741 ιι
447 683 622 741 corbeiensi.
651 682 702 737 Via
726 683 801 738 enim
830 681 939 736 Salaria

22 769 24 774 ’
120 759 244 829 depositi
268 760 390 828 primum
413 764 480 812 sunt
501 760 638 824 martyres
660 753 715 820 illi,
739 752 843 809 deinde
866 764 941 807 non-

121 829 195 885 nulli
236 842 335 886 eornm
373 827 505 883 translati
535 840 550 880 a
585 826 616 879 D.
650 824 783 880 Marcello
811 835 881 892 papa
910 821 939 875 in

120 901 258 970 predium
287 901 401 955 Lucina
424 899 469 953 via
492 897 630 952 Ostiensi.
657 895 739 964 (Vide
767 895 851 951 Notas
874 893 940 946 Pio-

118 974 240 1037 rentinii,
265 967 334 1041 paq.
353 967 427 1039 tto.)
451 968 584 1038 Plerique
605 972 696 1022 umen
722 979 755 1021 ex
779 963 940 1020 eoemeterio

119 1040 260 1097 Priscilla
274 1042 367 1097 serius
379 1041 499 1097 extracti
516 1052 565 1108 per
572 1038 701 1109 Sergium
715 1039 747 1103 M,
761 1037 939 1107 dignoscun-

119 1119 167 1168 tur
181 1114 209 1167 in
221 1113 338 1168 titulum
354 1111 468 1182 equirii.
483 1116 594 1166 vetusto
610 1108 704 1177 lapide
716 1107 743 1162 id
754 1112 884 1172 testante,
899 1106 939 1159 ibl

118 1184 283 1252 superstite,
314 1184 343 1237 in
368 1196 424 1252 quo
447 1180 583 1252 leguntur
611 1182 727 1235 nomina
759 1178 941 1232 crescentiani

117 1257 256 1321 martyris,
271 1255 410 1320 Memmia,
426 1254 555 1317 tatiana,
572 1253 707 1318 uirginum
729 1255 755 1303 ct
775 1254 939 1315 martyrum,

118 1325 237 1393 cyriaca
256 1325 356 1392 vidua,
374 1329 402 1378 et
423 1324 452 1378 in
468 1322 523 1377 tine
537 1321 710 1393 Epigrapbis
732 1319 859 1374 dicitur:
877 1321 940 1372 Maec

116 1401 271 1450 tunctorum
294 1409 407 1463 corporo
430 1394 567 1447 translato
585 1397 649 1446 sunt
673 1392 705 1446 de
724 1392 854 1445 cimiterio
874 1390 940 1443 Pri-

116 1467 254 1521 :cillenia
275 1464 395 1520 Solaria.
410 1464 532 1519 Viduam
555 1477 622 1518 vero
637 1462 715 1517 illam
730 1461 875 1530 Cyriacam
889 1472 940 1514 seu

116 1536 137 1592 c
157 1537 289 1592 riacetem
301 1536 336 1591 ad
350 1535 420 1590 banc
432 1539 541 1590 atatem
556 1532 681 1589 Cornelii
695 1533 837 1602 pertinere
849 1536 940 1586 osten·

116 1551 162 1662 ιῖι
175 1607 311 1676 predium
322 1606 448 1675 eiusdem
458 1607 593 1673 incampo
602 1606 752 1660 Veranoad
762 1602 939 1684 sepulturam

118 1682 273 1760 martyrum
311 1676 437 1732 oblatum
475 1675 608 1732 Ecclesia
640 1674 694 1730 sub
732 1674 879 1744 xyston,
910 1685 938 1726 tn

999 464 1145 520 mensibus
1166 471 1231 519 ante
1252 464 1357 520 Pascba
1379 464 1447 518 anni
1468 461 1531 529 ιιι,
1549 462 1688 530 expedito
1709 473 1831 517 eorum-

995 533 1058 591 dem
1076 548 1204 606 regressu
1218 536 1251 591 ad
1265 534 1428 591 Cornelium
1439 533 1510 590 etad
1521 533 1660 589 Ecclesiae
1675 533 1828 602 unitatem,

996 611 1096 661 catera
1114 608 1168 664 rite
1183 608 1340 676 procedunt
1352 605 1486 676 usquead
1502 605 1676 676 martyrium
1687 603 1825 659 Cornelii.

995 677 1076 743 Nam,
1090 685 1220 734 versante
1234 680 1320 733 Decio
1337 678 1366 731 in
1384 675 1529 732 Pannonia
1546 689 1596 746 per
1610 679 1744 730 aestatem
1759 676 1825 729 anni

994 743 1058 813 250,
1074 750 1195 805 aemulus
1209 750 1343 819 princeps
1355 744 1561 803 tullusllalens
1576 752 1681 802 contra
1695 746 1826 802 eumdem

995 817 1159 876 elevabatur
1172 821 1248 876 circa
1265 819 1364 875 Urbem
1379 837 1384 872 :
1398 819 1464 873 dum
1477 818 1643 882 Cornelius,
1661 817 1827 885 intrepidus

996 889 1045 944 Dei
1059 893 1200 958 sacerdos,
1216 892 1245 945 in
1256 890 1391 946 catbedra
1401 889 1572 944 sacerdotali
1585 891 1684 944 Romae
1700 888 1828 943 conside·

997 964 1039 1015 ret
1051 960 1159 1018 electus
1179 961 1318 1032 pontiiex,
1335 968 1362 1016 et
1378 960 1535 1016 concilium
1550 960 1759 1029 episcoporum
1775 959 1826 1013 ιι-

995 1029 1075 1087 ιιιιι
1098 1033 1133 1089 ιι
1163 1032 1399 1088 reconciliatione
1419 1031 1566 1099 lapsorum
1592 1032 1674 1087 circa
1702 1042 1823 1086 mensem

995 1100 1154 1173 Octobrem,
1171 1104 1273 1159 mitius
1285 1109 1385 1175 agente
1402 1103 1431 1158 in
1451 1102 1533 1157 ltalia
1596 1101 1765 1158 :secutione
1782 1113 1825 1170 per

995 1171 1155 1230 absentiam
1172 1175 1269 1229 Decii:
1284 1177 1417 1244 viresque
1431 1180 1460 1229 et
1476 1173 1557 1229 consi
1575 1174 1603 1228 ia
1619 1173 1753 1242 ejusdem
1775 1172 1826 1226 ad-

997 1242 1825 1316 ministrorumdistrahentibusnegotiisamuliprincipis

995 1319 1123 1378 Valentis
1137 1317 1275 1387 usquead
1289 1318 1397 1372 exitum
1418 1317 1497 1371 anui.
1516 1318 1629 1371 interea
1642 1315 1731 1370 Decio
1751 1321 1826 1381 patre

995 1407 1028 1448 ιιι
1044 1395 1072 1448 ιι
1099 1388 1159 1443 ιιιο
1175 1389 1278 1443 ιιιιιιι
1298 1386 1468 1443 consulibus
1489 1386 1699 1456 aperientibus
1720 1398 1824 1440 aunum

994 1462 1043 1520 stt
1064 1461 1092 1515 in
1115 1459 1269 1526 Pannonia,
1291 1459 1366 1514 unde
1380 1458 1414 1513 ad
1431 1457 1538 1513 bellum
1561 1457 1736 1528 Scytbicum
1760 1469 1826 1523 pro-

995 1531 1142 1605 perabant.
1157 1530 1286 1585 mittitur
1296 1529 1331 1584 ad
1346 1528 1446 1584 Urbem
1459 1528 1644 1596 Valerianus,
1659 1527 1757 1583 delata
1772 1527 1825 1595 ipsi

994 1615 1115 1662 censura
1132 1602 1187 1671 ipsi
1203 1600 1363 1669 pauloante
1374 1601 1563 1656 destinataex
1577 1600 1729 1655 sententia
1742 1610 1826 1653 sena-

995 1683 1060 1733 tus:
1078 1672 1127 1743 qui
1146 1673 1370 1742 persecutionem
1386 1671 1464 1726 Decii
1486 1684 1552 1726 curn
1574 1671 1707 1725 Maximo
1725 1667 1825 1739 prate-

117 1761 175 1819 quo
192 1763 228 1812 ts,
249 1761 314 1803 cum
330 1747 483 1802 Laurentio
504 1747 654 1816 depositus
678 1744 734 1802 luit
757 1745 784 1800 in
804 1757 939 1813 persecu·
957 1755 1039 1816 sscto
1054 1743 1139 1801 Urbis
1155 1743 1374 1798 ianristianos
1385 1743 1425 1797 ιιι
1437 1742 1589 1810 promovit,
1604 1749 1639 1797 nt
1651 1740 1828 1796 unaeadem·

994 1831 1048 1944 gae
1060 1816 1158 1872 babita
1173 1815 1213 1868 sit
1232 1813 1393 1882 persecutio
1407 1813 1499 1880 Decii,
1519 1812 1610 1882 Galli,
1630 1811 1786 1869 Volusiani
1800 1820 1826 1866 et

117 1819 196 1875 tione
209 1818 353 1874 Valeriani
365 1819 409 1889 (ut
424 1817 585 1887 paulopost
600 1817 725 1887 legemus
741 1821 804 1885 post
815 1815 936 1870 alterum

117 1888 343 1960 uumerumlsub
362 1902 417 1960 qua
436 1894 465 1944 et
490 1888 552 1958 ipsa
576 1889 713 1944 decedens
734 1886 937 1943 dormitionem

115 1961 225 2030 aceepit
239 1961 267 2016 in
292 1972 360 2031 agro
375 1961 439 2027 su'o,
455 1960 663 2028 depositionem
679 1971 744 2013 vero
759 1957 887 2012 obtinuit
908 1956 937 2010 in

116 2030 254 2086 Priscilla
267 2033 301 2087 ad
317 2033 474 2101 proximam
488 2031 565 2085 riam
582 2029 736 2089 Salariam:
755 2027 829 2082 unde
841 2041 856 2082 a
870 2027 939 2082 Ser-

136 2101 165 2158 io
180 2103 203 2156 li
214 2107 347 2157 extracta
359 2102 485 2156 e'usdem
498 2101 629 2171 reliquia
644 2101 744 2155 divisa
757 2097 936 2168 postmodum

129 2117 437 2229 ueruntintertitulum
449 2168 936 2242 equitiietbasilicams.l.aurentii

116 2249 313 2299 extramuros.
330 2245 361 2299 ln
372 2244 469 2299 eodem
492 2242 631 2312 opusculo
648 2241 826 2296 Bucberiano
842 2251 937 2294 mense

114 2314 193 2369 lulio
206 2326 292 2384 prope
305 2315 499 2370 coemeterium
512 2313 649 2368 Priscilla
663 2313 738 2383 quod
753 2311 892 2379 nominat,
907 2311 937 2364 in

116 2384 277 2441 adnarente
291 2385 453 2442 coemeterio
467 2386 655 2441 lordanorum
682 2382 832 2449 scribitur,
848 2380 935 2436 recoli

116 2456 280 2512 memoriam
290 2456 442 2524 Martialis,
458 2455 572 2525 Vitatis,
586 2461 613 2511 et
628 2454 781 2510 Alexandri
796 2452 935 2521 (tiliorum

115 2539 165 2582 sex
176 2526 345 2598 Felicitatis)
358 2533 385 2582 et
401 2527 430 2581 in
443 2528 560 2581 Mnaimi
577 2524 759 2597 (coemeterio)
770 2522 856 2580 recoli
874 2536 936 2577 me-

53 2608 56 2613 ·
116 2596 235 2653 moriam
251 2597 360 2652 Sileni:
376 2596 426 2653 ubi
442 2596 540 2652 abdit:
557 2597 629 2650 bunc
647 2596 773 2652 Sitonum
788 2598 937 2662 martyrem

114 2667 213 2724 Novati
226 2669 316 2734 norati
327 2672 408 2733 sunt;
424 2680 522 2735 nempe
534 2667 690 2731 Nepotiani,
708 2671 739 2720 ut
759 2666 788 2719 ln
809 2665 937 2734 margine

115 2738 246 2793 emendat
272 2737 439 2792 Bucherius.
458 2738 656 2792 Coemeterium
679 2738 796 2790 Memini
808 2735 866 2790 bac
879 2735 937 2789 'ia-

116 2807 449 2874 bulaindicarevidetur,
461 2808 596 2877 cumejus
608 2802 937 2888 nomineetimagineei·

115 2876 189 2935 rossa
201 2878 235 2933 ιι
252 2879 445 2935 caemeterium
458 2879 597 2934 Priscilla
612 2878 658 2934 ιιι
672 2877 781 2932 Salaria
795 2889 887 2945 prtmo
901 2876 936 2930 ab

114 2948 189 3006 Urbe
205 2950 300 3019 lapide
314 2951 343 3005 in
359 2952 440 3006 vinea
452 2950 493 3005 ct.
510 2952 541 3006 v.
553 2951 610 3006 tos.
622 2949 756 3032 Baptista
769 2948 864 3004 Sintes
880 2959 937 3002 una

114 3034 179 3078 eum
195 3020 328 3090 pluribus
342 3021 592 3091 inscriptionibus,
604 3020 834 3077 Christianorum
850 3020 936 3088 depo-

1015 1887 1136 1944 aleriani
1153 1903 1161 1953 ς
1183 1891 1243 1940 tum
1259 1886 1326 1954 quia
1343 1885 1426 1940 Decio
1450 1885 1610 1953 imperante
1629 1897 1680 1952 per
1697 1882 1825 1938 Valeria-

993 1972 1062 2016 num
1076 1969 1221 2012 censorem
1238 1955 1370 2011 mandato
1384 1955 1525 2024 principis
1540 1953 1738 2011 exercebatur
1753 1967 1824 2009 auno

991 2028 1054 2095 ιιι,
1072 2029 1194 2084 maxima
1212 2025 1262 2081 illa
1286 2031 1424 2109 potestate
1442 2033 1571 2091 auctum,
1586 2038 1678 2096 quam
1692 2038 1783 2095 supra
1797 2025 1823 2079 in

994 2101 1071 2158 notis
1098 2097 1311 2167 chronologicis
1336 2099 1466 2154 recensui
1501 2110 1536 2152 ex
1561 2095 1737 2152 Trebellio:
1768 2102 1821 2151 tun

1014 2172 1062 2228 uia
1075 2171 1147 2226 bane
1164 2171 1254 2238 ipsam
1267 2168 1502 2239 prosequebatur,
1519 2173 1652 2223 nontam
1669 2181 1726 2223 suo
1764 2179 1823 2222 uam

991 2188 1174 2298 geminorum
1190 2241 1305 2309 ingenio
1321 2241 1349 2294 in
1366 2239 1443 2294 brevi
1461 2239 1582 2308 imperio
1599 2238 1680 2295 Galli
1696 2245 1726 2294 et
1743 2183 1823 2294 gelu·

992 2314 1067 2369 siani
1086 2324 1249 2381 perannum
1260 2307 1324 2376 ιιι,
1338 2317 1409 2376 tum,
1421 2310 1556 2380 denique,
1570 2311 1644 2381 quia
1661 2310 1711 2365 bis
1726 2310 1758 2365 in
1774 2310 1819 2364 im·

993 2385 1072 2454 perio
1088 2383 1243 2438 succedens
1264 2395 1339 2436 anno
1362 2379 1424 2450 eid,
1451 2381 1625 2436 Valerianus
1641 2394 1677 2436 ex
1696 2392 1822 2442 censore,

991 2461 1105 2510 creatus
1119 2454 1268 2525 Augustus
1282 2453 1317 2506 ab
1332 2452 1454 2523 inceptis
1465 2456 1529 2521 post
1542 2451 1667 2521 aliquod
1685 2451 1821 2520 temporis

992 2525 1176 2581 intervallum
1190 2537 1245 2579 non
1261 2524 1385 2591 destitit,
1400 2523 1468 2578 licet
1480 2522 1627 2579 initio'sui
1641 2523 1822 2592 principatus

992 2598 1108 2652 mitiora
1123 2597 1157 2652 de
1170 2595 1279 2650 nostris
1294 2594 1423 2650 sentiret.
1444 2594 1515 2649 ilinc
1531 2598 1631 2649 autem
1648 2595 1750 2649 oritur
1762 2607 1822 2649 con·

992 2666 1069 2724 tusto
1083 2666 1134 2722 illa
1148 2672 1306 2735 temporum
1316 2672 1495 2736 eigestorum
1510 2665 1601 2734 buius
1619 2665 1717 2721 mista·
1734 2678 1819 2735 perse

991 2739 1130 2807 cationis,
1147 2737 1176 2792 in
1190 2751 1246 2807 qua
1256 2736 1407 2792 Valeriano
1422 2736 1590 2806 imperatori
1602 2736 1759 2806 complura
1769 2737 1821 2790 tri-

991 2807 1818 2879 buuntur,queanteinpertnmsscensorigerebantur,tun

991 2882 1081 2950 Decii,
1095 2889 1153 2936 tum
1163 2879 1238 2934 Galli
1258 2884 1286 2933 et
1298 2879 1445 2934 Volusiani
1460 2880 1604 2936 mandatis
1616 2880 1676 2949 ipsi
1690 2893 1819 2935 commu·

992 2951 1079 3007 nibus
1091 2965 1155 3006 cum
1170 2951 1293 3005 Maximo
1306 2949 1436 3020 pratecto
1447 2950 1532 3006 Urbis
1544 2969 1551 3020 3
1563 2957 1593 3006 et
1607 2957 1715 3006 contra
1725 2950 1818 3017 Decio,

991 3031 1019 3078 et
1033 3023 1126 3091 Gallo,
1139 3035 1172 3077 ac
1187 3021 1335 3077 Volusiani
1350 3029 1429 3090 gesta
1439 3023 1630 3093 assignantur
1646 3028 1712 3092 post
1725 3035 1818 3078 eorum

114 3092 237 3150 sitiones
253 3092 459 3163 indicantibus,
480 3100 508 3149 et
522 3092 672 3164 insignitis
685 3090 852 3147 nominibus
864 3103 938 3145 con·
951 3083 976 3146 C
991 3094 1121 3150 cedema
1134 3092 1284 3148 Valeriano
1296 3098 1415 3162 patrata,
1426 3094 1507 3163 qnasi
1520 3106 1570 3162 per
1580 3094 1715 3149 e'usdem
1726 3106 1820 3148 censu·

115 3163 230 3220 sulum:
256 3177 328 3235 quas
351 3165 385 3218 ad
408 3165 573 3220 invisendas
598 3177 641 3218 me
665 3163 875 3218 humanissime
888 3162 936 3216 in·

994 3178 1053 3221 ram
1069 3164 1123 3219 snb
1135 3164 1237 3219 iisdem
1253 3163 1453 3220 decessoribus
1468 3109 1653 3234 principibus
1677 3164 1819 3235 contigis-

114 3236 235 3291 ritatum
255 3248 330 3290 anno
346 3232 416 3290 tite
438 3235 545 3291 donare
560 3235 645 3290 etiam
661 3234 753 3290 voluit
769 3233 848 3289 bisce
870 3245 938 3302 pre-
992 3241 1069 3293 sent:
1083 3234 1816 3306 utconstabitexobsernationibusquaesequuntur.

115 3306 200 3362 tiosis
217 3306 408 3362 monumentis
424 3307 621 3377 antiquitatis,
637 3311 669 3361 ut
683 3318 855 3360 asservarem
871 3316 936 3358 cum
1026 3307 1163 3362 caeterum
1182 3307 1334 3362 Cornelius
1354 3320 1425 3376 papa
1439 3308 1481 3376 (ut
1493 3307 1526 3361 ιι
1541 3306 1608 3375 eius
1624 3313 1708 3378 gesta
1723 3307 1819 3362 ordine

114 3378 226 3433 ceteris
237 3377 271 3431 etl
283 3376 455 3432 illustranda
466 3384 621 3446 martyrum
633 3377 839 3438 coemeieriw
850 3374 937 3429 Chro-
991 3391 1044 3435 suo
1051 3377 1188 3434 tradenda
1198 3376 1383 3446 revertamur)
1391 3378 1548 3444 praevidens
1557 3380 1667 3433 armari
1675 3383 1775 3434 contra
1782 3389 1819 3431 sa·

116 3448 258 3520 uologiam
286 3447 466 3503 consularem
489 3448 626 3504 collectis.
649 3447 847 3503 Coemeterium
872 3447 936 3499 Mu·
991 3450 1120 3506 cerdotes
1134 3449 1182 3504 Dei
1199 3449 1340 3518 praecipua
1354 3448 1408 3504 tela
1426 3449 1637 3517 persecutionis
1649 3450 1745 3515 Decii,
1761 3461 1820 3504 ma-

114 3520 183 3574 airni
202 3532 236 3575 ex
247 3518 299 3574 illo
309 3519 442 3587 opusculi
456 3519 565 3576 indicio
588 3520 765 3589 recognoscit
780 3516 939 3573 Bucherius
992 3526 1056 3577 ture
1072 3520 1291 3589 promovendum
1307 3522 1420 3575 censuit
1433 3521 1552 3577 Lucium
1568 3520 1724 3576 vicarium
1740 3532 1817 3576 suum

116 3589 146 3646 iu
162 3590 240 3646 notis
256 3588 481 3661 marginalibus:
499 3591 528 3646 in
546 3603 682 3660 quocum
699 3589 810 3660 legatur
825 3590 937 3643 Sitones
993 3591 1027 3647 ad
1044 3592 1173 3647 ordinem
1185 3590 1374 3660 episcopalem
1389 3590 1437 3646 die
1455 3591 1617 3652 Dominica.
1635 3606 1703 3663 quae
1719 3590 1820 3647 incidit

116 3668 224 3732 martyr
236 3661 376 3788 §tortasse
388 3660 518 3716 Siluanos
542 3661 745 3730 nominandus)
764 3674 827 3715 curn
849 3659 938 3715 sociis
994 3664 1023 3718 in
1039 3662 1102 3717 Mal.
1128 3662 1291 3716 Decembris
1307 3674 1382 3716 anno
1399 3660 1451 3718 950
1470 3661 1513 3731 (ut
1525 3666 1641 3718 constat
1667 3676 1704 3718 ex
1718 3661 1820 3732 epocba

115 3731 222 3788 ibidem
256 3733 387 3801 epositis,
399 3733 607 3802 eumquedicat
620 3731 775 3788 suffuratos
787 3729 938 3787 tuissello·
994 3746 1134 3789 annorum
1149 3746 1192 3800 tn,
1210 3733 1385 3802 totidemque
1412 3733 1553 3789 mensium
1576 3739 1606 3789 et
1629 3734 1748 3790 dierum
1763 3734 1821 3803 ejus

114 3804 240 3858 vationes
254 3821 263 3869 ;
278 3803 495 3859 consolidantur
517 3803 625 3858 indicia
641 3803 770 3858 eumdem
786 3800 939 3857 referentia
995 3804 1172 3875 episcopatui
1186 3803 1325 3858 attributa
1340 3805 1368 3858 in
1393 3805 1514 3872 picturis
1532 3804 1664 3861 Paulina
1685 3804 1820 3869 basilica,

115 3887 182 3929 cum
196 3874 349 3929 secundino
364 3872 489 3956 aliisque
514 3886 547 3928 ex
564 3873 720 3929 nominatis
744 3875 819 3929 inter
844 3874 940 3928 socios
995 3875 1164 3944 caterisque
1175 3875 1356 3930 documentis
1371 3875 1500 3944 proximo
1519 3888 1641 3931 numero
1659 3873 1821 3943 afferendis]

115 3943 307 4000 confessionis
332 3945 449 3997 Maximi
472 3942 640 4015 presbyteri,
657 3945 691 4000 ad
714 3945 868 4000 Ecclesiam
889 3957 941 3999 ca-
995 3943 1821 4015 antequamValerianuscensor,cumsanioribusmanda-

115 4014 251 4071 tbolicam
268 4012 321 4069 sub
336 4013 468 4069 Cornelio
484 4016 616 4086 regressi,
635 4021 698 4085 post
709 4014 823 4071 iraudes
838 4015 938 4071 Novati
995 4019 1034 4073 tis
1050 4016 1108 4072 sibi
1125 4017 1233 4073 tuturis
1248 4016 1447 4072 communibus
1469 4030 1533 4072 cum
1546 4018 1675 4074 Maximo
1692 4015 1821 4088 prefecto

115 4084 250 4150 detectas,
271 4085 390 4153 ejusque
409 4085 577 4156 gregalium.
591 4086 671 4156 Quod
684 4094 778 4142 autem
793 4087 822 4142 ιι
846 4085 941 4142 suliu-
996 4088 1092 4154 Urbis,
1107 4100 1121 4142 a
1135 4087 1221 4142 Decio
1237 4088 1265 4141 in
1291 4086 1390 4142 Urbem
1405 4088 1524 4143 rediret.
1551 4089 1621 4143 Post
1637 4090 1706 4158 eius
1717 4089 1820 4145 adveu-

116 4155 177 4236 rari
191 4154 451 4238 noluerintcorpus
464 4157 596 4227 martyris
604 4158 704 4222 Sileni,
717 4163 768 4213 aut
778 4158 885 4212 Silvani
896 4157 941 4211 de·
995 4161 1054 4214 tum
1064 4160 1164 4228 jussus
1176 4157 1306 4213 exsulare
1318 4158 1525 4215 Centumcellas
1538 4160 1709 4230 intrepidus
1718 4159 1820 4215 ibidem

117 4229 205 4310 postte
222 4238 251 4278 rn
265 4230 427 4280 coemeterro
443 4227 603 4294 Maximini,
629 4227 771 4296 suspicari
789 4241 940 4297 possumus
995 4228 1818 4301 substitit,etlitterisultroeitroquedatisadCyprianum.

117 4295 146 4352 ιι
156 4294 246 4352 luisse
257 4296 418 4365 meditatos,
428 4295 471 4351 tel
483 4302 673 4368 utmartyrem
682 4311 740 4352 suae
751 4297 870 4353 factioni
882 4299 941 4353 xin-
996 4299 1067 4356 iorit
1076 4307 1203 4355 mutuam
1214 4300 1366 4370 utriusque
1376 4301 1713 4369 praesultsconstantiam
1722 4300 1818 4358 ιιιιι.

115 4367 247 4424 dicarent
259 4366 468 4434 fraudulenter,
482 4381 565 4438 quem
580 4366 807 4423 tortelncautnm
819 4369 854 4424 ad
864 4382 939 4423 eam·
995 4372 1160 4440 impavidus
1178 4375 1285 4424 tuntum
1301 4375 1427 4441 temporis
1439 4372 1510 4426 sedit
1521 4377 1687 4442 exspectans
1705 4375 1820 4444 corporis

115 4438 179 4495 dern
199 4438 297 4494 dolose
313 4444 510 4508 pertraxerant
523 4446 675 4508 antequam
687 4440 867 4509 resipisceret
878 4458 886 4507 3
897 4439 939 4495 rel
954 4477 980 4538 D
995 4445 1040 4497 sui
1054 4444 1202 4510 carnifices,
1218 4448 1243 4494 et
1262 4445 1376 4510 tyranni
1385 4444 1541 4510 ferocientis
1554 4445 1669 4511 uttores,
1686 4445 1756 4500 anni
1771 4440 1817 4499 iil

117 4517 150 4566 ut
161 4509 295 4566 bonorem
309 4511 443 4580 martyris
456 4509 658 4566 subtraherent
668 4510 803 4581 reliquiis
814 4510 940 4580 ejusdem
1006 4521 1076 4569 >arte
1085 4512 1208 4583 reliqua.
1220 4511 1300 4567 Circa
1308 4515 1426 4569 tunium
1438 4518 1560 4583 utroque
1571 4515 1659 4570 Decio
1674 4515 1820 4586 incampis

115 4581 206 4637 Silani
221 4586 271 4663 ιιι
291 4581 412 4664 Silvani,
429 4595 513 4652 quem
538 4587 603 4651 post
615 4595 775 4654 regressum
791 4581 825 4637 ad
842 4582 941 4637 Eccle-
996 4529 1138 4655 beytbicrs
1151 4597 1233 4653 caso,
1248 4585 1281 4639 ad
1301 4584 1453 4653 imperium
1475 4585 1608 4641 evehitur
1621 4586 1821 4643 Trebonianos

116 4653 202 4721 siam,
217 4665 277 4707 stre
292 4658 379 4707 ettam
405 4659 580 4708 constantem
598 4667 662 4709 cum
678 4656 772 4724 Moyse
794 4666 940 4724 nunquam
995 4655 1097 4712 Gallus
1113 4655 1205 4724 primo
1218 4654 1254 4709 ab
1264 4656 1667 4725 exercitu,deindeasenatu,
1678 4657 1822 4728 quicolle·

116 4722 313 4779 alienatosibi
329 4721 449 4780 tortasse
474 4721 657 4780 intensiorem
675 4725 857 4795 praecaeteris
877 4723 942 4781 iue-
996 4740 1059 4799 garn
1095 4725 1245 4809 dignitatis
1277 4727 1412 4797 Augusta
1437 4741 1501 4782 cum
1533 4727 1616 4784 Gallo
1641 4729 1725 4785 dixit
1749 4729 1821 4784 alte·

116 4800 182 4850 rant
196 4795 316 4863 experti.
332 4794 401 4849 Cum
417 4808 566 4851 versemur
592 4796 666 4851 inter
681 4796 800 4863 indicia,
814 4810 847 4851 ex
862 4795 941 4868 trag·
997 4812 1060 4854 rum
1076 4798 1155 4852 Decri
1171 4797 1264 4852 tilium
1281 4804 1350 4853 natu
1366 4798 1505 4853 minorem
1521 4798 1733 4870 Hostilianum,
1750 4800 1820 4855 reli-

117 4865 222 4921 mentis
236 4865 423 4935 epistolarum
435 4866 603 4922 etbistoria
613 4868 795 4937 expiscanda,
813 4867 940 4936 lapidum
996 4875 1072 4925 etum
1098 4869 1190 4924 llornae
1215 4881 1230 4923 a
1256 4873 1334 4938 patre
1362 4869 1447 4924 Decio
1472 4873 1499 4924 et
1517 4875 1645 4926 creatum
1671 4873 1819 4927 caesarem.

117 4949 232 5008 quoque
245 4936 385 5008 reliquias
395 4950 457 4993 esse
470 4937 517 4993 bic
532 4937 715 5008 proferendas
729 4938 816 4994 duxi:
836 4944 867 4992 ut
882 4939 941 4993 ali·
995 4940 1095 4996 Gallus
1112 4940 1197 4995 initio
1212 4940 1339 5009 imperii,
1354 4946 1385 4995 ut
1399 4939 1529 4996 Zosimus
1544 4946 1654 5008 narrat,
1676 4962 1689 4995 ι
1708 4942 1820 5013 imperii

116 5009 232 5078 quando
243 5013 354 5077 possint
365 5008 504 5064 inseruire
516 5010 550 5064 ad
564 5009 718 5079 pleniorem
729 5009 862 5064 notitiam
877 5011 942 5064 isto·
995 5011 1112 5066 Deciani
1123 5012 1360 5066 memoriamcnm
1371 5012 1476 5068 bonore
1487 5026 1519 5066 ac
1529 5011 1731 5070 benevolentia
1742 5028 1821 5070 usur·

117 5092 180 5135 rum
207 5086 363 5151 martyrum
398 5080 612 5143 ordinandam:
638 5082 664 5136 si
695 5079 767 5136 torte
793 5081 941 5152 contingat
996 5082 1090 5208 gabat,
1107 5088 1135 5137 et
1149 5081 1269 5136 alterum
1284 5096 1317 5137 ex
1330 5083 1394 5152 ejus
1408 5082 1479 5138 filiis
1495 5084 1682 5152 superstitem
1699 5086 1821 5155 adopta-

116 5149 174 5204 alia
190 5148 347 5222 fragmenta
361 5164 377 5206 e
392 5151 547 5207 ruderibus
562 5151 651 5207 vinea
665 5165 698 5207 ac
713 5151 868 5207 coemetetii
884 5152 939 5221 ipsi
1015 5159 1053 5223 at,
1070 5170 1083 5202 ι
1107 5167 1206 5221 nempe
1229 5153 1431 5221 Hostilianum,
1447 5167 1531 5225 quem
1548 5154 1644 5211 Victor
1668 5157 1699 5212 in
1716 5156 1768 5212 lib.
1789 5158 1821 5210 de

117 5220 289 5277 adhaerentis
300 5221 384 5278 enodi
398 5239 405 5276 ι
421 5224 645 5291 quaeconjuneta
658 5236 721 5278 cum
737 5223 938 5290 marmoribus,
994 5223 1155 5280 Cesaribus
1169 5237 1184 5277 a
1200 5224 1331 5293 patribus
1345 5238 1468 5294 quoque,
1485 5237 1614 5295 nempea
1630 5233 1748 5296 senatu,
1767 5227 1822 5282 Δι-

117 5295 145 5346 et
160 5295 310 5361 postremis
323 5306 457 5348 versuum
474 5293 740 5363 syllabisindicatis
756 5293 894 5365 integram
908 5295 940 5350 il·
1016 5297 1071 5350 usti
1088 5293 1280 5364 appellatione
1294 5295 1430 5352 donatum
1452 5309 1516 5352 cum
1532 5296 1617 5353 Gallo
1640 5298 1739 5369 reteri,
1757 5311 1820 5355 eum

117 5359 209 5418 lorum
225 5365 395 5420 sententiam
410 5366 615 5421 demonstrent.
994 5311 1069 5422 galli
1083 5366 1160 5421 iilius
1172 5365 1344 5421 Volusianus
1354 5367 1487 5423 Caesaraeo
1503 5372 1615 5424 tantum
1629 5369 1721 5426 titulo
1734 5370 1823 5426 deco-

152 5434 257 5516 Moysis
289 5436 445 5507 presbyteri
482 5436 654 5508 (cujusmodi
691 5450 792 5493 nomen
832 5435 939 5492 Graecis
995 5437 1751 5506 raretur.llerumnondiusupertuisseDeciitilium
1764 5442 1821 5496 llo-

117 5501 225 5557 litterrs
239 5504 377 5576 elegantis
385 5507 541 5576 sculptura
553 5509 676 5564 incisum
689 5508 780 5578 reperi
792 5508 821 5563 in
832 5508 940 5579 cryptis
989 5507 1140 5570 stilianum
1158 5515 1278 5579 uterque
1290 5510 1427 5576 ostendit,
1445 5516 1473 5565 et
1487 5511 1600 5566 nummi
1610 5512 1820 5585 comprobant:

117 5572 245 5654 eiusdem
260 5579 413 5633 emmeterii
431 5579 581 5647 Priscilla,
604 5580 652 5635 sed
670 5593 725 5634 non
747 5581 786 5634 ita
800 5581 940 5649 proximis
995 5580 1177 5641 siveartibus
1192 5579 1362 5636 Treboniani
1375 5581 1451 5636 Galli
1469 5586 1659 5654 peremptum,
1671 5590 1706 5642 ut
1719 5582 1821 5642 scribit

117 5653 208 5696 rrueae
219 5642 397 5718 Sintesianae)
407 5650 488 5707 beato
500 5651 592 5706 tinein
601 5649 766 5706 carceribus
778 5652 817 5705 ita
829 5651 939 5720 pariato
994 5652 1138 5711 zosimus:
1151 5651 1210 5706 sive
1223 5651 1384 5720 pestilentia
1397 5652 1821 5725 sublatumutnarratvietur,

117 5725 183 5771 cum
200 5723 294 5796 mense
307 5714 455 5775 Novembri
472 5724 540 5778 anni
558 5719 611 5779 ιιι)
622 5727 651 5778 et
665 5735 729 5777 cum
746 5721 800 5777 dne
812 5722 939 5792 eiusdem
996 5736 1059 5798 qua
1082 5734 1157 5776 anno
1185 5719 1238 5778 Pae
1251 5722 1409 5778 Romanum
1433 5723 1530 5780 orbem
1544 5722 1635 5784 terme
1651 5728 1818 5789 autuman

115 5784 185 5845 anui
195 5786 298 5858 rugata
313 5788 482 5855 temporaria
496 5794 657 5851 secessione
668 5793 812 5851 sociorum
828 5793 862 5849 ad
878 5794 939 5849 No·
995 5792 1109 5864 invasit,
1123 5797 1186 5849 orta
1201 5806 1235 5849 ex
1248 5792 1413 5866 AEtbiopia;
1428 5799 1455 5852 et
1469 5807 1522 5867 per
1532 5794 1737 5871 muostleeen
1746 5812 1819 5865 eoa·
