3892 6136
178 294 248 354 iata

794 295 973 352 anastase
992 293 1264 351 etettotttecaatt

1818 296 1886 354 titt

212 421 296 474 Linea
309 417 352 474 20.
368 418 560 472 subdiaconus
571 434 658 472 unitos
673 422 802 488 quinquo,
822 424 910 473 castor
922 414 1041 473 mer-A
1058 431 1118 473 mas
1128 416 1331 484 excludunt,id
1344 421 1387 471 εει
1402 418 1577 485 examinant,
1591 418 1634 472 rel
1651 417 1777 487 probant
1792 432 1886 490 argen-

175 495 265 558 iprum
288 505 374 543 aneos
400 492 531 558 aptataque.
556 490 658 543 Custos
682 499 837 560 martyrum
859 504 913 543 nen
940 496 1000 544 erat
1056 495 1128 544 tum.
1149 490 1304 559 augustin.
1321 487 1465 556 despicit.
1481 489 1686 556 etlitter.‹·.ap.
1709 486 1735 542 tt
1754 510 1761 543 :
1780 511 1794 540 ιι
1811 490 1886 544 Unde

174 575 274 615 nomen
294 561 402 629 proprii
418 561 534 630 gradus,
546 574 595 614 scu
607 561 720 615 ordinis
730 561 931 621 ecclesiastici,
951 561 998 616 sed

173 629 259 686 elflcii
277 631 531 687 subdiaconorum.
542 631 564 684 a
577 630 698 685 Fabiano
708 639 813 699 septem
827 631 997 686 subdiaconi

174 704 203 757 ln
219 702 291 757 Urbe
308 703 449 763 instituti,
473 701 523 768 qui
540 702 663 756 notariis
686 701 801 757 totidem
818 716 867 770 per
890 711 997 770 septem

174 774 306 844 regiones
321 773 407 828 Urbis
419 772 572 839 dispositis
587 773 779 828 imminerent.
796 782 826 828 nt
841 781 901 827 acta
920 788 998 827 mar-

175 851 268 914 tyrum
284 845 312 898 itt
332 846 452 911 integre,
470 844 497 897 id
512 850 555 898 est
569 858 602 898 ει
619 844 672 899 title
688 845 949 900 conscriberentur.
966 851 998 899 ιιι

174 914 355 970 observatum
376 922 419 969 est
441 929 474 968 ex
491 915 643 970 nttastasio
667 916 695 970 itt
725 915 858 969 Fabiano.
891 917 995 970 tiorum

174 984 298 1041 efficium
315 987 400 1039 etiam
411 992 472 1039 erat
485 987 632 1060 custodire
644 994 791 1056 martyres,
808 985 996 1040 bisalimcntn

176 1057 331 1112 incarcere
347 1058 522 1119 ministrare,
535 1070 656 1127 corpora
672 1065 847 1111 mertuorum
864 1057 995 1124 sepelire.

174 1133 203 1182 ει
217 1141 314 1181 cavere
336 1141 369 1182 ne
391 1127 568 1195 sepultorum
591 1142 708 1197 certiora
733 1128 920 1195 eriperentur.
950 1129 995 1181 i'el

174 1199 308 1253 custodes
324 1206 478 1268 martyrum
497 1197 663 1267 legebantur
678 1212 710 1252 ει
725 1199 826 1254 ordine
839 1197 996 1253 subdiaco-

175 1282 287 1336 norum,
317 1278 465 1340 postquam
504 1269 728 1324 subdiaconatus
752 1283 867 1324 munere
904 1268 995 1323 iuncti

173 1345 268 1395 essent
290 1339 522 1410 quinquennium
548 1358 555 1406 3
584 1349 612 1395 ει
633 1341 734 1395 lterum
751 1353 856 1395 munus
883 1345 944 1394 erat
967 1341 994 1393 in

173 1411 416 1537 quinquennium,
445 1416 596 1480 antequam
631 1426 799 1482 progressus
827 1418 935 1480 pateret
961 1412 994 1466 ad

73 1493 76 1507 ·
164 1497 167 1501 ’
196 1482 368 1536 incenatum.

208 1553 291 1606 Num.
308 1550 352 1611 36,
366 1553 441 1607 linea
454 1549 480 1607 2.
492 1584 530 1594 —
543 1554 693 1619 Fastiqt'unt
704 1559 860 1619 ttrqtrntcant
872 1553 994 1606 battutile.

123 1655 128 1662 -
173 1622 540 1679 Basilieatlenstantiniana
565 1625 702 1680 adornata
714 1624 830 1693 lastigie
850 1631 994 1694 argenteo.

172 1693 298 1762 Templis
314 1708 487 1764 paganorum
505 1695 591 1764 adjici
609 1695 717 1750 solebat
734 1693 892 1763 fastigium,
912 1695 997 1749 idest

1055 568 1082 614 ct
1097 560 1261 615 exclusores
1275 561 1414 615 dicuntur
1433 560 1548 629 quitiam
1566 560 1696 614 artitices
1713 562 1882 632 argentarii.

1055 631 1123 685 ilinc
1136 639 1176 685 εει
1192 637 1219 685 ει
1235 630 1305 685 illud
1325 631 1352 683 in
1368 630 1487 686 Psalmis
1503 649 1514 712 ·,
1530 631 1768 684 attrectabantur
1788 635 1809 683 ii
1839 635 1885 700 qui

1052 703 1161 770 prctboti
1175 709 1239 755 sunt
1253 707 1375 768 erpanto.
1394 720 1407 749 ι
1421 703 1492 757 idem
1507 715 1535 755 tn
1549 702 1666 757 esaim:
1686 703 1798 756 exixit
1810 702 1884 756 Unde

1053 774 1234 828 dicuntttret
1251 773 1278 826 in
1303 779 1364 826 arte
1386 773 1550 841 argentaria
1576 773 1757 841 exclusores,
1778 775 1804 828 id
1832 784 1881 839 est,

1054 846 1175 914 quadam
1189 843 1360 899 confusione
1379 856 1477 898 massa
1492 844 1526 898 ad
1554 857 1615 899 suae
1641 842 1744 899 formae
1767 858 1882 914 exques-

1052 928 1172 971 seres.»

1088 986 1173 1040 Linea
1186 982 1230 1039 33.
1244 1015 1278 1022 —
1289 984 1427 1038 Canthara
1439 990 1592 1049 cyrostrata
1605 988 1637 1038 in
1650 989 1756 1052 ararnio
1767 986 1879 1039 basilice

1051 1061 1179 1121 arquatae
1194 1058 1404 1123 quinquaqinta.
1414 1055 1554 1110 cantitare
1571 1064 1733 1111 cerostrata
1744 1057 1876 1116 'ssicenim

1052 1124 1213 1196 legendum,
1229 1126 1269 1180 tel
1297 1127 1470 1194 simpliciter
1488 1130 1662 1195 cerostrata)
1677 1134 1748 1182 sunt
1763 1140 1826 1181 vasa
1851 1130 1876 1181 in

1052 1199 1159 1266 quibus
1178 1196 1354 1251 collocantur
1368 1199 1453 1251 cerei.
1471 1198 1513 1252 rel
1536 1198 1673 1252 lucernae.
1703 1200 1833 1252 anastas.
1850 1200 1875 1252 in

1052 1267 1159 1336 Vigiiie
1175 1285 1180 1321 :
1198 1288 1210 1318 ι
1227 1269 1403 1322 Cerastastas
1415 1275 1564 1337 argenteas
1588 1269 1748 1324 deauratas
1764 1270 1877 1335 majores

1051 1341 1134 1401 duas,
1151 1354 1214 1408 qum
1226 1345 1303 1393 stant
1321 1353 1409 1409 usque
1423 1338 1583 1394 bedieante
1596 1354 1709 1409 cerpus
1720 1339 1794 1393 bertii
1808 1341 1874 1394 Petri

1051 1410 1184 1479 apostoli.
1199 1427 1211 1458 a
1224 1412 1355 1465 anastas.
1372 1410 1400 1463 in
1414 1411 1560 1465 Honorio:
1574 1411 1715 1466 «recitet
1726 1418 1876 1465 cerostatis

1052 1482 1215 1550 maioresett
1230 1487 1347 1550 argento
1361 1482 1439 1548 paria
1452 1481 1520 1546 duo,
1533 1495 1597 1550 que
1609 1490 1680 1536 sunt
1697 1486 1764 1536 ante
1778 1496 1875 1550 cerpus

1052 1551 1126 1606 beati
1144 1552 1218 1605 Petri
1238 1551 1359 1618 apostoli
1392 1570 1405 1598 o
1423 1552 1498 1606 Idem
1527 1553 1555 1607 in
1573 1553 1667 1607 Leone
1685 1554 1747 1608 Ill:
1775 1552 1875 1606 «Fecit

1051 1629 1207 1678 cerostatas
1227 1624 1346 1689 majores
1357 1620 1505 1676 versatiles
1518 1623 1701 1693 anaglyphas
1715 1637 1749 1678 ex
1766 1633 1875 1678 arrento

1051 1695 1215 1762 purissime.
1234 1710 1247 1742 ι
1268 1695 1298 1747 ln
1311 1692 1459 1748 cantharis
1474 1693 1592 1747 ardebat
1606 1694 1717 1759 eleum,
1734 1695 1764 1748 ia
1784 1666 1875 1763 pitaris

172 1765 295 1833 culmen,
311 1772 429 1821 ornatus
441 1781 537 1821 causa.
553 1765 659 1821 arnolt.
678 1766 728 1820 lib.
744 1781 751 1821 ι
773 1766 883 1820 advers.
903 1765 971 1819 Grnt
988 1786 995 1818 :
1011 1766 1124 1839 Beerei
1141 1771 1168 1818 ει
1184 1763 1317 1818 lucernae.
1331 1763 1479 1834 bulenger.
1491 1764 1526 1819 de
1537 1765 1619 1819 Rom.
1634 1765 1766 1833 pontific.
1778 1765 1825 1819 lib.
1844 1780 1873 1831 ιι,

173 1853 186 1887 ι
203 1837 317 1904 Templa
337 1835 454 1904 lctibus,
470 1836 624 1901 scarabeis,
638 1845 666 1892 et
679 1836 803 1899 buculis,
820 1836 995 1891 sublimibus
1050 1850 1111 1905 cap.
1123 1834 1140 1889 li
1152 1854 1157 1889 :
1171 1837 1220 1888 tin
1236 1836 1383 1889 eantbaris
1403 1836 1488 1889 etiam
1504 1837 1677 1891 mittebatur
1691 1837 1875 1892 tbussuffitns

171 1909 321 1961 suntelata
334 1906 473 1977 fastigiis.
487 1909 598 1979 nAEque
611 1910 684 1977 apud
696 1907 995 1962 Cbtistianttsaalittus

172 1978 263 2031 atteris
279 1978 395 2048 fastigia
409 1980 516 2048 imponi
535 1980 623 2034 tnuris
638 1978 704 2034 luit.
719 1981 757 2033 De
776 1979 894 2032 basilica
918 1978 995 2033 Cen-

173 2049 351 2104 stantinittna
365 2057 485 2106 testatur
501 2051 671 2106 attestasius
684 2050 736 2104 ltoc
750 2049 819 2116 lece,
831 2058 859 2104 et
875 2048 948 2103 inira
965 2050 994 2103 in

172 2118 299 2174 Sixtolll
315 2139 320 2174 ς
336 2142 348 2171 ιι
367 2123 442 2176 Fecit
461 2129 554 2177 autem
582 2121 811 2186 Valentinianus,
832 2134 865 2174 ex
895 2128 993 2187 rogatu

171 2189 244 2244 Sinti
260 2193 398 2260 episcopi.
412 2191 560 2262 fastigium
574 2200 738 2262 argenteum
753 2192 779 2244 in
798 2192 997 2245 ttasilicaL'on-

172 2262 359 2328 stantiniaua,
372 2265 473 2331 quoda
490 2258 622 2318 Barbaris
643 2262 786 2318 sublatum
803 2261 904 2316 luerat.
921 2280 932 2306 t
949 2263 996 2316 Fa·

172 2334 292 2401 eligium
315 2334 402 2402 bajus
417 2333 545 2389 basilica
559 2333 615 2388 leit
629 2348 662 2388 ει
679 2340 795 2403 argente
818 2333 943 2387 batulili.
967 2334 993 2386 id

171 2410 225 2463 εει,
238 2405 390 2458 catillatum
403 2420 434 2460 ea
445 2413 577 2476 argentee
590 2406 677 2460 duete
689 2406 716 2459 itt
732 2403 861 2473 laminas,
876 2404 951 2472 qued
965 2404 996 2457 ltt

172 2475 357 2543 percussione
375 2476 494 2541 mctalli,
508 2490 574 2531 rece
600 2477 684 2530 ducta
709 2489 722 2528 a
744 2476 845 2529 latino
874 2475 993 2540 lailttrrt’,

172 2545 246 2612 quod
264 2553 345 2600 sonat
356 2554 503 2613 poteritate.
522 2548 649 2601 Plautia
661 2546 762 2600 Casina
775 2564 780 2599 :
798 2545 995 2614 «Scalponcas

171 2615 280 2737 quibas
294 2615 430 2670 batuatar
441 2617 494 2671 tibi
507 2631 548 2672 os.
565 2617 745 2685 »Tranquill
760 2619 787 2669 in
801 2617 921 2686 Caligal.
932 2631 992 2685 capt.

173 2682 207 2736 '2
223 2703 229 2735 :
252 2705 264 2733 ι
279 2686 512 2752 lilyrmilleneme
535 2687 602 2740 lade
619 2687 739 2740 rudibus
753 2701 846 2741 secum
874 2688 995 2741 bainen-

171 2760 238 2807 tcm.
255 2773 266 2802 tt
284 2756 315 2809 Et
327 2754 455 2822 carabi:
475 2778 487 2805 ιι
505 2758 640 2810 Ratnebat
665 2759 846 2824 pugnatoriis
866 2758 963 2812 armis.
981 2778 993 2805 u

172 2824 339 2887 llocscnsu,
354 2828 450 2882 cadem
471 2840 536 2881 rore
553 2842 622 2881 usus
644 2833 686 2880 εει
701 2829 830 2881 anastas.
851 2827 918 2882 inlr.
944 2831 995 2883 bttc

173 2894 235 2951 lece
256 2914 261 2949 :
282 2897 416 2951 «altaria
431 2907 535 2963 septem
549 2911 582 2952 ει
602 2905 719 2967 argento
741 2897 868 2952 batatili.
887 2917 899 2947 a
914 2900 995 2954 AEdcs

172 2970 393 3034 augttslteetiam
407 2967 553 3035 fastigium
566 2968 696 3023 baliterc.
706 2968 778 3023 Fler.
789 2968 837 3022 lib.
850 2968 991 3038 tr.t·ap.‘2:

173 3056 187 3089 tt
203 3037 306 3092 Omnes
318 3039 439 3094 bonores
449 3052 536 3094 unum
553 3041 580 3093 in
593 3040 748 3108 principem
761 3040 904 3105 congesti:
918 3043 994 3095 circa

171 3110 277 3178 templa
290 3111 439 3181 imagines,
456 3112 483 3164 in
500 3111 611 3165 tbeatro
626 3112 763 3165 distincta
779 3111 993 3178 radiiscorona,
1010 3131 1033 3192 G

171 3187 324 3249 suggestus
340 3182 367 3234 in
394 3183 486 3247 curia,
509 3179 655 3250 fastigium
675 3182 703 3235 in
723 3182 817 3250 deme,
835 3185 941 3238 mensis
964 3184 992 3237 in

172 3250 252 3306 coele.
280 3270 292 3300 a
308 3251 438 3307 linthres.
458 3253 486 3305 in
505 3252 607 3306 Psalm.
624 3266 728 3306 ctvttt:
751 3276 763 3300 ιι
779 3253 839 3307 Νοιι
854 3254 949 3308 stellat
964 3261 994 3308 ut

173 3320 289 3392 lastigie
310 3321 562 3393 calamumque
585 3324 655 3378 bene
677 3331 751 3378 tecta
773 3329 858 3394 atque
885 3326 995 3380 inunita

84 3388 87 3394 ¹
171 3400 249 3447 sunl.
272 3411 284 3440 ιι

208 3464 293 3517 Linea
317 3461 343 3517 9.
366 3494 402 3504 —
425 3466 489 3518 tlttttt
506 3469 615 3532 peremis
640 3467 828 3521 Alttbttntlt'tcis
850 3469 879 3519 in
899 3468 994 3520 oculis.

171 3533 358 3616 alabandina.
371 3549 486 3660 gemmae
496 3545 573 3591 sunt.
587 3553 649 3606 qnae
662 3546 798 3607 petttntut·
808 3538 995 3592 exstabantla

173 3605 243 3660 urbe
257 3605 356 3674 Carta,
384 3609 447 3662 raud
471 3608 570 3675 procul
587 3622 600 3662 a
618 3611 759 3663 blaandro
783 3610 831 3663 liu.
850 3610 921 3664 Plin.
942 3608 992 3663 tib.

172 3678 411 3746 xxtrtt,cap.⁰l:a
427 3678 617 3733 attritandiees
631 3680 793 3804 ttrgstallos.
811 3699 824 3728 u
843 3682 915 3734 ldetn
932 3695 992 3749 cap.

170 3741 293 3814 iejnsd.
307 3749 368 3803 lib:
386 3770 398 3798 a
413 3749 605 3805 Alabandicus
615 3767 662 3805 rar
686 3751 814 3805 unculos.
833 3771 844 3800 ι
862 3753 991 3806 anastas.

173 3817 202 3942 hi
218 3818 357 3900 Gregorio
374 3821 436 3875 tt:
462 3841 474 3872 ι
496 3821 700 3876 Αιιιιιιιιιιιιιιιιε
724 3823 845 3890 tnajotes
875 3837 993 3877 numero

170 3897 318 3958 rgtntt.»

207 3962 292 4016 Linea
305 3958 348 4017 l0.
360 3992 394 4001 -
409 3966 452 4017 Ec
467 3968 578 4028 arpenta
591 3963 717 4017 dolatico.
740 3965 894 4031 Argentum
910 3964 994 4020 tiela-

172 4030 260 4086 ticum
276 4039 320 4086 cst
332 4040 480 4104 argentum
495 4032 633 4096 delatum,
652 4035 692 4089 vel
706 4036 881 4090 dedolatum.

207 4103 292 4157 Littea
307 4101 350 4158 t3.
366 4133 401 4142 -
421 4106 561 4157 ιἰιιιιειιιιιι
588 4106 705 4159 ltttsilt'cac
730 4124 763 4160 ce
786 4123 853 4159 uttro
879 4109 991 4159 lrirttme.

171 4173 296 4239 Camere,
311 4175 338 4227 id
354 4181 396 4228 est
408 4176 520 4230 testudo
533 4176 660 4230 basilicae
671 4177 924 4239 constantinianae,
938 4177 994 4232 luit

172 4243 303 4313 laqueata
316 4258 349 4298 ct
363 4258 434 4299 aare
446 4246 588 4309 Trintmae,
604 4247 631 4301 id
651 4254 692 4301 est
709 4262 741 4302 ει
756 4263 826 4303 auro
850 4249 937 4303 ducto
964 4241 993 4303 in

169 4314 311 4370 bracteas.
327 4315 429 4369 Eodem
444 4328 529 4370 sensa
547 4316 598 4370 bac
610 4331 676 4371 voce
691 4334 760 4372 usas
786 4325 829 4373 cst
854 4320 988 4373 anastas.

171 4387 224 4441 ltoc
237 4386 318 4441 loco:
337 4407 349 4435 ιι
376 4387 454 4441 lt'ecit
475 4396 568 4441 atttent
600 4394 628 4441 et
648 4402 786 4443 cameram
810 4388 937 4444 basilica
960 4404 994 4445 cx

171 4459 287 4512 trimma
298 4459 361 4512 auri
377 4455 541 4528 fulgentem.
556 4477 568 4507 ι
582 4460 621 4513 De
637 4474 692 4528 quo
706 4460 854 4532 Bulenger.
867 4461 902 4516 de
914 4462 990 4516 bem.

171 4528 273 4598 potnit.
294 4528 344 4584 lib.
359 4543 389 4596 n,
408 4544 469 4597 cap.
487 4527 531 4584 iil.

205 4601 290 4654 Linea
314 4597 355 4653 li.
377 4630 413 4639 —
433 4601 567 4669 Sepplturn
589 4603 754 4668 scapularem
770 4619 803 4656 ae
825 4605 992 4656 tnelnlloro-

168 4671 239 4724 rullo
252 4676 387 4734 erretttctnt,
403 4672 524 4739 undique
542 4673 575 4725 da
588 4676 698 4739 pemittt'r
707 4676 830 4742 prasinis
842 4676 992 4742 clltpttctn-

169 4742 253 4796 ticinis
279 4757 348 4795 aitte
372 4743 558 4796 ιἰιιιιιιιιειιιιι.
577 4744 715 4812 staphus.
738 4746 811 4813 qued
838 4754 880 4799 εει
903 4760 992 4816 genus

169 4813 278 4882 poculi,
295 4814 330 4866 dc
346 4814 465 4878 gemmis
480 4828 550 4869 aare
576 4815 749 4870 interclusus
773 4816 892 4878 dicite.
924 4819 991 4886 qnia

187 4896 286 4939 emmae
311 4884 509 4938 includnndttr
529 4898 611 4940 atrro.
635 4886 740 4941 Paulus
763 4887 791 4940 in
817 4888 835 4940 L
859 4887 993 4941 Pedietdis

168 4900 187 5025 ξ
203 4954 228 5017 i,
243 4956 276 5009 tle
288 4971 348 5008 aar.
367 4961 391 5008 ει
405 4961 512 5021 arpent.
527 4956 598 5021 lcpet
615 4975 623 5010 τ
641 4976 653 5006 ιι
669 4959 746 5010 Aure
762 4955 836 5011 lacte
851 4957 995 5013 adnume-

169 5033 483 5097 ranturgcmmaeaure
500 5027 627 5081 inclusae.
645 5045 657 5075 o
671 5028 992 5084 llincinclusoresdicti

168 5098 314 5158 aurillccs,
332 5098 381 5166 qui
406 5110 530 5167 gemmas
551 5112 622 5153 anre
638 5097 798 5152 includunt.
824 5100 988 5169 llierenym.

169 5167 220 5221 lib.
237 5182 252 5220 ι
269 5169 298 5222 in
313 5169 450 5223 llierem.:
468 5188 480 5217 ιι
495 5167 601 5223 Fabros
612 5176 717 5224 antem.
733 5177 760 5223 ct
774 5170 936 5225 inclusores
951 5172 991 5226 tel

168 5236 241 5306 legis
256 5239 436 5307 interpretes,
451 5246 537 5308 atque
549 5240 679 5294 dectores
701 5241 837 5295 debemus
853 5243 992 5311 accipere,

169 5310 211 5363 tel
223 5310 349 5365 artifices
365 5309 583 5379 inclusoresque
599 5311 675 5377 anri,
697 5319 782 5380 atque
804 5325 991 5381 gemmarum,

169 5391 231 5447 qua·
245 5394 292 5434 ars
305 5382 379 5449 apud
393 5381 527 5435 barbaras
539 5382 670 5436 nationes
683 5383 891 5449 pretiosissima
907 5392 958 5438 εει.
977 5402 989 5435 ι

168 5452 320 5518 augustin.
336 5453 371 5507 de
385 5451 538 5506 attrabitib.
561 5466 633 5506 saer.
648 5453 779 5522 Scriptur
809 5453 859 5508 lib.
877 5470 908 5521 ιι,
922 5470 986 5522 cap.

167 5515 203 5573 29
219 5536 225 5570 :
241 5538 252 5567 ιι
267 5522 420 5592 Militibus,
433 5532 460 5577 et
474 5521 573 5591 labris,
590 5531 617 5578 ει
632 5523 840 5580 inclusoribus.
858 5546 871 5575 a
888 5527 989 5580 Eodem

168 5600 255 5643 sensu
268 5591 397 5646 anastas.
421 5593 487 5648 intr.
505 5594 557 5649 bec
576 5594 636 5648 leco
650 5595 747 5649 dixit:
773 5616 784 5645 ι
815 5597 990 5652 candelabra

167 5657 446 5730 aurienateaseptem
459 5672 631 5735 exurgente,
645 5666 800 5723 interclusa
809 5667 916 5737 sigillis
930 5683 991 5737 pro-

169 5729 330 5800 phetarum.
347 5749 359 5779 a
375 5734 407 5785 tit
422 5750 507 5803 snpra
522 5755 528 5789 :
543 5757 555 5787 tt
573 5739 701 5792 Patcnam
718 5737 899 5793 chrismalem
919 5753 990 5795 aare

166 5803 287 5861 elusam.
299 5803 343 5859 att
356 5808 501 5863 centrario
512 5806 678 5864 exclusores
688 5809 836 5872 dicuntur,
849 5810 899 5880 qui
913 5823 989 5879 gem-

1049 1920 1169 1961 causa.o
1185 1912 1316 1959 anastas.
1332 1907 1360 1961 in
1375 1906 1507 1960 benedict
1534 1908 1588 1960 lll:
1609 1927 1623 1957 ι
1639 1907 1816 1963 Cantbarum
1830 1908 1877 1962 in-

1051 1978 1221 2046 terrasilem,
1237 1977 1266 2030 in
1281 1991 1352 2046 quas
1368 1978 1437 2031 titus
1456 1979 1592 2031 mittitur.
1613 1997 1625 2026 ι

1087 2049 1171 2102 Linea
1188 2045 1233 2102 34.
1250 2077 1286 2087 -
1311 2049 1429 2101 Μεινειεε
1450 2053 1502 2101 tres
1522 2064 1555 2100 cu
1582 2054 1701 2115 arqetito
1723 2052 1875 2117 purissimo,

1050 2125 1188 2189 portaturus
1203 2119 1318 2185 sirtpolac
1333 2119 1479 2171 medimnos
1495 2120 1594 2181 elecem,
1611 2127 1669 2174 cte.
1701 2121 1819 2176 aletreta
1840 2130 1878 2176 est

1052 2204 1184 2245 mensura
1208 2190 1397 2257 liquidorum,
1425 2195 1491 2258 puta
1506 2191 1564 2244 vini
1585 2191 1628 2245 vcl
1642 2190 1715 2246 elei.
1730 2193 1878 2248 continens

1052 2262 1210 2316 medimnos
1224 2262 1330 2315 decem.
1347 2261 1505 2315 Medimnns
1518 2262 1597 2329 capit
1611 2263 1730 2317 modies
1742 2276 1804 2317 sex.
1821 2266 1877 2318 tic-

1050 2333 1156 2388 dimna.
1173 2332 1280 2386 mentio
1297 2331 1417 2386 babetur
1434 2332 1532 2386 loann.
1546 2346 1610 2400 cap.
1627 2330 1646 2387 2
1662 2351 1668 2386 ι
1683 2332 1802 2386 *lirare
1829 2331 1878 2386 laz-

1050 2404 1130 2472 ίιδρίαι
1151 2404 1233 2455 sabaei
1252 2402 1275 2464 ἒξ
1301 2403 1407 2471 κείμεναι
1425 2401 1487 2453 κατὰ
1505 2401 1547 2454 τὸν
1569 2401 1729 2473 sarapropter
1744 2411 1795 2456 τῶν
1818 2404 1878 2458 'lea-

1050 2476 1126 2525 δαίιιιν
1145 2480 1273 2544 priapeium
1296 2469 1341 2524 abab
1363 2474 1482 2543 μετρητὰς
1508 2475 1561 2531 δύο,
1584 2494 1599 2539 r,
1625 2484 1704 2544 τρεῖς.
1733 2477 1824 2528 Erant
1847 2477 1878 2528 iii

1049 2538 1284 2614 lrytlriae'lapitieae
1301 2560 1349 2597 sec
1362 2547 1465 2612 posita,
1490 2546 1642 2598 sementiam
1660 2540 1878 2614 purificationem

1049 2617 1213 2683 luctatorum,
1230 2618 1364 2684 capientes
1376 2615 1492 2681 sirtpalae
1504 2622 1634 2669 metretas
1652 2618 1738 2677 duris,
1754 2624 1805 2671 ont
1819 2626 1876 2672 tres.

1049 2686 1137 2756 Quem
1149 2688 1182 2741 ed
1197 2700 1280 2741 usum
1294 2700 1310 2739 a
1323 2687 1510 2741 Constantine
1520 2687 1624 2742 dicatae
1639 2688 1705 2742 sint
1716 2689 1876 2757 bnjusmedi

1052 2765 1185 2821 metreta,
1203 2770 1258 2811 nen
1272 2757 1397 2812 alienum
1413 2762 1456 2811 est
1473 2757 1590 2812 eredere
1605 2771 1656 2812 eas
1669 2759 1766 2824 datas,
1777 2760 1877 2830 quibus

1050 2831 1247 2884 contineretur
1264 2827 1356 2882 oleam
1375 2835 1488 2897 propter
1505 2827 1643 2883 lucernas
1660 2829 1810 2885 Ecclesia.
1824 2832 1877 2885 tle-

1052 2908 1139 2961 tretae.
1149 2898 1393 2961 solebantolferri,
1407 2899 1474 2967 quia
1485 2909 1566 2953 erant
1578 2902 1605 2953 in
1623 2916 1683 2955 usu
1698 2902 1876 2964 ecclesiast

1051 2969 1125 3025 inira
1143 2971 1194 3025 bec
1206 2971 1284 3024 lece:
1301 2990 1312 3021 ι
1329 2973 1458 3024 aletretas
1471 2978 1623 3039 argenteas
1638 2973 1717 3026 duas
1734 2982 1875 3034 pensantes

1050 3040 1296 3096 librasduccntas.
1314 3059 1327 3088 a
1341 3042 1373 3095 Et
1387 3038 1454 3100 inlr.
1470 3042 1543 3094 cod.:
1560 3064 1575 3089 ιι
1593 3044 1750 3098 Metretum
1766 3059 1799 3099 eit
1813 3058 1875 3098 aare

1051 3125 1172 3181 pensans
1186 3112 1275 3167 libras
1289 3119 1401 3166 centum
1419 3112 1635 3183 quinquaginta
1651 3122 1816 3183 portantem
1828 3129 1874 3169 me

1049 3183 1163 3238 dimnes
1180 3191 1245 3239 tres.
1269 3201 1282 3231 t>

1086 3256 1171 3309 Linea
1185 3252 1230 3309 35
1246 3284 1280 3292 —
1302 3252 1472 3307 Contlclobra
1499 3254 1664 3308 aurichalca
1694 3263 1795 3325 septem
1816 3263 1870 3310 ιιιιιι

1050 3327 1161 3390 altaria,
1176 3342 1236 3377 tram
1250 3330 1350 3378 ornata
1365 3341 1412 3377 stto
1425 3341 1459 3378 ear
1472 3330 1597 3391 arpenta,
1614 3328 1870 3394 irtterclttsusiqillit

1047 3398 1254 3466 prophetaram.
1266 3394 1439 3451 Candelabra
1456 3409 1489 3450 ειι
1499 3396 1676 3452 aurichalco
1691 3398 1821 3453 solebant
1834 3412 1871 3453 or·

1052 3469 1115 3522 nari
1139 3467 1258 3536 sigillis,
1278 3468 1305 3521 id
1322 3472 1365 3520 εει
1380 3467 1472 3538 signis
1493 3467 1700 3535 apestolorum
1730 3470 1872 3537 propbeta·

1052 3553 1126 3593 rum.
1142 3542 1239 3592 anast.
1256 3536 1323 3592 inlr.
1341 3537 1392 3591 boc
1414 3539 1494 3591 loce:
1513 3559 1525 3587 ι
1543 3538 1623 3591 Fecit
1637 3547 1737 3594 autem
1757 3540 1872 3594 candela·

1050 3608 1099 3664 bra
1116 3608 1280 3664 aurichalca
1303 3609 1331 3662 in
1350 3607 1468 3674 pedibus
1483 3608 1582 3662 decem
1607 3623 1747 3675 numere,
1763 3621 1873 3681 quatuor

1050 3681 1184 3736 conclusa
1198 3694 1262 3734 cunt
1288 3679 1409 3748 sigilllis
1424 3679 1579 3749 argenteis.
1604 3680 1776 3736 Cerestrata
1796 3695 1868 3736 anre

1050 3751 1148 3806 cbalca
1164 3759 1281 3820 argento
1296 3764 1364 3804 cura
1378 3750 1504 3819 sigillata
1526 3751 1741 3821 quadraginta.
1759 3753 1871 3824 asigiila

1049 3830 1118 3877 sunt
1132 3826 1246 3891 parvula
1260 3822 1350 3888 signa.
1366 3820 1474 3946 Gregor
1497 3821 1605 3875 Turen.
1623 3823 1662 3877 de
1679 3826 1786 3879 altrac.
1808 3839 1872 3878 mar-

1050 3900 1102 3964 tyr.
1121 3893 1169 3948 lib.
1184 3907 1202 3961 1,
1217 3906 1279 3960 cap.
1294 3889 1324 3945 ll
1341 3909 1347 3944 :
1365 3912 1378 3943 ιι
1394 3893 1416 3944 ,ι
1438 3893 1528 3945 oratis
1541 3893 1604 3947 diis
1617 3900 1711 3963 atque
1727 3910 1823 3950 eornm
1844 3896 1873 3948 si·

1049 3964 1131 4035 gillis
1148 3970 1317 4033 prostratus.
1336 3981 1349 4011 o
1366 3964 1463 4017 Vestes
1475 3962 1562 4017 ctiam
1582 3964 1726 4020 sotebant
1743 3967 1872 4020 interisi-

1049 4034 1872 4108 gillisseuimagunculis,undedicnnturrcstcssigilla-

1050 4115 1093 4175 tte,
1105 4109 1133 4161 L.
1150 4104 1193 4160 ll.
1206 4105 1235 4159 C.
1250 4105 1299 4159 Tb.
1316 4105 1454 4159 desecare.
1470 4106 1504 4159 de
1518 4119 1576 4174 quo
1594 4105 1685 4175 plura
1699 4109 1829 4164 dicemus
1840 4108 1872 4162 ita

1049 4176 1246 4233 frasueloco.

1085 4250 1170 4303 Linea
1184 4244 1226 4302 li.
1241 4277 1274 4284 —
1287 4248 1518 4313 Tltpmiatnuleria
1530 4247 1584 4300 clito
1593 4263 1630 4300 ear
1641 4266 1716 4303 ttttro
1725 4253 1870 4320 perimine.

1048 4319 1255 4374 Constantinus
1270 4317 1376 4373 obtulit
1390 4318 1710 4387 thymiamateriaduo.
1726 4323 1753 4376 id
1770 4331 1812 4376 εει
1820 4321 1872 4375 tbu-

1051 4390 1155 4452 ribula,
1171 4393 1205 4444 ad
1229 4391 1283 4445 ltus
1301 4389 1472 4444 adolendum
1488 4395 1555 4442 ante
1569 4388 1676 4444 altare.
1697 4391 1872 4462 Thymiama-

1049 4464 1153 4517 terium
1174 4478 1190 4515 a
1212 4462 1309 4516 Graeco
1341 4462 1497 4529 θυμιατήριον
1532 4459 1603 4527 iijtts
1642 4476 1733 4517 usum
1760 4463 1873 4518 ostendit

1007 4505 1179 4587 Danastas.
1208 4532 1237 4585 itt
1265 4531 1364 4602 Sergio
1386 4545 1392 4581 :
1411 4552 1423 4580 ι
1441 4529 1491 4583 ilic
1515 4527 1586 4584 lecit
1612 4532 1872 4600 thymiamaterium

1047 4617 1164 4659 aureum
1184 4603 1284 4670 majus,
1300 4615 1364 4657 cunt
1397 4601 1541 4655 columnis
1553 4607 1583 4655 et
1603 4605 1795 4672 cooperculo.
1809 4603 1872 4674 qued

1048 4675 1273 4743 suspenditante
1289 4673 1429 4742 imagines
1438 4678 1495 4726 tres
1512 4684 1619 4726 aureas
1632 4672 1716 4728 beati
1734 4677 1806 4731 Petri
1820 4688 1873 4744 apo

1047 4747 1125 4814 stoli,
1143 4747 1171 4799 in
1185 4757 1241 4812 qtte
1255 4744 1414 4809 incensum,
1429 4747 1456 4796 et
1469 4743 1541 4797 eder
1551 4745 1718 4801 suavitatis
1729 4745 1873 4802 lestisdic-

1047 4817 1113 4879 bus,
1152 4817 1303 4869 missarum
1340 4813 1478 4868 solemnia
1513 4813 1719 4881 celebrantur,
1751 4818 1872 4885 omnipo·

1048 4888 1118 4955 tenti
1152 4888 1208 4940 Dee
1228 4885 1395 4954 opulentius
1420 4885 1556 4938 mittitur.
1577 4887 1725 4943 »Tauris
1752 4887 1873 4945 adolendi

1048 4957 1272 5028 atttiqaissimus
1286 4957 1418 5011 Ecclesiae
1431 4957 1505 5009 ritus
1516 4958 1750 5014 commendatur
1765 4979 1771 5014 :
1789 4963 1872 5028 Eraga

1048 5030 1100 5086 i'tb.
1118 5043 1157 5099 tv,
1172 5026 1277 5095 call-6:
1300 5028 1469 5096 (θυμιατήριον
1496 5021 1647 5091 ἐξῃτήσατο,
1674 5030 1718 5082 καὶ
1737 5031 1819 5083 πέντε
1840 5026 1872 5080 :it

1047 5101 1139 5173 χιόνων
1159 5097 1183 5151 ἐν
1205 5111 1226 5151 tit
1246 5100 1441 5164 καθειπιξιεισαν
1464 5092 1638 5165 ἐπιθυμιάσας,
1667 5096 1711 5152 ἐπὶ
1731 5111 1777 5171 γῆς
1802 5097 1872 5154 {sitit

1048 5152 1135 5242 piacet,
1168 5179 1317 5241 προσευχαῖς
1350 5188 1376 5220 τε
1403 5169 1442 5218 καὶ
1470 5168 1548 5226 λιταῖς
1575 5164 1621 5220 τὸν
1645 5168 1707 5223 θεὸν
1733 5174 1871 5243 ἱλεούμειες,

1049 5242 1230 5296 Tberibulttm
1250 5241 1384 5309 postulet,
1396 5244 1421 5293 et
1433 5244 1486 5292 telo
1499 5239 1590 5301 ciero,
1607 5242 1639 5293 in
1653 5258 1713 5310 qtte
1724 5246 1809 5298 sitnttl
1817 5257 1873 5296 con·

1046 5316 1183 5375 stiterunt,
1202 5313 1262 5365 ibas
1280 5311 1391 5365 adolens
1415 5325 1442 5362 sc
1459 5312 1614 5377 prosternit
1631 5311 1727 5382 humi,
1745 5314 1872 5385 precibus.

1045 5390 1071 5439 ει
1092 5384 1261 5437 orationibus
1281 5385 1366 5436 traam
1379 5380 1552 5450 placaturus.

1082 5456 1167 5510 Linea
1184 5451 1225 5508 ti.
1243 5484 1277 5492 -
1291 5454 1401 5506 Fontem
1422 5456 1558 5519 sanctam,
1578 5453 1630 5506 ubi
1661 5454 1823 5528 baptizatas
1843 5462 1874 5510 est

1045 5527 1188 5592 Auqttsttts
1214 5526 1409 5579 llortstttntinus
1429 5523 1571 5576 abeodem
1589 5528 1726 5611 episcope
1743 5529 1872 5586 silcestre.

1045 5597 1178 5652 Cessante
1194 5598 1400 5665 persecutione,
1417 5592 1593 5661 baptisteria
1618 5596 1769 5657 instituta
1783 5600 1813 5657 in
1826 5599 1872 5653 Ec-

1044 5668 1154 5731 clesiis,
1165 5668 1298 5736 baptismi
1311 5663 1477 5721 conterendi
1492 5674 1582 5720 causa
1606 5664 1720 5727 Fontes
1733 5674 1873 5735 necarant,

1045 5740 1120 5808 quod
1136 5738 1172 5793 ab
1187 5739 1273 5793 initio
1285 5738 1444 5806 baptismus
1457 5734 1872 5797 ministmhtnr-inleutibus

1044 5810 1117 5866 lens
1136 5810 1200 5881 iste,
1219 5811 1247 5866 in
1264 5821 1320 5880 que
1341 5806 1505 5878 baptizatus
1522 5808 1812 5889 estcomtlnmq,
1824 5808 1874 5868 luit
1936 5864 1938 5877 ,
