3892 6136
203 286 275 347 4549
813 284 993 342 ANASTASll
1011 283 1284 343 BlBLIOTHECthl
1840 282 1894 344 lib)

322 425 416 489 pens.
434 408 524 488 sing.
539 407 642 470 libras
658 424 724 480 xv3
750 424 905 469 coronam
931 425 1067 471 auream
1089 412 1168 471 ante
1188 424 1318 489 corpus,
1335 405 1393 470 ubi
1417 410 1467 471 est
1494 404 1813 470 Phamecantharus
1834 424 1896 470 cun

321 506 491 588 delphinis
505 505 768 585 quinquaginta,
785 505 843 584 qui
855 521 947 584 pens.
961 505 1019 569 lib.
1037 523 1147 581 xxxv;
1164 505 1272 584 phara
1281 508 1443 584 argentea
1454 504 1489 566 in
1502 504 1634 582 gremio
1649 502 1804 565 basilica
1820 523 1896 566 nrm

324 621 402 667 cum
424 602 606 682 delphinis,
634 619 727 684 pens.
759 602 852 680 sing.
867 601 924 664 lib.
950 602 1063 665 decem
1082 623 1090 679 ;
1114 602 1157 664 ad
1171 601 1341 665 dexteram
1355 600 1503 666 basilica
1524 602 1635 681 phara
1650 606 1819 679 argentea
1832 620 1898 677 xm,

241 706 246 715 '
324 716 417 782 pens.
434 699 523 778 sing.
543 698 600 761 lib.
623 701 830 779 v1n3ipsum
850 701 957 762 altare
972 703 1113 778 argento
1131 702 1164 762 et
1190 717 1272 762 auro
1294 700 1425 764 clusum
1440 718 1518 763 cum
1543 698 1696 777 gemmis
1719 697 1864 775 prasinis
1876 706 1901 761 et

265 799 305 864 25
326 797 558 880 hiacynthinis
572 801 604 862 et
617 797 704 862 albis
719 814 783 862 ccx
794 802 948 859 ornatum
964 797 1123 878 undique,
1139 814 1233 877 pens.
1255 797 1314 861 lib.
1331 814 1413 863 ecca
1427 819 1434 875 ;
1450 795 1768 859 thimiamaterium
1781 812 1824 856 ex
1836 812 1903 858 auro

329 896 509 976 purissimo
523 913 600 958 cum
614 896 759 975 gemmis
773 894 923 975 undique
941 897 1097 957 ornatum
1113 913 1205 957 uum.
1222 913 1265 972 nr,
1281 914 1373 978 pens.
1389 895 1447 959 lib.
1464 913 1523 957 xv.

367 994 435 1056 39.
463 997 547 1056 Item
573 993 609 1055 in
639 993 764 1056 reditus
794 992 930 1067 donum,
960 991 1050 1072 quod
1076 991 1198 1055 obtulit
1224 994 1466 1057 Constantinus
1493 993 1678 1071 Augustus
1702 990 1805 1054 beato
1824 992 1904 1055 Petro

327 1092 475 1171 apostolo
521 1108 579 1170 per
606 1090 781 1154 dioecesem
808 1090 952 1153 Orientis
986 1090 1020 1151 iu
1050 1090 1187 1153 civitate
1213 1091 1438 1154 Antiochia·:
1469 1090 1611 1153 domum
1643 1089 1801 1165 Datiani,
1831 1106 1905 1168 pra-

329 1193 475 1253 etantem
512 1188 633 1251 solidos
668 1188 827 1251 ducentos
867 1186 1107 1268 quadraginta,
1144 1187 1382 1251 domunculam
1418 1188 1546 1251 inoaene
1566 1185 1609 1265 b,
1638 1190 1811 1264 praestans
1837 1187 1905 1247 soli-

327 1286 385 1349 dos
423 1287 548 1366 viginti
584 1289 617 1349 et
650 1285 834 1348 trimisium
860 1301 897 1363 0;
926 1287 1014 1347 Caele
1050 1286 1086 1348 iu
1118 1285 1332 1365 Aphrodisia,
1375 1294 1539 1365 praestans
1579 1285 1713 1348 solidos
1759 1283 1903 1360 viginti;

288 1384 490 1447 5Balneum
520 1383 556 1445 in
596 1386 754 1461 cerateas,
798 1385 962 1461 praestans
1000 1382 1124 1446 solidos
1150 1401 1244 1462 xa113
1270 1383 1480 1446 Pristinumd
1509 1383 1569 1445 ubi
1602 1399 1716 1461 supra
1758 1386 1904 1459 prestans

329 1480 451 1543 solidos
484 1479 609 1558 viginti
648 1484 727 1542 tres.
774 1480 902 1560 Popiua
933 1484 1201 1560 suprapraestans
1240 1479 1363 1543 solidos
1399 1481 1535 1558 decem;
1574 1479 1725 1541 hortum
1762 1477 1902 1554 Maronis,

329 1579 542 1657 praestantem
587 1576 710 1639 solidos
753 1576 894 1655 decem3
934 1577 1069 1640 hortum
1116 1577 1224 1640 alium
1262 1577 1319 1640 ubi
1366 1594 1479 1656 supra,
1525 1580 1759 1655 praestantem
1803 1574 1904 1637 solidos

330 1675 495 1748 undecim,
530 1674 592 1737 sub
624 1673 760 1737 civitate
792 1675 990 1753 Antiochia;
1029 1676 1192 1754 possessio
1238 1674 1362 1738 Sibillae
1394 1675 1518 1737 donata
1548 1673 1595 1736 ab
1634 1679 1798 1752 Augusto
1834 1690 1904 1751 pra·

328 1776 422 1835 stans
460 1770 582 1834 solidos
604 1786 763 1850 cccxxrn,
793 1776 902 1834 cartas
929 1771 1073 1835 decadas
1100 1774 1235 1835 centum
1266 1776 1298 1834 et
1327 1771 1594 1854 quinquaginta,
1625 1776 1823 1833 aromatum
1855 1769 1900 1831 lib.

271 1871 307 1932 10
329 1886 381 1945 cc,
422 1868 556 1932 nardini
586 1869 651 1932 olei
685 1867 743 1930 lib.
786 1885 837 1947 cc,
865 1868 1056 1934 balsamum
1088 1870 1147 1934 lib.
1179 1888 1287 1933 xxxv.
1326 1869 1392 1933 Sub
1418 1869 1555 1932 civitate
1583 1866 1812 1943 Alexandria,
1839 1884 1902 1947 pos-

328 1967 431 2031 sessio
465 1966 633 2042 Timialia,
671 1965 796 2029 donata
832 1970 985 2045 augusto
1022 1968 1242 2031 Constantino
1280 1965 1322 2031 ab
1360 1966 1551 2040 Ambronio,
1586 1970 1764 2044 praestans
1802 1966 1900 2027 solidos

327 2067 499 2128 sexcentos
535 2066 569 2126 et
600 2063 738 2142 viginti,
785 2068 895 2126 cartas
933 2063 1077 2128 decadas
1113 2081 1185 2142 ccc,
1235 2065 1299 2128 olei
1337 2063 1434 2127 nardi
1472 2079 1545 2140 ccc,
1585 2063 1790 2126 balsamum
1820 2063 1899 2124 libras

329 2160 569 2242 quadraginta,
619 2164 770 2222 aromata
814 2159 872 2222 lib.
912 2177 963 2240 ca,
996 2162 1136 2225 storacis
1169 2162 1325 2225 Isauricae
1366 2160 1426 2223 lib.
1458 2162 1486 2223 l.
1517 2161 1700 2223 Possessio
1733 2160 1898 2223 Euthimira

332 2258 427 2320 ducis
468 2262 633 2336 praestans
669 2256 792 2320 solidos
827 2259 1043 2338 quingentos.
1095 2259 1241 2322 Donavit
1281 2262 1457 2337 Augustus
1496 2259 1757 2321 Constantinus
1790 2275 1898 2337 posse:-

269 2359 306 2420 15
328 2357 456 2419 sionem
509 2354 746 2435 Pattinopolim
803 2358 966 2434 praestans
1021 2357 1148 2420 solidos
1191 2357 1413 2435 octingentos,
1464 2360 1580 2419 cartas
1630 2355 1781 2418 decadas
1825 2372 1894 2429 ccco,

323 2453 419 2535 piper
457 2451 648 2514 medemnos
686 2452 950 2532 quinquaginta,
991 2470 1102 2516 crocos
1140 2452 1244 2516 libras
1280 2458 1426 2532 centum,
1469 2459 1602 2516 storace
1644 2453 1755 2516 libras
1789 2462 1896 2515 ceuton

324 2555 357 2613 et
409 2549 671 2630 quinquaginta,
712 2553 864 2612 aromata
903 2551 1012 2614 cassia
1062 2567 1114 2631 cu,
1161 2552 1226 2614 olei
1266 2551 1364 2613 nardi
1406 2549 1510 2612 libras
1552 2566 1631 2631 ccc,
1677 2550 1820 2613 balsami
1852 2550 1893 2611 lib.

329 2662 360 2723 c,
399 2647 461 2708 lini
495 2663 605 2708 sacros
641 2650 788 2720 centum,
826 2647 938 2709 casei⁰
964 2648 1081 2711 sillum
1115 2648 1219 2711 libras
1252 2653 1386 2711 centum
1415 2650 1449 2710 et
1486 2648 1768 2728 quinquaginta,
1810 2649 1896 2709 oleon

328 2742 489 2822 Cyprium
511 2742 569 2804 lib.
599 2745 746 2820 centum,
776 2760 943 2824 papyrum
969 2763 1113 2810 rucanas
1139 2744 1148 2782 ¹
1174 2747 1277 2810 libras
1303 2744 1448 2809 mundas
1477 2745 1586 2807 mille.
1618 2745 1793 2808 Possessio
1817 2761 1895 2825 quan

265 2841 306 2902 20
321 2838 459 2901 donavit
495 2842 638 2916 august.
683 2839 855 2902 Constant.
896 2840 1097 2923 Hybromias
1138 2848 1302 2924 praestans
1337 2841 1460 2906 solidos
1496 2842 1778 2922 quadringentos
1814 2843 1894 2924 quin-

330 2934 508 3017 quaginta,
541 2939 650 2998 cartas
677 2935 819 2999 decadas
856 2953 907 3015 co,
944 2942 1095 3003 aromata
1126 2942 1242 3003 cassia
1274 2939 1333 3003 lib.
1371 2939 1644 3021 quinquaginta,
1681 2941 1745 3003 olei
1780 2938 1890 3002 nardini

325 3032 429 3096 libras
460 3031 632 3112 ducentas,
660 3031 805 3095 balsami
835 3034 937 3097 libras
960 3037 1224 3117 quinquaginta.
1256 3042 1294 3100 ln
1317 3035 1490 3117 provincia
1516 3037 1755 3117 Euphrateusi
1779 3037 1835 3099 sub
1858 3037 1892 3096 ci·

326 3131 431 3193 vitate
458 3129 542 3211 Cyro
568 3131 810 3210 possessionem
835 3134 1100 3196 armanalanam
1127 3138 1341 3214 praestantem
1368 3134 1492 3198 solidos
1527 3150 1719 3217 ccccxxx,
1759 3133 1890 3215 possessio

324 3227 481 3306 Mobaris‚
498 3230 663 3306 praestaus
674 3226 797 3290 solidos
810 3244 906 3293 ccix.

365 3327 432 3387 40.
448 3347 463 3388 s
481 3324 603 3387 Eodem
629 3327 775 3405 tempore
803 3324 880 3390 lecit
908 3329 1082 3406 Augustus
1107 3329 1347 3394 Constantinus
1374 3331 1554 3396 basilicam
1579 3333 1685 3397 beato
1711 3336 1813 3397 Paulo
1831 3348 1890 3411 apo

324 3424 406 3486 stolo
444 3439 486 3484 ex
506 3421 726 3500 suggestione
759 3424 909 3487 silvestri
941 3426 1098 3507 episcopi.
1132 3428 1235 3508 Cujus
1259 3447 1380 3511 corpus
1409 3435 1567 3495 sanctum
1597 3432 1653 3494 ita
1675 3431 1888 3496 recondidit'u

325 3535 390 3583 aare
412 3523 445 3582 et
479 3517 653 3594 conclusit,
683 3519 770 3581 sicut
798 3524 830 3583 et
857 3522 946 3585 beati
979 3522 1067 3586 Petri
1098 3526 1340 3590 Constantinus
1363 3533 1553 3606 Augustus,
1588 3531 1650 3593 cui
1685 3530 1830 3595 basilica
1848 3530 1890 3591 do

328 3611 497 3681 num‘hoc
530 3614 674 3678 obtulit:
696 3617 759 3680 sub
791 3619 893 3680 Tarso
920 3621 1046 3684 Cilicia
1073 3621 1109 3683 iu
1136 3623 1252 3686 insula
1274 3624 1448 3688 Cordiouis
1475 3630 1650 3705 praestans
1666 3628 1791 3698 solidos
1807 3627 1889 3689 octiu-

288 3719 456 3796 5gentos.
480 3712 601 3775 Omnia
625 3714 716 3777 enim
742 3733 825 3777 vasa
847 3720 978 3778 sacrata
1003 3735 1116 3798 aurea,
1144 3726 1308 3800 argentea
1334 3728 1395 3787 aut
1418 3740 1504 3786 area
1529 3725 1580 3786 ita
1611 3727 1742 3805 posuit,
1774 3727 1890 3788 sicutet

327 3813 364 3874 in
389 3810 565 3874 basilicam
592 3811 701 3874 sancti
734 3811 823 3875 Petri
852 3814 1004 3893 apostoli,
1036 3815 1084 3879 ita
1118 3820 1152 3881 et
1179 3818 1268 3883 beati
1298 3822 1396 3885 Pauli
1426 3822 1569 3903 apostoli
1598 3823 1789 3887 ordinavit.
1805 3823 1890 3887 Sedet

328 3924 460 3974 crucem
493 3925 630 3971 auream
657 3926 756 3991 super
777 3911 886 3973 locum
909 3911 999 3973 beati
1026 3915 1122 3977 Pauli
1142 3919 1284 3995 apostoli
1311 3920 1421 3997 posuit
1435 3924 1649 4000 pensantem
1669 3922 1777 3985 libras
1790 3927 1890 3985 oeutru

334 4009 368 4070 et
406 4004 668 4087 quinquaginta.
708 4005 774 4069 Sub
796 4007 934 4070 civitate
962 4008 1064 4089 Tyria
1094 4014 1256 4090 possessio
1268 4016 1440 4095 comitum,
1467 4020 1641 4096 praestans
1666 4020 1794 4084 solidos
1818 4019 1890 4100 quiu-

328 4116 448 4191 geutos
471 4115 504 4174 et
533 4111 809 4192 quinquaginta3
835 4116 1000 4193 possessio
1028 4116 1149 4192 Timia,
1177 4125 1342 4200 prestans
1368 4122 1494 4185 solidos
1508 4125 1680 4189 ducentos
1696 4132 1730 4190 et
1753 4128 1889 4209 quinqua

271 4219 307 4280 10
328 4217 450 4295 ginta,
480 4217 643 4295 possessio
670 4218 869 4280 Pronimusa
898 4225 1062 4302 praestans
1085 4224 1207 4287 solidos
1231 4221 1475 4308 septingentos,
1504 4232 1624 4296 oleum
1657 4233 1836 4297 nardinum
1861 4230 1889 4290 li·
1932 4262 1935 4279 ι

325 4311 402 4376 bras
430 4312 659 4391 septuaginta,
683 4319 833 4376 aromata
853 4317 929 4380 libr
959 4319 1222 4401 quinquaginta,
1253 4327 1384 4388 acassia
1406 4326 1484 4389 libr.
1502 4333 1661 4393 centum.
1695 4332 1765 4395 Sub
1788 4330 1888 4394 cirino

331 4410 470 4493 AEgypti
500 4410 662 4491 possessio
691 4411 840 4492 Cyprias,
868 4421 1032 4494 praestans
1047 4418 1170 4481 solidos
1192 4421 1422 4501 septingentos
1447 4428 1480 4488 at
1503 4423 1635 4506 decem,
1667 4430 1783 4492 oleum
1804 4423 1934 4490 nardi·
1930 4428 1934 4443 ‘

331 4535 415 4583 num
449 4516 507 4580 lib.
534 4517 762 4596 septuaginta,
797 4516 985 4585 balsamum
1018 4523 1092 4591 libr.
1119 4527 1275 4607 triginta,
1301 4533 1450 4591 aromata
1475 4529 1552 4593 libr
1582 4537 1820 4615 septuaginta
1843 4544 1887 4592 ιιι
1930 4534 1934 4581 ¹

332 4631 409 4679 race
426 4614 502 4678 libr.
516 4613 671 4694 triginta,
686 4618 814 4678 stacten
830 4617 888 4679 lib.
914 4624 989 4681 cent
991 4638 1049 4684 um
1064 4630 1096 4688 et
1122 4624 1383 4706 quinquaginta.
1409 4627 1580 4690 Possessio
1607 4632 1885 4716 Basileapraesan

273 4715 311 4778 15
329 4711 452 4776 solidos
493 4711 697 4792 quingentos
733 4717 767 4775 et
790 4713 1053 4796 quinquaginta,
1086 4726 1237 4785 aromata
1269 4723 1344 4786 libr.
1375 4723 1649 4805 quinquaginta,
1687 4732 1800 4794 oleum
1833 4742 1885 4788 ιιι

333 4811 451 4874 dinum
477 4808 553 4870 libr.
586 4810 777 4887 sexaginta
804 4811 994 4878 balsamum
1017 4817 1092 4882 libr.
1120 4818 1258 4897 viginti,
1283 4836 1392 4882 crocos
1405 4818 1481 4882 lrbr
1498 4825 1745 4903 septuaginta.
1760 4829 1815 4890 Pos
1816 4822 1882 4886 sest

332 4911 447 4973 insula
480 4908 672 4989 Machabeo,
715 4913 879 4988 praestans
920 4913 1043 4978 solidos
1075 4915 1281 4995 quingentos
1310 4918 1344 4979 et
1383 4915 1508 4996 decem,
1547 4936 1731 5002 papyrum
1763 4919 1880 4987 mundun

331 5022 473 5070 racanas
492 5005 709 5087 quingentas,
727 5006 836 5070 linum
849 5025 960 5073 saccos
972 5014 1147 5078 trecentos.

770 5260 909 5307 NOTULAE
941 5263 1153 5312 MARGINALES
1184 5267 1356 5316 FABROT'I'I.

240 5459 332 5514 ·ltem
354 5463 383 5516 in
406 5462 511 5517 reditus
534 5463 628 5517 domus
653 5466 682 5518 B.
701 5464 776 5517 Petri
794 5462 892 5516 obtulit
908 5467 1104 5521 Constantinus
1122 5483 1171 5536 por
1185 5469 1309 5526 dioeceses
1330 5470 1448 5525 Ονίειιίι
1467 5471 1524 5528 bac
1549 5477 1582 5530 in
1611 5481 1729 5537 ciuitate
1749 5475 1871 5536 latialit-

214 5549 229 5591 b
257 5552 367 5611 vicere.
395 5560 423 5624 C,
449 5558 657 5614 elischowe
684 5559 883 5616 treruisseru.d
909 5560 937 5627 (³,
957 5560 1123 5630 pistrinum.
1145 5574 1157 5602 ⁰
1182 5566 1210 5634 C,
1233 5567 1489 5640 cariophyllorum.
1514 5569 1669 5648 sPapyrii
1694 5592 1786 5636 carra
1806 5566 1873 5627 ‘W

204 5634 306 5692 Ilaron.
322 5643 359 5696 od
381 5660 447 5700 ann.
462 5646 542 5701 Dum.
565 5642 628 5702 324.
