3892 6136
588 310 635 367 ΑΙ)
654 310 912 370 euobbdoblltua
935 311 1152 372 aubsubsmll
1176 315 1266 372 EDlTr
1283 308 1498 368 lioba-valle.

402 675 714 780 nabebunt
749 676 837 779 AD
873 673 1248 784 opusculum
1285 670 1689 783 eumdumius

703 897 760 962 bil
792 897 1051 964 REGIONIBUS
1083 900 1208 964 URBIS
1239 900 1379 963 ROMAE.

223 1210 293 1267 cum
322 1208 408 1268 hocce
422 1207 563 1280 opusculo
585 1205 715 1279 septimi,
736 1205 779 1264 vel
805 1205 897 1264 octavi
913 1204 1013 1262 saeculi
1023 1228 1053 1290 Α
1069 1206 1191 1263 manime
1213 1206 1392 1264 doctissimis
1410 1208 1484 1264 uiris
1504 1205 1708 1281 intelligimus,
1734 1207 1892 1280 praesertin

192 1299 384 1358 itineraintra
403 1297 505 1355 Urbem
520 1297 664 1367 descripta
683 1297 744 1352 sint
755 1309 805 1367 per
817 1295 1013 1367 quatordecim
1068 1295 1236 1352 mabillonio
1259 1296 1509 1353 incommentario
1525 1296 1560 1352 ad
1579 1295 1717 1355 Ordinem
1734 1297 1893 1354 Romanum

192 1388 279 1444 istius
291 1388 423 1460 regiones
433 1392 535 1459 quarto
555 1391 620 1443 ante
635 1386 729 1456 ipsum
743 1384 848 1440 seculo
859 1398 876 1439 a
889 1382 973 1455 bulo,
986 1387 1015 1439 et
1070 1384 1110 1440 ila
1122 1384 1259 1441 scribenti
1276 1399 1338 1458 pag.
1353 1383 1404 1441 l8:

192 1478 330 1534 al'ictorc
342 1476 511 1547 descriptas,
522 1473 801 1546 placuiteditoribus
812 1472 1013 1528 Analectorum
1106 1493 1120 1526 r
1141 1473 1293 1545 Explorato
1312 1479 1356 1530 est
1369 1474 1454 1531 Urbis
1473 1474 1581 1532 divisio
1595 1475 1625 1532 in
1640 1480 1748 1548 septem
1763 1475 1894 1548 regiones

192 1564 236 1621 illi
265 1566 409 1639 praefigere
433 1565 551 1622 titulum
580 1565 731 1634 Descriptio
758 1564 898 1631 reqionum
924 1561 1013 1616 Urbis.
1069 1563 1287 1636 ecclesiasticas,
1309 1579 1373 1620 cum
1395 1578 1428 1620 en
1443 1565 1566 1637 Augusti
1579 1566 1692 1623 decreto
1709 1567 1896 1639 in,qnatuor-

191 1656 341 1725 Propterea
353 1656 521 1712 censuimus
530 1653 664 1710 nonnibil
679 1654 812 1723 prodesse
820 1652 855 1708 ad
867 1651 1014 1707 illustran-
1068 1653 1160 1709 decim
1187 1652 1291 1710 inisset
1310 1655 1488 1711 distributa:
1510 1657 1558 1712 scd
1578 1655 1662 1728 longe
1676 1655 1832 1712 obscurior
1842 1659 1893 1726 est,

190 1746 259 1805 dum
272 1745 467 1819 anastasiam,
482 1753 511 1801 et
526 1743 616 1814 Vitas,
635 1744 683 1799 nbi
693 1743 824 1815 regiones
838 1742 923 1798 Urbis
939 1756 1015 1813 prae-
1069 1756 1133 1812 quae
1148 1750 1241 1798 tamen
1252 1743 1334 1814 longe
1348 1742 1682 1815 posteriorinit,divisio
1693 1745 1744 1801 illa
1755 1744 1896 1801 ecclesia-

191 1851 257 1911 sepe
268 1837 444 1894 indicantur.
1069 1832 1151 1903 stica,
1164 1837 1261 1902 utpote
1275 1834 1357 1888 modo
1372 1833 1508 1906 obsoleta,
1529 1847 1614 1904 quam
1627 1833 1735 1905 civilis,
1755 1835 1893 1891 bactenus

227 1929 330 1985 Verum
353 1928 483 1998 regiones
497 1924 659 1996 Anastasio,
671 1927 700 1980 et
719 1922 951 1980 bibliothecariis
966 1936 1014 1979 re-
1066 1926 1188 1976 retenta.
1201 1921 1334 1977 omnium
1348 1923 1455 1993 optime
1467 1923 1614 1979 Nardinus
1627 1924 1729 1991 situm,
1740 1937 1776 1980 ac
1787 1922 1893 1979 limites

191 2018 318 2090 censita,
334 2021 403 2072 sunt
420 2021 527 2085 septem
546 2015 623 2086 illae3
647 2014 818 2084 quandoque
832 2018 1015 2069 occurrentes
1069 2011 1211 2080 cujusque
1226 2011 1353 2082 regionis
1370 2011 1572 2068 ecclesiasticae
1591 2011 1752 2084 assignavit
1768 2026 1804 2070 ex
1817 2013 1894 2068 bna-

190 2107 276 2164 ctiam
290 2106 319 2162 in
340 2104 425 2161 libris
438 2104 604 2160 liitnalibus
623 2104 737 2159 ordinis
753 2103 883 2174 Romani,
902 2103 931 2158 in
943 2116 1014 2174 quas
1069 2101 1168 2171 stasio,
1181 2100 1231 2170 qni
1246 2106 1368 2157 montem
1379 2103 1551 2158 Aventinam
1566 2101 1595 2157 in
1612 2103 1715 2172 prima,
1726 2102 1758 2157 in
1769 2103 1893 2160 munda

191 2195 298 2250 summi
309 2194 459 2267 pontifices
470 2193 774 2266 redegeruntvetustas
784 2193 1013 2264 quatuordecim,
1070 2191 1145 2246 viam
1170 2191 1377 2258 Mamertinam,
1400 2190 1550 2247 basilicam
1571 2193 1603 2248 s.
1630 2192 1782 2249 murentii
1809 2206 1893 2264 super

190 2284 227 2340 ab
253 2285 383 2355 Augusto
405 2283 637 2353 constituisset
662 2283 691 2338 in
713 2284 844 2353 antiquis
868 2283 1016 2352 lapidibus
1070 2285 1199 2336 sanctum
1221 2278 1390 2334 elementem
1423 2280 1453 2336 in
1475 2280 1568 2350 tertia,
1597 2285 1624 2336 ei
1639 2285 1727 2350 caput
1751 2281 1840 2338 Tauri
1861 2283 1887 2338 in

191 2373 363 2446 singillatim
378 2378 569 2445 enumeratas,
580 2371 722 2442 precipue
734 2384 799 2428 vero
814 2372 843 2427 in
853 2372 1015 2442 Capitolino
1071 2372 1172 2441 quinta
1182 2369 1313 2425 collocat.
1332 2369 1411 2425 Alias
1425 2370 1557 2441 designat
1576 2370 1650 2426 idem
1662 2375 1767 2426 auctor
1778 2384 1813 2427 ex
1824 2384 1889 2428 con-

192 2476 334 2520 marmore
348 2462 401 2519 sub
411 2460 538 2517 Adriano
550 2459 626 2531 apud
639 2464 793 2517 Gruterum
801 2460 879 2518 edito
890 2462 938 2517 iol.
951 2459 1016 2536 uio,
1068 2463 1189 2529 jectnra.
1200 2459 1250 2513 ilis
1264 2460 1336 2514 adde
1350 2461 1379 2514 in
1393 2460 1508 2532 regione
1517 2467 1617 2531 quarta
1631 2459 1752 2516 titulum
1765 2461 1891 2531 Vestina,

192 2568 221 2609 n.
237 2553 265 2625 8,
283 2566 405 2624 quarum
420 2552 450 2607 in
465 2551 560 2607 locum
585 2556 787 2606 successerunt
800 2550 886 2620 paulo
900 2551 1015 2610 diversa
1034 2563 1105 2629 B-ex
1117 2549 1203 2604 veteri
1216 2549 1404 2619 inscriptione
1419 2564 1482 2620 quae
1497 2551 1604 2622 legitur
1623 2549 1653 2606 in
1669 2550 1766 2607 Romae
1778 2549 1894 2607 subter-

192 2643 463 2712 circumscriptione
477 2639 694 2712 quatuordecim
713 2641 843 2711 regiones
857 2641 940 2698 Urbis
960 2644 1015 2700 bo-
1071 2651 1162 2695 raneae
1181 2643 1257 2694 tomo
1271 2641 1306 2709 ll,
1328 2652 1379 2694 seu
1403 2638 1454 2694 lib.
1471 2652 1511 2711 nv,
1527 2653 1589 2710 cap.
1611 2637 1657 2710 ab,
1678 2639 1728 2696 ubi
1758 2640 1893 2697 laudatur

191 2733 428 2790 diedictaeltioui.
436 2731 679 2802 Videmuritaque
688 2732 815 2788 vitarum
826 2733 1012 2804 expositioni,
1068 2730 1277 2793 Abundantius,
1297 2730 1438 2799 ocotptbus
1449 2745 1506 2798 rep.
1524 2735 1629 2800 quarte
1647 2733 1680 2785 tt.
1695 2730 1823 2786 Vestina.
1841 2732 1893 2802 Qui

191 2830 220 2880 et
234 2822 373 2880 lectorum
390 2820 538 2877 commodo
559 2818 676 2876 felicius
687 2820 860 2893 consulturi,
874 2822 899 2877 si
914 2829 1016 2893 praeter
1069 2821 1174 2878 titulus
1186 2821 1232 2877 SS.
1255 2821 1395 2889 Gervasii,
1411 2825 1440 2877 et
1452 2821 1586 2894 Protasii,
1608 2834 1660 2878 seu
1682 2823 1778 2878 sancti
1793 2823 1894 2879 vitalis

192 2914 303 2969 viarum
322 2911 441 2978 indicia,
458 2923 649 2981 proponamus
663 2909 835 2980 perbrevem
855 2910 1015 2969 indicatio-
1069 2918 1166 2984 postea
1179 2911 1379 2981 appellatus.»

193 3016 255 3059 nem
270 3012 330 3057 tum
344 3001 493 3072 regionum
507 3001 724 3070 quatuordecim
738 3000 774 3055 ab
788 2999 918 3071 Augusto
932 3002 1015 3071 posi·
1104 3003 1225 3059 Nardini
1239 3001 1407 3056 sententium
1422 2999 1556 3072 igitnrde
1569 2998 1739 3074 regionibus
1748 3001 1894 3058 ecclesias

191 3098 285 3150 tarum
307 3098 336 3147 et
350 3091 404 3147 sub
419 3089 577 3145 Theodosio
593 3090 723 3159 principe
750 3102 799 3159 per
812 3089 963 3159 Victorem,
986 3096 1015 3147 et
1069 3091 1146 3165 licis,
1157 3104 1241 3163 qnam
1250 3106 1314 3162 cap.
1331 3088 1357 3161 l,
1371 3090 1440 3146 libri
1451 3091 1569 3147 secundi
1580 3091 1761 3163 perscripsit,
1777 3091 1895 3148 itared-

191 3182 297 3239 liuinm
309 3181 520 3252 descriptarum
534 3193 582 3251 per
598 3181 710 3251 potiora
722 3180 845 3236 aedilicia
860 3181 890 3236 in
911 3181 1013 3238 iisdem
1067 3181 1143 3237 dam.
1160 3185 1315 3237 praemonet
1327 3185 1457 3252 Augusto
1471 3181 1614 3251 placuisse
1626 3193 1781 3237 numerum
1797 3183 1894 3254 regio-

190 3272 304 3329 inclusa
322 3291 330 3344 ς
351 3278 412 3328 tum
433 3279 540 3341 septem
559 3270 819 3327 ecclesiasticarum
839 3271 882 3342 (ut
900 3273 1013 3342 vocant)
1069 3285 1137 3329 num
1153 3272 1247 3342 Urbis,
1264 3271 1314 3342 qni
1332 3273 1548 3341 quaternarium
1559 3285 1616 3328 non
1626 3271 1782 3328 excedebat
1791 3285 1828 3328 ex
1841 3285 1894 3328 an-

189 3359 656 3434 quaspontiiicesnostritotidem
670 3359 1015 3417 diaconisadmrnistran-
1068 3363 1150 3433 tiqua
1171 3363 1334 3432 partitione,
1356 3361 1560 3417 commodioris
1580 3361 1732 3433 regiminis
1751 3376 1840 3419 causa
1860 3362 1893 3419 ad

187 3451 496 3522 dasconorediderunt,
510 3462 560 3505 neo
571 3448 871 3520 nonsnbdiaconis,ac
880 3449 1013 3517 notariis,
1069 3453 1286 3523 quatuordecim
1307 3465 1422 3524 augere,
1443 3465 1564 3522 quarum
1590 3453 1660 3509 lines
1686 3467 1721 3509 ex
1744 3454 1895 3510 recensitis

188 3543 224 3599 ad
238 3551 301 3599 acta
316 3555 472 3612 martyrum
482 3539 634 3597 scribenda
648 3545 676 3595 et
696 3539 867 3612 colligenda.
883 3538 1015 3610 Utraque
1068 3555 1118 3612 per
1140 3544 1291 3616 Victorem,
1315 3549 1344 3599 et
1358 3541 1473 3615 linium,
1495 3548 1524 3598 et
1537 3543 1675 3599 Notitiam
1691 3545 1811 3614 imperii
1823 3545 1894 3601 udi-

188 3631 315 3688 nitidius
330 3633 555 3701 perciperentur,
581 3630 606 3684 si
626 3630 842 3685 delinearentur
862 3629 892 3684 in
906 3628 1014 3684 Tabula
1068 3632 1188 3689 ilciisac
1208 3632 1281 3689 locis
1293 3631 1505 3688 illustrioribus
1515 3632 1599 3690 bodie
1609 3632 1695 3689 etiam
1704 3633 1895 3705 cognitiscc

189 3734 246 3777 una
269 3732 335 3776 cum
348 3720 469 3776 indiciis
489 3719 610 3790 viarum,
627 3719 725 3775 addita
746 3720 832 3774 ctiam
850 3724 929 3788 parte
950 3718 1013 3788 agri
1069 3728 1212 3779 natusest
1227 3723 1288 3792 ipsc
1307 3721 1392 3778 nobis
1409 3722 1544 3779 exhibere
1563 3721 1733 3794 punctuatis
1758 3721 1849 3780 lineis
1866 3723 1893 3779 in

188 3809 361 3881 suburbani,
380 3823 443 3880 quae
466 3813 702 3865 commonstraret
727 3809 888 3866 coemeteria
906 3812 1015 3880 biarby-
1069 3813 1160 3885 iignra
1175 3828 1238 3887 pag.
1257 3812 1301 3870 50.
1319 3815 1389 3869 Tum
1405 3813 1520 3870 subdit:
1824 3858 1831 3867 ,

189 3915 253 3956 rum
269 3901 382 3971 potiora
395 3900 472 3954 intra
482 3897 699 3955 secundnmaut
712 3899 830 3954 tertium
840 3898 964 3969 lapidem
978 3896 1013 3955 ab
1028 3905 1053 3969 c
1104 3906 1194 3975 dicier
1214 3905 1366 3974 difficultas
1382 3906 1474 3960 subest
1492 3903 1604 3974 (linium
1628 3901 1801 3975 regionibus
1817 3902 1895 3960 assi-

187 3992 274 4048 Urbis
285 3990 436 4047 moenibus.
453 3989 484 4045 ld
498 4003 563 4046 vero
577 3995 710 4059 prestare
726 3988 805 4045 incili
819 3990 933 4060 negotio
945 3991 1013 4061 quis
1068 3997 1256 4069 gnandornm)
1264 4012 1313 4067 per
1332 4002 1453 4068 tempore
1462 3997 1612 4067 primitiae
1626 3995 1766 4060 Ecclesia,
1779 3993 1896 4067 quando

189 4082 304 4154 poterit,
328 4082 353 4137 si
369 4082 455 4137 unica
482 4081 573 4152 figura
599 4080 805 4149 complectatur
828 4093 912 4136 unam
936 4080 1011 4150 aliud
1067 4088 1198 4159 regiones
1216 4086 1381 4143 distribute
1397 4085 1515 4143 inerunt
1534 4099 1583 4155 per
1597 4085 1897 4156 pontificeslnostrosl

188 4174 348 4231 Nardinum
365 4172 486 4226 incisam
506 4172 536 4226 in
554 4171 608 4225 bne
621 4169 689 4225 libri
710 4170 808 4241 primi,
824 4176 852 4226 et
870 4172 953 4243 duas,
968 4171 1011 4226 vei
1066 4177 1200 4246 notariis,
1214 4190 1247 4231 ac
1260 4177 1409 4232 diaconis:
1424 4179 1464 4233 De
1474 4176 1639 4233 Clementel
1654 4175 1760 4232 scribit
1768 4176 1897 4232 Anasta-

188 4272 246 4321 tres
267 4280 283 4319 a
306 4262 437 4320 Fabretto
459 4263 618 4318 delineatas
632 4263 662 4316 in
679 4263 817 4332 opusculo
839 4264 954 4320 erudito
977 4264 1012 4318 de
1066 4267 1143 4324 sius:
1169 4267 1274 4338 Septem
1292 4270 1413 4322 notarios
1429 4269 1551 4322 instituit
1572 4266 1673 4337 quibus
1696 4267 1823 4334 repioues
1847 4265 1894 4320 di-

186 4355 279 4425 Aquis
300 4358 329 4409 et
349 4352 578 4424 aqueductibus.
604 4351 739 4409 Numeris
755 4348 780 4422 i,
794 4351 888 4409 bibet
908 4351 1012 4410 biba
1066 4360 1140 4425 visit,
1161 4363 1192 4412 ut
1205 4363 1281 4425 posto
1303 4364 1466 4428 marturum,
1489 4364 1542 4414 etc.
1566 4358 1619 4413 Ubi
1643 4372 1709 4414 cum
1732 4364 1839 4430 agatur
1861 4357 1897 4412 de

187 4443 366 4501 Nardiniana
376 4442 493 4515 colliget
508 4442 639 4514 regiones
652 4441 868 4513 quatuordecim
893 4443 1006 4500 civiles.
1067 4449 1282 4519 quatuordecim
1299 4450 1430 4521 antiquis
1449 4449 1617 4520 regionibus
1627 4449 1802 4507 distributis
1817 4449 1896 4505 intra

187 4533 418 4592 blabrettianis
434 4534 615 4590 mutuabitur
627 4533 698 4603 rias,
708 4537 737 4588 et
746 4533 808 4605 agri
817 4534 936 4589 Romani
948 4532 1014 4590 snb·
1067 4544 1173 4608 septem
1197 4540 1335 4609 notarios,
1355 4538 1495 4595 credibile
1512 4545 1566 4609 est,
1587 4538 1703 4596 duabus
1725 4538 1895 4610 regionibns

103 4614 104 4618 ’
189 4626 292 4682 urbani
321 4637 470 4682 mensuras
493 4622 719 4694 diligentissime
743 4622 780 4679 ab
802 4628 1014 4696 complanet
1067 4627 1199 4700 singulos
1224 4629 1352 4685 notarios
1374 4628 1565 4701 praeposuisse
1586 4628 1761 4686 Clementem
1786 4629 1895 4703 (piures

189 4721 316 4778 incisas:
331 4722 405 4777 unde
416 4721 645 4778 coemeteriorum
662 4719 724 4775 loca
745 4733 794 4789 per
808 4721 871 4777 vias
882 4719 1014 4791 singulas
1069 4719 1175 4791 quippe
1185 4730 1242 4776 nou
1254 4718 1418 4789 requirebat
1433 4721 1464 4775 in
1483 4717 1609 4791 singuiis
1621 4720 1895 4792 exigunsnumerus

187 4812 345 4884 assignare,
356 4807 509 4885 [adhibitis
518 4811 604 4867 etiam
613 4811 706 4881 Bosio,
720 4808 871 4883 bringbio,
883 4810 918 4867 de
926 4812 1015 4867 iionna
1067 4811 1307 4880 Christianorum,
1324 4811 1375 4881 qni
1388 4816 1449 4870 erat
1458 4825 1507 4882 per
1522 4811 1624 4868 Urbem
1632 4809 1723 4868 ferme
1736 4810 1894 4883 equabitu-

189 4903 386 4973 subterranea,
397 4909 426 4959 et
438 4902 566 4959 boldetto
580 4902 616 4958 de
634 4900 892 4959 Observationibns
902 4902 936 4958 ad
948 4902 1015 4958 Coe-
1068 4909 1112 4959 ter
1122 4903 1324 4976 dispertitus),
1341 4910 1391 4962 aut
1407 4919 1458 4976 pro
1477 4905 1560 4962 modo
1577 4903 1696 4974 majoris
1710 4903 1836 4970 numeri,
1851 4899 1893 4958 uei

190 4989 332 5066 meteria],
346 5006 401 5048 non
413 4993 468 5048 erit
483 4992 616 5049 arduum.
630 4992 660 5048 Si
681 5006 731 5063 per
748 4992 956 5064 typographum
971 4992 1015 5049 li·
1068 4994 1200 5068 minoris,
1215 5006 1244 5052 et
1263 4997 1292 5051 in
1305 5010 1478 5068 unaquaque
1496 4996 1611 5070 regione
1629 4993 1751 5066 diversi,
1776 5007 1795 5050 a
1814 4992 1894 5049 beato

190 5081 295 5150 cuerit,
309 5080 435 5137 tabulam
451 5083 683 5154 topograpbicam
694 5081 862 5137 curabimus
878 5082 1016 5155 Proiego·
1066 5084 1208 5142 Clemente
1219 5086 1361 5158 regionem
1372 5087 1461 5145 alicui
1475 5101 1571 5160 unam,
1582 5086 1667 5144 alteri
1680 5085 1764 5155 duas,
1781 5085 1895 5141 veltres

193 5170 287 5228 menis
299 5170 329 5224 in
345 5169 400 5225 line
414 5174 621 5242 apponendam.
637 5172 755 5226 interim
770 5184 804 5226 ex
819 5173 947 5229 Nardino
964 5173 1014 5227 in·
1067 5173 1159 5231 inisse
1173 5176 1344 5247 assignatas.
1358 5178 1434 5234 idem
1443 5178 1615 5235 Anastasius
1625 5175 1755 5248 prodidit
1770 5175 1808 5232 de
1823 5176 1894 5232 Era·
1931 5224 1934 5228 .

192 5261 299 5318 dicatis
320 5259 535 5329 quatuordecim
558 5259 726 5331 regionibus
741 5259 878 5318 civilibus
889 5261 1013 5335 Augusti
1030 5265 1151 5336 oristo,
1163 5272 1270 5336 septem
1286 5268 1423 5325 diaconos
1436 5268 1526 5326 inisse
1536 5270 1571 5326 ab
1581 5281 1614 5325 eo
1625 5268 1821 5326 constitutos:
1835 5263 1895 5338 qni·

192 5351 306 5408 decreto
315 5348 464 5421 delinitus,
472 5357 500 5405 et
515 5350 606 5421 ligura
621 5349 731 5418 abipso
746 5349 887 5407 delineata
901 5360 1016 5409 utemur
1070 5353 1125 5411 bus
1137 5354 1281 5414 Fabianus
1292 5372 1392 5430 regens
1403 5361 1560 5416 Ecclesiam
1574 5361 1653 5418 circa
1665 5373 1775 5417 annum
1785 5355 1893 5416 Christi

194 5457 257 5515 pag.
271 5441 316 5511 50,
339 5438 474 5499 nonnihil
492 5445 584 5497 lamen
597 5439 765 5512 corrigenda
783 5454 818 5498 ex
837 5442 968 5501 liabretto
985 5447 1014 5503 in
1068 5447 1235 5508 238dirisit
1248 5453 1465 5523 quatuordecim
1475 5455 1605 5526 regiones
1618 5453 1755 5510 urbanas.
1766 5453 1896 5520 Repiouee

193 5533 309 5606 regione
325 5534 426 5603 prima,
442 5536 556 5603 propter
568 5532 657 5588 situm
672 5534 874 5605 veterisportus
885 5535 1013 5607 Capenae,
1068 5541 1190 5597 urbanos
1199 5548 1299 5613 septem
1313 5545 1473 5600 ommatius
1485 5545 1589 5606 diomit,
1600 5549 1702 5616 septem
1711 5541 1897 5615 qaoqcesub-

191 5622 1012 5683 aFabrettorerinsindicatnmsnbbortisblatibaeiorum.
1068 5631 1195 5688 ducenos
1209 5635 1320 5696 cccvii,
1336 5637 1493 5706 quiseptem
1506 5637 1623 5691 mierum
1640 5637 1826 5707 imminerent,
1842 5636 1895 5691 eto.

193 5715 326 5786 Ejnsdem
337 5713 423 5771 etlam
440 5714 560 5771 Nardini
576 5715 746 5773 senentiam
759 5716 795 5773 dc
808 5720 915 5787 septem
929 5717 1017 5774 eccle·
1066 5721 1231 5792 llucnsque,
1247 5721 1316 5780 licet
1330 5725 1449 5797 notarii,
1463 5739 1497 5782 ac
1508 5724 1625 5785 diaconi
1638 5725 1896 5795 dicantnrsepten

193 5805 323 5863 sinsticis
338 5805 505 5878 regionibns
514 5806 613 5866 Latine
626 5807 787 5880 reddemus,
798 5820 885 5878 quam
898 5807 1013 5880 probari
1068 5813 1282 5886 tantummodo;
1305 5820 1430 5874 atamen
1454 5816 1586 5889 regiones
1611 5819 1752 5890 apparent
1777 5813 1896 5874 totidem
