<?xml version="1.0" encoding="UTF-8"?>
<!DOCTYPE html PUBLIC "-//W3C//DTD XHTML 1.0 Transitional//EN"
    "http://www.w3.org/TR/xhtml1/DTD/xhtml1-transitional.dtd">
<html xmlns="http://www.w3.org/1999/xhtml" xml:lang="en" lang="en">
 <head>
  <title>
</title>
<meta http-equiv="Content-Type" content="text/html;charset=utf-8" />
  <meta name='ocr-system' content='tesseract 3.04.00' />
  <meta name='ocr-capabilities' content='ocr_page ocr_carea ocr_par ocr_line ocrx_word'/>
</head>
<body>
  <div class='ocr_page' id='page_1' title='image "./patrologiaecurs48unkngoog_0731.png"; bbox 0 0 3884 6126; ppageno 0'>
   <div class='ocr_carea' id='block_1_1' title="bbox 54 351 127 409">
    <p class='ocr_par' dir='ltr' id='par_1_1' title="bbox 54 351 127 409">
     <span class='ocr_line' id='line_1_1' title="bbox 54 351 127 409; baseline -0.027 0"><span class='ocrx_word' id='word_1_1' title='bbox 54 351 127 409; x_wconf 85' lang='grc'>4453</span> 
     </span>
    </p>
   </div>
   <div class='ocr_carea' id='block_1_2' title="bbox 455 350 1381 409">
    <p class='ocr_par' dir='ltr' id='par_1_2' title="bbox 455 350 1381 409">
     <span class='ocr_line' id='line_1_2' title="bbox 455 350 1381 409; baseline 0 -2"><span class='ocrx_word' id='word_1_2' title='bbox 455 352 613 409; x_wconf 80' lang='lat' dir='ltr'>HISTORIA</span> <span class='ocrx_word' id='word_1_3' title='bbox 633 355 678 408; x_wconf 80' lang='lat' dir='ltr'>bu</span> <span class='ocrx_word' id='word_1_4' title='bbox 699 353 785 407; x_wconf 70' lang='lat' dir='ltr'>vilis</span> <span class='ocrx_word' id='word_1_5' title='bbox 806 353 890 407; x_wconf 82' lang='lat' dir='ltr'>boni.</span> <span class='ocrx_word' id='word_1_6' title='bbox 914 350 1012 406; x_wconf 89' lang='lat' dir='ltr'>PONT.</span> <span class='ocrx_word' id='word_1_7' title='bbox 1032 382 1069 392; x_wconf 91' lang='lat'><em>-</em></span> <span class='ocrx_word' id='word_1_8' title='bbox 1085 354 1113 406; x_wconf 82' lang='lat' dir='ltr'>S.</span> <span class='ocrx_word' id='word_1_9' title='bbox 1135 351 1381 408; x_wconf 78' lang='lat' dir='ltr'>EUTYClllllNUS.</span> 
     </span>
    </p>
   </div>
   <div class='ocr_carea' id='block_1_3' title="bbox 1657 355 1760 416">
    <p class='ocr_par' dir='ltr' id='par_1_3' title="bbox 1657 355 1760 416">
     <span class='ocr_line' id='line_1_3' title="bbox 1657 355 1760 416; baseline 0.019 -2"><span class='ocrx_word' id='word_1_10' title='bbox 1657 382 1662 390; x_wconf 90' lang='lat'><strong>·</strong></span> <span class='ocrx_word' id='word_1_11' title='bbox 1691 355 1760 416; x_wconf 82' lang='grc'>4454</span> 
     </span>
    </p>
   </div>
   <div class='ocr_carea' id='block_1_4' title="bbox 30 471 1762 601">
    <p class='ocr_par' dir='ltr' id='par_1_4' title="bbox 30 471 1762 601">
     <span class='ocr_line' id='line_1_4' title="bbox 30 471 1762 601; baseline 0.006 -72"><span class='ocrx_word' id='word_1_12' title='bbox 30 471 32 477; x_wconf 77' lang='grc'>’</span> <span class='ocrx_word' id='word_1_13' title='bbox 53 476 171 601; x_wconf 46' lang='lat' dir='ltr'>&amp;uineae</span> <span class='ocrx_word' id='word_1_14' title='bbox 183 488 244 528; x_wconf 91' lang='lat' dir='ltr'>eam</span> <span class='ocrx_word' id='word_1_15' title='bbox 267 473 321 528; x_wconf 89' lang='lat' dir='ltr'>vim</span> <span class='ocrx_word' id='word_1_16' title='bbox 337 476 549 545; x_wconf 75' lang='lat' dir='ltr'>contraherent,</span> <span class='ocrx_word' id='word_1_17' title='bbox 567 477 650 530; x_wconf 90' lang='lat' dir='ltr'>iidem</span> <span class='ocrx_word' id='word_1_18' title='bbox 672 490 704 530; x_wconf 94' lang='lat' dir='ltr'>ac</span> <span class='ocrx_word' id='word_1_19' title='bbox 725 489 805 545; x_wconf 90' lang='lat' dir='ltr'>spem</span> <span class='ocrx_word' id='word_1_20' title='bbox 820 475 922 532; x_wconf 79' lang='lat' dir='ltr'>cre-A</span> <span class='ocrx_word' id='word_1_21' title='bbox 937 482 1096 531; x_wconf 81' lang='lat' dir='ltr'>senatorem</span> <span class='ocrx_word' id='word_1_22' title='bbox 1113 477 1275 532; x_wconf 85' lang='lat' dir='ltr'>Bonarrotti</span> <span class='ocrx_word' id='word_1_23' title='bbox 1289 478 1317 532; x_wconf 93' lang='lat' dir='ltr'>iri</span> <span class='ocrx_word' id='word_1_24' title='bbox 1332 477 1480 534; x_wconf 88' lang='lat' dir='ltr'>Observat.</span> <span class='ocrx_word' id='word_1_25' title='bbox 1496 482 1530 537; x_wconf 92' lang='lat' dir='ltr'>ad</span> <span class='ocrx_word' id='word_1_26' title='bbox 1545 489 1652 540; x_wconf 86' lang='lat' dir='ltr'>vitreas</span> <span class='ocrx_word' id='word_1_27' title='bbox 1666 485 1762 540; x_wconf 87' lang='lat' dir='ltr'>lamel·</span> 
     </span>
     <span class='ocr_line' id='line_1_5' title="bbox 74 560 90 601; baseline 0 0"><span class='ocrx_word' id='word_1_28' title='bbox 74 560 90 601; x_wconf 93' lang='grc'>0</span> 
     </span>
    </p>
   </div>
   <div class='ocr_carea' id='block_1_5' title="bbox 54 545 883 1825">
    <p class='ocr_par' dir='ltr' id='par_1_5' title="bbox 54 545 883 1825">
     <span class='ocr_line' id='line_1_6' title="bbox 92 545 882 615; baseline 0 -15"><span class='ocrx_word' id='word_1_29' title='bbox 92 546 186 601; x_wconf 89' lang='grc'>04400</span> <span class='ocrx_word' id='word_1_30' title='bbox 198 545 343 600; x_wconf 90' lang='lat' dir='ltr'>excitandi</span> <span class='ocrx_word' id='word_1_31' title='bbox 356 547 383 599; x_wconf 94' lang='lat' dir='ltr'>in</span> <span class='ocrx_word' id='word_1_32' title='bbox 394 547 493 610; x_wconf 85' lang='lat' dir='ltr'>Deum,</span> <span class='ocrx_word' id='word_1_33' title='bbox 508 553 540 601; x_wconf 91' lang='lat' dir='ltr'>ut</span> <span class='ocrx_word' id='word_1_34' title='bbox 556 561 603 615; x_wconf 92' lang='lat' dir='ltr'>per</span> <span class='ocrx_word' id='word_1_35' title='bbox 611 546 736 614; x_wconf 88' lang='lat' dir='ltr'>ejusdem</span> <span class='ocrx_word' id='word_1_36' title='bbox 749 547 882 615; x_wconf 88' lang='lat' dir='ltr'>martyris</span> 
     </span>
     <span class='ocr_line' id='line_1_7' title="bbox 55 616 882 687; baseline 0.002 -16"><span class='ocrx_word' id='word_1_37' title='bbox 55 617 292 672; x_wconf 83' lang='lat' dir='ltr'>intercessionem</span> <span class='ocrx_word' id='word_1_38' title='bbox 311 616 337 671; x_wconf 91' lang='lat' dir='ltr'>id</span> <span class='ocrx_word' id='word_1_39' title='bbox 355 630 370 670; x_wconf 90' lang='lat' dir='ltr'>a</span> <span class='ocrx_word' id='word_1_40' title='bbox 386 618 500 672; x_wconf 90' lang='lat' dir='ltr'>Cbristo</span> <span class='ocrx_word' id='word_1_41' title='bbox 522 618 642 672; x_wconf 87' lang='lat' dir='ltr'>Domino</span> <span class='ocrx_word' id='word_1_42' title='bbox 657 619 794 687; x_wconf 84' lang='lat' dir='ltr'>consequi</span> <span class='ocrx_word' id='word_1_43' title='bbox 813 632 882 687; x_wconf 92' lang='lat' dir='ltr'>pos-</span> 
     </span>
     <span class='ocr_line' id='line_1_8' title="bbox 56 688 882 758; baseline -0.002 -14"><span class='ocrx_word' id='word_1_44' title='bbox 56 695 130 751; x_wconf 86' lang='lat' dir='ltr'>sent,</span> <span class='ocrx_word' id='word_1_45' title='bbox 146 689 221 758; x_wconf 90' lang='lat' dir='ltr'>quod</span> <span class='ocrx_word' id='word_1_46' title='bbox 238 688 339 742; x_wconf 90' lang='lat' dir='ltr'>merito</span> <span class='ocrx_word' id='word_1_47' title='bbox 356 688 420 743; x_wconf 90' lang='lat' dir='ltr'>fidei</span> <span class='ocrx_word' id='word_1_48' title='bbox 434 689 532 756; x_wconf 81' lang='lat' dir='ltr'>(Maru.</span> <span class='ocrx_word' id='word_1_49' title='bbox 548 689 575 757; x_wconf 85' lang='lat' dir='ltr'>v)</span> <span class='ocrx_word' id='word_1_50' title='bbox 592 703 641 757; x_wconf 91' lang='lat' dir='ltr'>per</span> <span class='ocrx_word' id='word_1_51' title='bbox 652 695 815 744; x_wconf 89' lang='lat' dir='ltr'>contactum</span> <span class='ocrx_word' id='word_1_52' title='bbox 831 703 882 743; x_wconf 87' lang='lat' dir='ltr'>ve-</span> 
     </span>
     <span class='ocr_line' id='line_1_9' title="bbox 57 758 880 830; baseline 0 -16"><span class='ocrx_word' id='word_1_53' title='bbox 57 760 114 814; x_wconf 84' lang='lat' dir='ltr'>stis</span> <span class='ocrx_word' id='word_1_54' title='bbox 127 758 283 813; x_wconf 86' lang='grc'>00040400</span> <span class='ocrx_word' id='word_1_55' title='bbox 306 759 408 813; x_wconf 90' lang='grc'>004404</span> <span class='ocrx_word' id='word_1_56' title='bbox 428 759 589 829; x_wconf 87' lang='lat' dir='ltr'>evangelica</span> <span class='ocrx_word' id='word_1_57' title='bbox 611 759 748 826; x_wconf 79' lang='lat' dir='ltr'>obtinuit,</span> <span class='ocrx_word' id='word_1_58' title='bbox 763 765 790 814; x_wconf 88' lang='grc'>04</span> <span class='ocrx_word' id='word_1_59' title='bbox 805 759 880 830; x_wconf 87' lang='lat' dir='ltr'>quod</span> 
     </span>
     <span class='ocr_line' id='line_1_10' title="bbox 58 829 879 899; baseline -0.002 -14"><span class='ocrx_word' id='word_1_60' title='bbox 58 830 449 898; x_wconf 82' lang='lat' dir='ltr'>umbrapraetereuntisPetri</span> <span class='ocrx_word' id='word_1_61' title='bbox 463 830 609 899; x_wconf 82' lang='lat' dir='ltr'>languidis</span> <span class='ocrx_word' id='word_1_62' title='bbox 626 829 760 886; x_wconf 82' lang='lat' dir='ltr'>afferebat</span> <span class='ocrx_word' id='word_1_63' title='bbox 774 831 879 899; x_wconf 81' lang='lat' dir='ltr'>(Actor.</span> 
     </span>
     <span class='ocr_line' id='line_1_11' title="bbox 54 900 883 971; baseline 0.004 -17"><span class='ocrx_word' id='word_1_64' title='bbox 54 900 81 969; x_wconf 90' lang='grc'>4)</span> <span class='ocrx_word' id='word_1_65' title='bbox 92 907 121 956; x_wconf 93' lang='grc'>04</span> <span class='ocrx_word' id='word_1_66' title='bbox 132 903 208 971; x_wconf 81' lang='lat' dir='ltr'>quod</span> <span class='ocrx_word' id='word_1_67' title='bbox 222 901 406 971; x_wconf 74' lang='lat' dir='ltr'>praestantius</span> <span class='ocrx_word' id='word_1_68' title='bbox 416 909 467 967; x_wconf 86' lang='lat' dir='ltr'>est,</span> <span class='ocrx_word' id='word_1_69' title='bbox 480 901 641 970; x_wconf 92' lang='lat' dir='ltr'>exemplum</span> <span class='ocrx_word' id='word_1_70' title='bbox 651 902 817 957; x_wconf 87' lang='grc'>0044044400</span> <span class='ocrx_word' id='word_1_71' title='bbox 828 900 883 957; x_wconf 89' lang='grc'>404-</span> 
     </span>
     <span class='ocr_line' id='line_1_12' title="bbox 57 972 882 1042; baseline 0.001 -16"><span class='ocrx_word' id='word_1_72' title='bbox 57 972 199 1028; x_wconf 89' lang='lat' dir='ltr'>titudinis</span> <span class='ocrx_word' id='word_1_73' title='bbox 221 985 237 1026; x_wconf 88' lang='grc'>4</span> <span class='ocrx_word' id='word_1_74' title='bbox 262 972 416 1027; x_wconf 88' lang='grc'>0004004440</span> <span class='ocrx_word' id='word_1_75' title='bbox 431 973 577 1038; x_wconf 77' lang='lat' dir='ltr'>brandeis,</span> <span class='ocrx_word' id='word_1_76' title='bbox 595 977 730 1042; x_wconf 84' lang='lat' dir='ltr'>tanquam</span> <span class='ocrx_word' id='word_1_77' title='bbox 750 986 766 1027; x_wconf 89' lang='grc'>4</span> <span class='ocrx_word' id='word_1_78' title='bbox 782 974 882 1029; x_wconf 89' lang='grc'>0000-</span> 
     </span>
     <span class='ocr_line' id='line_1_13' title="bbox 56 1043 882 1113; baseline 0.002 -16"><span class='ocrx_word' id='word_1_79' title='bbox 56 1045 131 1099; x_wconf 88' lang='grc'>04400</span> <span class='ocrx_word' id='word_1_80' title='bbox 147 1044 288 1100; x_wconf 88' lang='grc'>00044040</span> <span class='ocrx_word' id='word_1_81' title='bbox 301 1043 358 1097; x_wconf 91' lang='grc'>0404</span> <span class='ocrx_word' id='word_1_82' title='bbox 375 1044 524 1098; x_wconf 90' lang='lat' dir='ltr'>memorari</span> <span class='ocrx_word' id='word_1_83' title='bbox 543 1044 747 1113; x_wconf 83' lang='lat' dir='ltr'>intelligerent,</span> <span class='ocrx_word' id='word_1_84' title='bbox 764 1044 832 1099; x_wconf 94' lang='lat' dir='ltr'>dum</span> <span class='ocrx_word' id='word_1_85' title='bbox 849 1057 882 1099; x_wconf 90' lang='lat' dir='ltr'>ea</span> 
     </span>
     <span class='ocr_line' id='line_1_14' title="bbox 56 1114 882 1171; baseline -0.001 -1"><span class='ocrx_word' id='word_1_86' title='bbox 56 1115 158 1170; x_wconf 90' lang='lat' dir='ltr'>devote</span> <span class='ocrx_word' id='word_1_87' title='bbox 172 1115 353 1170; x_wconf 88' lang='lat' dir='ltr'>osculantur.</span> <span class='ocrx_word' id='word_1_88' title='bbox 371 1114 426 1169; x_wconf 86' lang='lat' dir='ltr'>ilac</span> <span class='ocrx_word' id='word_1_89' title='bbox 439 1115 515 1168; x_wconf 94' lang='lat' dir='ltr'>enim</span> <span class='ocrx_word' id='word_1_90' title='bbox 528 1115 724 1170; x_wconf 80' lang='lat' dir='ltr'>consolatione</span> <span class='ocrx_word' id='word_1_91' title='bbox 740 1114 882 1171; x_wconf 89' lang='lat' dir='ltr'>fraudari-</span> 
     </span>
     <span class='ocr_line' id='line_1_15' title="bbox 56 1184 880 1255; baseline -0.001 -14"><span class='ocrx_word' id='word_1_92' title='bbox 56 1187 111 1241; x_wconf 89' lang='lat' dir='ltr'>dos</span> <span class='ocrx_word' id='word_1_93' title='bbox 124 1184 880 1255; x_wconf 84' lang='lat' dir='ltr'>nonessejudicaruntconfratresmartyrumsummi</span> 
     </span>
     <span class='ocr_line' id='line_1_16' title="bbox 58 1257 880 1326; baseline -0.001 -15"><span class='ocrx_word' id='word_1_94' title='bbox 58 1257 370 1326; x_wconf 75' lang='lat' dir='ltr'>pontificesqnisacra</span> <span class='ocrx_word' id='word_1_95' title='bbox 379 1270 476 1310; x_wconf 85' lang='lat' dir='ltr'>corum</span> <span class='ocrx_word' id='word_1_96' title='bbox 487 1258 742 1325; x_wconf 88' lang='lat' dir='ltr'>corporastudiose</span> <span class='ocrx_word' id='word_1_97' title='bbox 754 1257 880 1322; x_wconf 88' lang='lat' dir='ltr'>recondi,</span> 
     </span>
     <span class='ocr_line' id='line_1_17' title="bbox 57 1327 881 1395; baseline 0 -13"><span class='ocrx_word' id='word_1_98' title='bbox 57 1329 230 1392; x_wconf 83' lang='lat' dir='ltr'>sanguinem</span> <span class='ocrx_word' id='word_1_99' title='bbox 244 1328 342 1393; x_wconf 83' lang='lat' dir='ltr'>colligi</span> <span class='ocrx_word' id='word_1_100' title='bbox 359 1328 491 1395; x_wconf 77' lang='lat' dir='ltr'>spongiis</span> <span class='ocrx_word' id='word_1_101' title='bbox 514 1340 547 1382; x_wconf 88' lang='lat' dir='ltr'>ac</span> <span class='ocrx_word' id='word_1_102' title='bbox 566 1328 674 1391; x_wconf 91' lang='lat' dir='ltr'>linteis,</span> <span class='ocrx_word' id='word_1_103' title='bbox 692 1327 881 1383; x_wconf 86' lang='lat' dir='ltr'>loculamenta</span> 
     </span>
     <span class='ocr_line' id='line_1_18' title="bbox 56 1399 881 1468; baseline 0 -16"><span class='ocrx_word' id='word_1_104' title='bbox 56 1405 196 1453; x_wconf 88' lang='grc'>0000040</span> <span class='ocrx_word' id='word_1_105' title='bbox 209 1399 371 1463; x_wconf 89' lang='lat' dir='ltr'>occludi,et</span> <span class='ocrx_word' id='word_1_106' title='bbox 387 1399 782 1468; x_wconf 89' lang='lat' dir='ltr'>indiciismartyriidecorari</span> <span class='ocrx_word' id='word_1_107' title='bbox 798 1411 881 1454; x_wconf 90' lang='lat' dir='ltr'>cura·</span> 
     </span>
     <span class='ocr_line' id='line_1_19' title="bbox 58 1468 882 1540; baseline -0.001 -16"><span class='ocrx_word' id='word_1_108' title='bbox 58 1476 138 1532; x_wconf 89' lang='lat' dir='ltr'>runt,</span> <span class='ocrx_word' id='word_1_109' title='bbox 150 1483 198 1537; x_wconf 92' lang='lat' dir='ltr'>per</span> <span class='ocrx_word' id='word_1_110' title='bbox 211 1471 339 1524; x_wconf 87' lang='lat' dir='ltr'>notarios</span> <span class='ocrx_word' id='word_1_111' title='bbox 353 1470 380 1523; x_wconf 92' lang='grc'>40</span> <span class='ocrx_word' id='word_1_112' title='bbox 393 1476 453 1524; x_wconf 88' lang='grc'>0044</span> <span class='ocrx_word' id='word_1_113' title='bbox 464 1468 630 1534; x_wconf 79' lang='lat' dir='ltr'>referendis,</span> <span class='ocrx_word' id='word_1_114' title='bbox 644 1469 882 1540; x_wconf 85' lang='lat' dir='ltr'>quemadmodum</span> 
     </span>
     <span class='ocr_line' id='line_1_20' title="bbox 56 1541 882 1610; baseline -0.002 -15"><span class='ocrx_word' id='word_1_115' title='bbox 56 1541 177 1610; x_wconf 84' lang='lat' dir='ltr'>pianum</span> <span class='ocrx_word' id='word_1_116' title='bbox 193 1541 224 1596; x_wconf 87' lang='lat' dir='ltr'>iii</span> <span class='ocrx_word' id='word_1_117' title='bbox 236 1554 270 1595; x_wconf 90' lang='lat' dir='ltr'>ex</span> <span class='ocrx_word' id='word_1_118' title='bbox 292 1541 407 1595; x_wconf 89' lang='lat' dir='ltr'>collatis</span> <span class='ocrx_word' id='word_1_119' title='bbox 423 1542 603 1607; x_wconf 67' lang='lat' dir='ltr'>testimoniis</span> <span class='ocrx_word' id='word_1_120' title='bbox 613 1541 750 1610; x_wconf 74' lang='lat' dir='ltr'>Cypriani</span> <span class='ocrx_word' id='word_1_121' title='bbox 765 1549 794 1595; x_wconf 91' lang='grc'>04</span> <span class='ocrx_word' id='word_1_122' title='bbox 809 1542 882 1594; x_wconf 85' lang='lat' dir='ltr'>Pru-</span> 
     </span>
     <span class='ocr_line' id='line_1_21' title="bbox 55 1611 883 1682; baseline -0.002 -16"><span class='ocrx_word' id='word_1_123' title='bbox 55 1612 163 1678; x_wconf 88' lang='grc'>000444,</span> <span class='ocrx_word' id='word_1_124' title='bbox 180 1611 287 1681; x_wconf 86' lang='lat' dir='ltr'>quibus</span> <span class='ocrx_word' id='word_1_125' title='bbox 299 1612 365 1666; x_wconf 90' lang='lat' dir='ltr'>addi</span> <span class='ocrx_word' id='word_1_126' title='bbox 379 1618 498 1680; x_wconf 91' lang='lat' dir='ltr'>possunt</span> <span class='ocrx_word' id='word_1_127' title='bbox 511 1611 690 1676; x_wconf 75' lang='lat' dir='ltr'>Ambrosius,</span> <span class='ocrx_word' id='word_1_128' title='bbox 700 1611 883 1682; x_wconf 79' lang='lat' dir='ltr'>Augustinus</span> 
     </span>
     <span class='ocr_line' id='line_1_22' title="bbox 56 1683 881 1752; baseline -0.002 -15"><span class='ocrx_word' id='word_1_129' title='bbox 56 1689 86 1737; x_wconf 88' lang='lat' dir='ltr'>et</span> <span class='ocrx_word' id='word_1_130' title='bbox 105 1684 304 1752; x_wconf 85' lang='lat' dir='ltr'>Hieronymus,</span> <span class='ocrx_word' id='word_1_131' title='bbox 321 1683 449 1751; x_wconf 81' lang='grc' dir='ltr'>044400ος</span> <span class='ocrx_word' id='word_1_132' title='bbox 466 1696 574 1738; x_wconf 88' lang='lat' dir='ltr'>necnon</span> <span class='ocrx_word' id='word_1_133' title='bbox 590 1696 624 1737; x_wconf 91' lang='lat' dir='ltr'>ex</span> <span class='ocrx_word' id='word_1_134' title='bbox 647 1689 799 1738; x_wconf 89' lang='lat' dir='ltr'>memorata</span> <span class='ocrx_word' id='word_1_135' title='bbox 816 1683 881 1751; x_wconf 90' lang='lat' dir='ltr'>epi-</span> 
     </span>
     <span class='ocr_line' id='line_1_23' title="bbox 57 1754 879 1825; baseline -0.001 -18"><span class='ocrx_word' id='word_1_136' title='bbox 57 1754 134 1808; x_wconf 89' lang='lat' dir='ltr'>stola</span> <span class='ocrx_word' id='word_1_137' title='bbox 157 1754 289 1823; x_wconf 80' lang='lat' dir='ltr'>Gregorii</span> <span class='ocrx_word' id='word_1_138' title='bbox 312 1755 418 1825; x_wconf 68' lang='grc'>4410004,</span> <span class='ocrx_word' id='word_1_139' title='bbox 436 1759 556 1808; x_wconf 89' lang='grc'>40044040</span> <span class='ocrx_word' id='word_1_140' title='bbox 584 1755 833 1818; x_wconf 90' lang='lat' dir='ltr'>consuetudinem,</span> <span class='ocrx_word' id='word_1_141' title='bbox 850 1754 879 1806; x_wconf 95' lang='lat' dir='ltr'>in</span> 
     </span>
    </p>
   </div>
   <div class='ocr_carea' id='block_1_6' title="bbox 937 546 1761 840">
    <p class='ocr_par' dir='ltr' id='par_1_6' title="bbox 937 546 1761 840">
     <span class='ocr_line' id='line_1_24' title="bbox 938 546 1758 620; baseline 0.016 -20"><span class='ocrx_word' id='word_1_142' title='bbox 938 547 980 600; x_wconf 92' lang='lat' dir='ltr'>las</span> <span class='ocrx_word' id='word_1_143' title='bbox 993 548 1218 603; x_wconf 83' lang='lat' dir='ltr'>cmiiieteriorum</span> <span class='ocrx_word' id='word_1_144' title='bbox 1238 548 1297 603; x_wconf 88' lang='lat' dir='ltr'>tab.</span> <span class='ocrx_word' id='word_1_145' title='bbox 1323 546 1348 613; x_wconf 98' lang='grc'>4,</span> <span class='ocrx_word' id='word_1_146' title='bbox 1365 565 1447 605; x_wconf 87' lang='grc'>4400.</span> <span class='ocrx_word' id='word_1_147' title='bbox 1466 546 1490 618; x_wconf 94' lang='grc'>4,</span> <span class='ocrx_word' id='word_1_148' title='bbox 1514 558 1541 607; x_wconf 85' lang='grc'>04</span> <span class='ocrx_word' id='word_1_149' title='bbox 1556 553 1612 608; x_wconf 87' lang='grc'>440.</span> <span class='ocrx_word' id='word_1_150' title='bbox 1638 552 1664 620; x_wconf 90' lang='grc'>4,</span> <span class='ocrx_word' id='word_1_151' title='bbox 1680 571 1758 612; x_wconf 93' lang='lat' dir='ltr'>num.</span> 
     </span>
     <span class='ocr_line' id='line_1_25' title="bbox 937 615 1758 696; baseline 0.017 -25"><span class='ocrx_word' id='word_1_152' title='bbox 937 615 964 681; x_wconf 73' lang='grc'>0,</span> <span class='ocrx_word' id='word_1_153' title='bbox 981 625 1007 672; x_wconf 88' lang='grc'>04</span> <span class='ocrx_word' id='word_1_154' title='bbox 1032 618 1087 672; x_wconf 88' lang='grc'>440.</span> <span class='ocrx_word' id='word_1_155' title='bbox 1104 619 1130 687; x_wconf 86' lang='grc'>0,</span> <span class='ocrx_word' id='word_1_156' title='bbox 1148 633 1225 674; x_wconf 91' lang='lat' dir='ltr'>num.</span> <span class='ocrx_word' id='word_1_157' title='bbox 1239 617 1273 686; x_wconf 71' lang='lat'>2,</span> <span class='ocrx_word' id='word_1_158' title='bbox 1298 626 1326 674; x_wconf 90' lang='grc'>04</span> <span class='ocrx_word' id='word_1_159' title='bbox 1337 621 1407 674; x_wconf 88' lang='lat' dir='ltr'>Caii.</span> <span class='ocrx_word' id='word_1_160' title='bbox 1426 622 1586 677; x_wconf 82' lang='lat' dir='ltr'>boldettum</span> <span class='ocrx_word' id='word_1_161' title='bbox 1612 640 1674 696; x_wconf 87' lang='lat' dir='ltr'>pag.</span> <span class='ocrx_word' id='word_1_162' title='bbox 1695 626 1758 691; x_wconf 70' lang='grc'>000,</span> 
     </span>
     <span class='ocr_line' id='line_1_26' title="bbox 937 686 1758 766; baseline 0.016 -24"><span class='ocrx_word' id='word_1_163' title='bbox 937 689 998 743; x_wconf 89' lang='grc'>400.</span> <span class='ocrx_word' id='word_1_164' title='bbox 1017 686 1041 754; x_wconf 94' lang='grc'>4,</span> <span class='ocrx_word' id='word_1_165' title='bbox 1057 703 1134 745; x_wconf 89' lang='lat' dir='ltr'>num.</span> <span class='ocrx_word' id='word_1_166' title='bbox 1152 687 1185 745; x_wconf 95' lang='grc'>40</span> <span class='ocrx_word' id='word_1_167' title='bbox 1200 696 1228 744; x_wconf 90' lang='grc'>04</span> <span class='ocrx_word' id='word_1_168' title='bbox 1240 688 1270 743; x_wconf 93' lang='grc'>44</span> <span class='ocrx_word' id='word_1_169' title='bbox 1289 708 1296 757; x_wconf 85' lang='grc'>;</span> <span class='ocrx_word' id='word_1_170' title='bbox 1314 704 1423 747; x_wconf 91' lang='lat' dir='ltr'>necnon</span> <span class='ocrx_word' id='word_1_171' title='bbox 1437 694 1561 763; x_wconf 89' lang='lat' dir='ltr'>picturis</span> <span class='ocrx_word' id='word_1_172' title='bbox 1577 694 1630 750; x_wconf 93' lang='lat' dir='ltr'>boc</span> <span class='ocrx_word' id='word_1_173' title='bbox 1645 698 1706 766; x_wconf 91' lang='lat' dir='ltr'>ipso</span> <span class='ocrx_word' id='word_1_174' title='bbox 1729 701 1758 755; x_wconf 95' lang='lat' dir='ltr'>in</span> 
     </span>
     <span class='ocr_line' id='line_1_27' title="bbox 937 760 1761 840; baseline 0.013 -27"><span class='ocrx_word' id='word_1_175' title='bbox 937 760 1100 815; x_wconf 82' lang='lat' dir='ltr'>coemeterio</span> <span class='ocrx_word' id='word_1_176' title='bbox 1121 761 1215 817; x_wconf 89' lang='lat' dir='ltr'>adbuc</span> <span class='ocrx_word' id='word_1_177' title='bbox 1231 761 1374 825; x_wconf 87' lang='lat' dir='ltr'>videndis,</span> <span class='ocrx_word' id='word_1_178' title='bbox 1392 778 1463 834; x_wconf 88' lang='lat' dir='ltr'>quas</span> <span class='ocrx_word' id='word_1_179' title='bbox 1477 765 1585 832; x_wconf 88' lang='lat' dir='ltr'>pridem</span> <span class='ocrx_word' id='word_1_180' title='bbox 1600 767 1761 840; x_wconf 77' lang='lat' dir='ltr'>nringbius</span> 
     </span>
    </p>
   </div>
   <div class='ocr_carea' id='block_1_7' title="bbox 928 830 1758 913">
    <p class='ocr_par' dir='ltr' id='par_1_7' title="bbox 928 830 1758 913">
     <span class='ocr_line' id='line_1_28' title="bbox 928 830 1758 913; baseline 0.008 -25"><span class='ocrx_word' id='word_1_181' title='bbox 928 830 1093 888; x_wconf 80' lang='lat' dir='ltr'>delineavit</span> <span class='ocrx_word' id='word_1_182' title='bbox 1105 832 1134 887; x_wconf 94' lang='grc'>40</span> <span class='ocrx_word' id='word_1_183' title='bbox 1145 831 1300 887; x_wconf 87' lang='grc'>040400404</span> <span class='ocrx_word' id='word_1_184' title='bbox 1318 832 1405 901; x_wconf 85' lang='lat' dir='ltr'>bajus</span> <span class='ocrx_word' id='word_1_185' title='bbox 1420 838 1575 891; x_wconf 83' lang='lat' dir='ltr'>coemeterii</span> <span class='ocrx_word' id='word_1_186' title='bbox 1586 837 1643 892; x_wconf 85' lang='lat' dir='ltr'>tab.</span> <span class='ocrx_word' id='word_1_187' title='bbox 1654 836 1681 907; x_wconf 72' lang='grc'>0,</span> <span class='ocrx_word' id='word_1_188' title='bbox 1695 855 1758 913; x_wconf 86' lang='lat' dir='ltr'>pag.</span> 
     </span>
    </p>
   </div>
   <div class='ocr_carea' id='block_1_8' title="bbox 936 898 1761 1823">
    <p class='ocr_par' dir='ltr' id='par_1_8' title="bbox 936 898 1761 1823">
     <span class='ocr_line' id='line_1_29' title="bbox 936 898 1761 1031; baseline 0.016 -76"><span class='ocrx_word' id='word_1_189' title='bbox 936 898 999 984; x_wconf 70' lang='grc'>034,</span> <span class='ocrx_word' id='word_1_190' title='bbox 1016 909 1043 985; x_wconf 84' lang='grc'>04</span> <span class='ocrx_word' id='word_1_191' title='bbox 1065 903 1093 957; x_wconf 92' lang='grc'>40</span> <span class='ocrx_word' id='word_1_192' title='bbox 1109 903 1167 957; x_wconf 89' lang='grc'>4440</span> <span class='ocrx_word' id='word_1_193' title='bbox 1184 902 1244 957; x_wconf 89' lang='grc'>400.</span> <span class='ocrx_word' id='word_1_194' title='bbox 1260 902 1287 961; x_wconf 83' lang='grc'>3,</span> <span class='ocrx_word' id='word_1_195' title='bbox 1310 917 1372 973; x_wconf 78' lang='lat' dir='ltr'>pag.</span> <span class='ocrx_word' id='word_1_196' title='bbox 1389 902 1460 960; x_wconf 82' lang='lat'>573:</span> <span class='ocrx_word' id='word_1_197' title='bbox 1476 908 1715 1031; x_wconf 42' lang='lat' dir='ltr'>quemadmodum</span> <span class='ocrx_word' id='word_1_198' title='bbox 1733 920 1761 968; x_wconf 89' lang='lat' dir='ltr'>et</span> 
     </span>
     <span class='ocr_line' id='line_1_30' title="bbox 939 974 1759 1051; baseline 0.015 -23"><span class='ocrx_word' id='word_1_199' title='bbox 939 987 1079 1044; x_wconf 84' lang='lat' dir='ltr'>imagines</span> <span class='ocrx_word' id='word_1_200' title='bbox 1100 974 1146 1029; x_wconf 89' lang='lat' dir='ltr'>SS.</span> <span class='ocrx_word' id='word_1_201' title='bbox 1176 974 1382 1043; x_wconf 80' lang='lat' dir='ltr'>apostolorum,</span> <span class='ocrx_word' id='word_1_202' title='bbox 1408 983 1435 1030; x_wconf 92' lang='lat' dir='ltr'>et</span> <span class='ocrx_word' id='word_1_203' title='bbox 1456 977 1533 1032; x_wconf 90' lang='grc'>0040</span> <span class='ocrx_word' id='word_1_204' title='bbox 1560 982 1714 1051; x_wconf 80' lang='lat' dir='ltr'>utriusque</span> <span class='ocrx_word' id='word_1_205' title='bbox 1730 985 1759 1039; x_wconf 91' lang='lat' dir='ltr'>iii</span> 
     </span>
     <span class='ocr_line' id='line_1_31' title="bbox 938 1045 1761 1118; baseline 0.013 -18"><span class='ocrx_word' id='word_1_206' title='bbox 938 1045 1761 1118; x_wconf 82' lang='lat' dir='ltr'>quibusassidentpersimilessuntitarepraesentatisboc</span> 
     </span>
     <span class='ocr_line' id='line_1_32' title="bbox 938 1114 1755 1188; baseline 0.015 -19"><span class='ocrx_word' id='word_1_207' title='bbox 938 1116 1047 1184; x_wconf 87' lang='grc'>400040</span> <span class='ocrx_word' id='word_1_208' title='bbox 1071 1117 1233 1171; x_wconf 87' lang='grc'>0400040440</span> <span class='ocrx_word' id='word_1_209' title='bbox 1253 1114 1288 1169; x_wconf 88' lang='grc'>40</span> <span class='ocrx_word' id='word_1_210' title='bbox 1303 1117 1442 1188; x_wconf 68' lang='grc'>04400040</span> <span class='ocrx_word' id='word_1_211' title='bbox 1464 1119 1524 1174; x_wconf 89' lang='grc'>440.</span> <span class='ocrx_word' id='word_1_212' title='bbox 1551 1119 1562 1174; x_wconf 98' lang='grc'>4</span> <span class='ocrx_word' id='word_1_213' title='bbox 1587 1123 1716 1180; x_wconf 87' lang='lat' dir='ltr'>cubiculi</span> <span class='ocrx_word' id='word_1_214' title='bbox 1732 1143 1755 1180; x_wconf 90' lang='grc'>4.</span> 
     </span>
     <span class='ocr_line' id='line_1_33' title="bbox 937 1186 1760 1251; baseline 0.013 -11"><span class='ocrx_word' id='word_1_215' title='bbox 937 1186 1044 1241; x_wconf 85' lang='lat' dir='ltr'>Paulus</span> <span class='ocrx_word' id='word_1_216' title='bbox 1058 1187 1189 1242; x_wconf 90' lang='lat' dir='ltr'>considet</span> <span class='ocrx_word' id='word_1_217' title='bbox 1198 1188 1231 1241; x_wconf 91' lang='lat' dir='ltr'>ad</span> <span class='ocrx_word' id='word_1_218' title='bbox 1246 1187 1396 1241; x_wconf 84' lang='lat' dir='ltr'>sinistram</span> <span class='ocrx_word' id='word_1_219' title='bbox 1411 1188 1478 1244; x_wconf 89' lang='lat' dir='ltr'>boni</span> <span class='ocrx_word' id='word_1_220' title='bbox 1495 1192 1635 1248; x_wconf 83' lang='lat' dir='ltr'>Pastoris:</span> <span class='ocrx_word' id='word_1_221' title='bbox 1650 1197 1760 1251; x_wconf 82' lang='lat' dir='ltr'>Petrum</span> 
     </span>
     <span class='ocr_line' id='line_1_34' title="bbox 936 1256 1761 1333; baseline 0.017 -23"><span class='ocrx_word' id='word_1_222' title='bbox 936 1258 971 1313; x_wconf 93' lang='lat' dir='ltr'>ad</span> <span class='ocrx_word' id='word_1_223' title='bbox 987 1258 1131 1312; x_wconf 90' lang='lat' dir='ltr'>dexteram</span> <span class='ocrx_word' id='word_1_224' title='bbox 1161 1256 1331 1313; x_wconf 88' lang='lat' dir='ltr'>collocatum</span> <span class='ocrx_word' id='word_1_225' title='bbox 1359 1257 1451 1314; x_wconf 90' lang='lat' dir='ltr'>fuisse</span> <span class='ocrx_word' id='word_1_226' title='bbox 1472 1261 1674 1333; x_wconf 80' lang='lat' dir='ltr'>intelligimus,</span> <span class='ocrx_word' id='word_1_227' title='bbox 1692 1267 1761 1324; x_wconf 92' lang='lat' dir='ltr'>licet</span> 
     </span>
     <span class='ocr_line' id='line_1_35' title="bbox 938 1325 1761 1402; baseline 0.016 -20"><span class='ocrx_word' id='word_1_228' title='bbox 938 1325 1126 1398; x_wconf 77' lang='lat' dir='ltr'>fragmentum</span> <span class='ocrx_word' id='word_1_229' title='bbox 1142 1336 1244 1397; x_wconf 79' lang='lat' dir='ltr'>paterae</span> <span class='ocrx_word' id='word_1_230' title='bbox 1261 1328 1347 1396; x_wconf 75' lang='lat' dir='ltr'>buius</span> <span class='ocrx_word' id='word_1_231' title='bbox 1358 1332 1454 1385; x_wconf 87' lang='lat' dir='ltr'>vitreae</span> <span class='ocrx_word' id='word_1_232' title='bbox 1468 1331 1563 1402; x_wconf 89' lang='lat' dir='ltr'>inquo</span> <span class='ocrx_word' id='word_1_233' title='bbox 1575 1349 1604 1389; x_wconf 90' lang='lat' dir='ltr'>re</span> <span class='ocrx_word' id='word_1_234' title='bbox 1627 1345 1761 1395; x_wconf 86' lang='grc'>4000040-</span> 
     </span>
     <span class='ocr_line' id='line_1_36' title="bbox 937 1351 1761 1468; baseline 0.017 -16"><span class='ocrx_word' id='word_1_235' title='bbox 937 1398 1033 1466; x_wconf 88' lang='grc'>04404,</span> <span class='ocrx_word' id='word_1_236' title='bbox 1054 1399 1204 1468; x_wconf 87' lang='grc'>040400444,</span> <span class='ocrx_word' id='word_1_237' title='bbox 1232 1398 1353 1454; x_wconf 87' lang='grc'>40444000</span> <span class='ocrx_word' id='word_1_238' title='bbox 1376 1400 1538 1457; x_wconf 88' lang='grc'>0444440400</span> <span class='ocrx_word' id='word_1_239' title='bbox 1564 1351 1761 1466; x_wconf 73' lang='grc'>4400000040</span> 
     </span>
     <span class='ocr_line' id='line_1_37' title="bbox 938 1469 1760 1539; baseline 0.016 -15"><span class='ocrx_word' id='word_1_240' title='bbox 938 1469 1095 1539; x_wconf 89' lang='grc'>400404400</span> <span class='ocrx_word' id='word_1_241' title='bbox 1108 1471 1183 1524; x_wconf 84' lang='grc'>40404</span> <span class='ocrx_word' id='word_1_242' title='bbox 1201 1469 1406 1526; x_wconf 82' lang='lat' dir='ltr'>effodiendum.</span> <span class='ocrx_word' id='word_1_243' title='bbox 1425 1472 1499 1527; x_wconf 91' lang='lat' dir='ltr'>infra</span> <span class='ocrx_word' id='word_1_244' title='bbox 1515 1481 1572 1531; x_wconf 90' lang='lat' dir='ltr'>tres</span> <span class='ocrx_word' id='word_1_245' title='bbox 1588 1477 1654 1533; x_wconf 90' lang='lat' dir='ltr'>illas</span> <span class='ocrx_word' id='word_1_246' title='bbox 1664 1494 1760 1536; x_wconf 89' lang='lat' dir='ltr'>sacras</span> 
     </span>
     <span class='ocr_line' id='line_1_38' title="bbox 939 1541 1761 1620; baseline 0.016 -25"><span class='ocrx_word' id='word_1_247' title='bbox 939 1541 1089 1611; x_wconf 81' lang='lat' dir='ltr'>imagines,</span> <span class='ocrx_word' id='word_1_248' title='bbox 1107 1542 1190 1610; x_wconf 82' lang='lat' dir='ltr'>quasi</span> <span class='ocrx_word' id='word_1_249' title='bbox 1206 1541 1261 1596; x_wconf 92' lang='lat' dir='ltr'>sub</span> <span class='ocrx_word' id='word_1_250' title='bbox 1273 1555 1370 1596; x_wconf 91' lang='lat' dir='ltr'>earum</span> <span class='ocrx_word' id='word_1_251' title='bbox 1385 1545 1471 1598; x_wconf 88' lang='lat' dir='ltr'>tutela</span> <span class='ocrx_word' id='word_1_252' title='bbox 1485 1545 1623 1602; x_wconf 88' lang='grc'>0400440</span> <span class='ocrx_word' id='word_1_253' title='bbox 1640 1552 1761 1620; x_wconf 81' lang='lat' dir='ltr'>majores</span> 
     </span>
     <span class='ocr_line' id='line_1_39' title="bbox 937 1613 1761 1690; baseline 0.015 -24"><span class='ocrx_word' id='word_1_254' title='bbox 937 1618 1076 1681; x_wconf 91' lang='lat' dir='ltr'>apparent</span> <span class='ocrx_word' id='word_1_255' title='bbox 1086 1613 1142 1666; x_wconf 90' lang='lat' dir='ltr'>viri</span> <span class='ocrx_word' id='word_1_256' title='bbox 1156 1626 1189 1666; x_wconf 92' lang='lat' dir='ltr'>ac</span> <span class='ocrx_word' id='word_1_257' title='bbox 1200 1613 1332 1667; x_wconf 92' lang='lat' dir='ltr'>mulieris</span> <span class='ocrx_word' id='word_1_258' title='bbox 1347 1622 1457 1677; x_wconf 90' lang='lat' dir='ltr'>pectore</span> <span class='ocrx_word' id='word_1_259' title='bbox 1469 1622 1553 1670; x_wconf 90' lang='lat' dir='ltr'>tenus</span> <span class='ocrx_word' id='word_1_260' title='bbox 1565 1631 1716 1690; x_wconf 79' lang='lat' dir='ltr'>expressa,</span> <span class='ocrx_word' id='word_1_261' title='bbox 1733 1629 1761 1677; x_wconf 97' lang='grc'>04</span> 
     </span>
     <span class='ocr_line' id='line_1_40' title="bbox 938 1681 1760 1762; baseline 0.016 -26"><span class='ocrx_word' id='word_1_262' title='bbox 938 1681 1116 1738; x_wconf 89' lang='grc'>000444444040</span> <span class='ocrx_word' id='word_1_263' title='bbox 1138 1685 1250 1753; x_wconf 81' lang='lat' dir='ltr'>generis</span> <span class='ocrx_word' id='word_1_264' title='bbox 1267 1684 1435 1744; x_wconf 85' lang='lat' dir='ltr'>indicantes,</span> <span class='ocrx_word' id='word_1_265' title='bbox 1453 1685 1481 1740; x_wconf 92' lang='lat' dir='ltr'>in</span> <span class='ocrx_word' id='word_1_266' title='bbox 1497 1688 1559 1742; x_wconf 92' lang='lat' dir='ltr'>viro</span> <span class='ocrx_word' id='word_1_267' title='bbox 1574 1690 1690 1758; x_wconf 82' lang='lat' dir='ltr'>quidem</span> <span class='ocrx_word' id='word_1_268' title='bbox 1711 1707 1760 1762; x_wconf 92' lang='lat' dir='ltr'>per</span> 
     </span>
     <span class='ocr_line' id='line_1_41' title="bbox 938 1753 1761 1823; baseline 0.012 -14"><span class='ocrx_word' id='word_1_269' title='bbox 938 1753 1116 1809; x_wconf 81' lang='lat' dir='ltr'>laticlauium</span> <span class='ocrx_word' id='word_1_270' title='bbox 1127 1768 1213 1822; x_wconf 88' lang='lat' dir='ltr'>supra</span> <span class='ocrx_word' id='word_1_271' title='bbox 1225 1760 1317 1823; x_wconf 86' lang='lat' dir='ltr'>togam</span> <span class='ocrx_word' id='word_1_272' title='bbox 1328 1760 1356 1808; x_wconf 92' lang='grc'>04</span> <span class='ocrx_word' id='word_1_273' title='bbox 1368 1763 1466 1823; x_wconf 91' lang='lat' dir='ltr'>pectus</span> <span class='ocrx_word' id='word_1_274' title='bbox 1480 1770 1649 1823; x_wconf 86' lang='lat' dir='ltr'>excurrens;</span> <span class='ocrx_word' id='word_1_275' title='bbox 1661 1763 1689 1817; x_wconf 92' lang='lat' dir='ltr'>in</span> <span class='ocrx_word' id='word_1_276' title='bbox 1702 1778 1761 1819; x_wconf 92' lang='lat' dir='ltr'>mu·</span> 
     </span>
    </p>
   </div>
   <div class='ocr_carea' id='block_1_9' title="bbox 56 1824 1762 1967">
    <p class='ocr_par' dir='ltr' id='par_1_9' title="bbox 56 1824 1762 1967">
     <span class='ocr_line' id='line_1_42' title="bbox 58 1824 1760 1905; baseline 0.007 -27"><span class='ocrx_word' id='word_1_277' title='bbox 58 1824 198 1893; x_wconf 86' lang='lat' dir='ltr'>reliquiis</span> <span class='ocrx_word' id='word_1_278' title='bbox 225 1831 380 1894; x_wconf 90' lang='lat' dir='ltr'>martyrum</span> <span class='ocrx_word' id='word_1_279' title='bbox 398 1838 451 1905; x_wconf 87' lang='lat' dir='ltr'>non</span> <span class='ocrx_word' id='word_1_280' title='bbox 467 1832 585 1880; x_wconf 66' lang='lat' dir='ltr'>‘temere</span> <span class='ocrx_word' id='word_1_281' title='bbox 604 1831 655 1879; x_wconf 92' lang='lat' dir='ltr'>aut</span> <span class='ocrx_word' id='word_1_282' title='bbox 680 1827 743 1879; x_wconf 91' lang='lat' dir='ltr'>sine</span> <span class='ocrx_word' id='word_1_283' title='bbox 768 1825 879 1880; x_wconf 91' lang='lat' dir='ltr'>delectu</span> <span class='ocrx_word' id='word_1_284' title='bbox 896 1833 922 1896; x_wconf 84' lang='grc' dir='ltr'>Β</span> <span class='ocrx_word' id='word_1_285' title='bbox 938 1824 1008 1879; x_wconf 90' lang='grc'>44040</span> <span class='ocrx_word' id='word_1_286' title='bbox 1019 1839 1084 1879; x_wconf 93' lang='lat' dir='ltr'>vero</span> <span class='ocrx_word' id='word_1_287' title='bbox 1094 1839 1142 1894; x_wconf 91' lang='lat' dir='ltr'>per</span> <span class='ocrx_word' id='word_1_288' title='bbox 1153 1825 1233 1880; x_wconf 89' lang='grc' dir='ltr'>040Ιο</span> <span class='ocrx_word' id='word_1_289' title='bbox 1248 1825 1530 1883; x_wconf 88' lang='grc'>4400000440040400.</span> <span class='ocrx_word' id='word_1_290' title='bbox 1542 1837 1569 1884; x_wconf 90' lang='lat' dir='ltr'>et</span> <span class='ocrx_word' id='word_1_291' title='bbox 1578 1831 1666 1888; x_wconf 90' lang='lat' dir='ltr'>veluti</span> <span class='ocrx_word' id='word_1_292' title='bbox 1678 1835 1760 1905; x_wconf 92' lang='lat' dir='ltr'>pbry·</span> 
     </span>
     <span class='ocr_line' id='line_1_43' title="bbox 56 1894 1762 1967; baseline 0.007 -18"><span class='ocrx_word' id='word_1_293' title='bbox 56 1894 273 1950; x_wconf 87' lang='lat' dir='ltr'>distribuendis</span> <span class='ocrx_word' id='word_1_294' title='bbox 283 1896 318 1950; x_wconf 90' lang='lat' dir='ltr'>ab</span> <span class='ocrx_word' id='word_1_295' title='bbox 330 1895 455 1950; x_wconf 82' lang='lat' dir='ltr'>Ecclesia</span> <span class='ocrx_word' id='word_1_296' title='bbox 466 1895 785 1951; x_wconf 84' lang='lat' dir='ltr'>Romanacustoditam:</span> <span class='ocrx_word' id='word_1_297' title='bbox 797 1896 879 1964; x_wconf 82' lang='lat' dir='ltr'>cnjus</span> <span class='ocrx_word' id='word_1_298' title='bbox 938 1897 1040 1967; x_wconf 83' lang='lat' dir='ltr'>giatos,</span> <span class='ocrx_word' id='word_1_299' title='bbox 1053 1909 1109 1966; x_wconf 86' lang='lat' dir='ltr'>ipra</span> <span class='ocrx_word' id='word_1_300' title='bbox 1119 1897 1411 1952; x_wconf 83' lang='lat' dir='ltr'>convestitur.t&#39;irum</span> <span class='ocrx_word' id='word_1_301' title='bbox 1423 1898 1503 1954; x_wconf 94' lang='lat' dir='ltr'>illum</span> <span class='ocrx_word' id='word_1_302' title='bbox 1514 1902 1762 1961; x_wconf 83' lang='grc' dir='ltr'>0004440000οἱ-</span> 
     </span>
    </p>
   </div>
   <div class='ocr_carea' id='block_1_10' title="bbox 57 1966 881 2093">
    <p class='ocr_par' dir='ltr' id='par_1_10' title="bbox 57 1966 881 2093">
     <span class='ocr_line' id='line_1_44' title="bbox 59 1966 881 2037; baseline 0.001 -17"><span class='ocrx_word' id='word_1_303' title='bbox 59 1966 881 2037; x_wconf 81' lang='lat' dir='ltr'>modoillustrandaeoccasionemobtulitEutychianide-</span> 
     </span>
     <span class='ocr_line' id='line_1_45' title="bbox 57 2037 654 2093; baseline 0 -3"><span class='ocrx_word' id='word_1_304' title='bbox 57 2043 170 2092; x_wconf 89' lang='lat' dir='ltr'>cretum</span> <span class='ocrx_word' id='word_1_305' title='bbox 186 2050 201 2091; x_wconf 87' lang='lat' dir='ltr'>a</span> <span class='ocrx_word' id='word_1_306' title='bbox 217 2037 440 2093; x_wconf 88' lang='lat' dir='ltr'>Bibliotbecaric</span> <span class='ocrx_word' id='word_1_307' title='bbox 457 2045 654 2093; x_wconf 87' lang='lat' dir='ltr'>memoratum.</span> 
     </span>
    </p>
   </div>
   <div class='ocr_carea' id='block_1_11' title="bbox 57 2145 888 2699">
    <p class='ocr_par' dir='ltr' id='par_1_11' title="bbox 57 2145 888 2699">
     <span class='ocr_line' id='line_1_46' title="bbox 96 2145 884 2214; baseline 0.001 -15"><span class='ocrx_word' id='word_1_308' title='bbox 96 2146 266 2201; x_wconf 85' lang='lat' dir='ltr'>Fraudarem</span> <span class='ocrx_word' id='word_1_309' title='bbox 279 2145 386 2201; x_wconf 91' lang='lat' dir='ltr'>illustri</span> <span class='ocrx_word' id='word_1_310' title='bbox 396 2146 720 2202; x_wconf 86' lang='lat' dir='ltr'>testimoniobistoriam</span> <span class='ocrx_word' id='word_1_311' title='bbox 729 2153 788 2200; x_wconf 88' lang='lat' dir='ltr'>tum</span> <span class='ocrx_word' id='word_1_312' title='bbox 797 2145 884 2214; x_wconf 76' lang='grc'>044400</span> 
     </span>
     <span class='ocr_line' id='line_1_47' title="bbox 59 2216 884 2286; baseline 0 -16"><span class='ocrx_word' id='word_1_313' title='bbox 59 2218 174 2272; x_wconf 89' lang='grc'>0040044</span> <span class='ocrx_word' id='word_1_314' title='bbox 192 2224 251 2271; x_wconf 90' lang='grc'>400</span> <span class='ocrx_word' id='word_1_315' title='bbox 279 2217 470 2285; x_wconf 81' lang='lat' dir='ltr'>superiorum,</span> <span class='ocrx_word' id='word_1_316' title='bbox 492 2219 550 2272; x_wconf 91' lang='lat' dir='ltr'>nisi</span> <span class='ocrx_word' id='word_1_317' title='bbox 573 2216 727 2286; x_wconf 91' lang='lat' dir='ltr'>proferrem</span> <span class='ocrx_word' id='word_1_318' title='bbox 746 2217 798 2271; x_wconf 90' lang='lat' dir='ltr'>boc</span> <span class='ocrx_word' id='word_1_319' title='bbox 822 2217 884 2271; x_wconf 91' lang='lat' dir='ltr'>loco</span> 
     </span>
     <span class='ocr_line' id='line_1_48' title="bbox 58 2289 884 2358; baseline -0.001 -16"><span class='ocrx_word' id='word_1_320' title='bbox 58 2289 385 2358; x_wconf 86' lang='lat' dir='ltr'>iusignedocumentum</span> <span class='ocrx_word' id='word_1_321' title='bbox 395 2302 489 2343; x_wconf 90' lang='lat' dir='ltr'>rerum</span> <span class='ocrx_word' id='word_1_322' title='bbox 504 2289 640 2343; x_wconf 83' lang='lat' dir='ltr'>bacienus</span> <span class='ocrx_word' id='word_1_323' title='bbox 653 2294 884 2352; x_wconf 84' lang='lat' dir='ltr'>memoratarum,</span> 
     </span>
     <span class='ocr_line' id='line_1_49' title="bbox 58 2359 885 2428; baseline 0 -16"><span class='ocrx_word' id='word_1_324' title='bbox 58 2359 220 2428; x_wconf 84' lang='lat' dir='ltr'>praesertim</span> <span class='ocrx_word' id='word_1_325' title='bbox 233 2361 341 2413; x_wconf 89' lang='grc'>404000</span> <span class='ocrx_word' id='word_1_326' title='bbox 353 2360 564 2414; x_wconf 88' lang='grc'>000000400400</span> <span class='ocrx_word' id='word_1_327' title='bbox 579 2365 606 2414; x_wconf 90' lang='grc'>04</span> <span class='ocrx_word' id='word_1_328' title='bbox 617 2361 714 2414; x_wconf 91' lang='lat' dir='ltr'>causis</span> <span class='ocrx_word' id='word_1_329' title='bbox 724 2359 885 2428; x_wconf 88' lang='lat' dir='ltr'>apponendi</span> 
     </span>
     <span class='ocr_line' id='line_1_50' title="bbox 57 2431 886 2500; baseline -0.002 -15"><span class='ocrx_word' id='word_1_330' title='bbox 57 2431 230 2500; x_wconf 88' lang='lat' dir='ltr'>sauguinem</span> <span class='ocrx_word' id='word_1_331' title='bbox 245 2437 399 2500; x_wconf 90' lang='lat' dir='ltr'>martyrum</span> <span class='ocrx_word' id='word_1_332' title='bbox 416 2433 443 2485; x_wconf 96' lang='grc'>40</span> <span class='ocrx_word' id='word_1_333' title='bbox 456 2431 582 2485; x_wconf 84' lang='lat' dir='ltr'>vasculis</span> <span class='ocrx_word' id='word_1_334' title='bbox 597 2431 770 2499; x_wconf 90' lang='lat' dir='ltr'>patentibus,</span> <span class='ocrx_word' id='word_1_335' title='bbox 784 2431 818 2484; x_wconf 92' lang='lat' dir='ltr'>ad</span> <span class='ocrx_word' id='word_1_336' title='bbox 835 2442 886 2484; x_wconf 92' lang='lat' dir='ltr'>eo-</span> 
     </span>
     <span class='ocr_line' id='line_1_51' title="bbox 58 2500 884 2570; baseline -0.005 -12"><span class='ocrx_word' id='word_1_337' title='bbox 58 2515 126 2558; x_wconf 91' lang='lat' dir='ltr'>rum</span> <span class='ocrx_word' id='word_1_338' title='bbox 143 2500 334 2556; x_wconf 89' lang='lat' dir='ltr'>loculamenta</span> <span class='ocrx_word' id='word_1_339' title='bbox 348 2503 591 2569; x_wconf 88' lang='lat' dir='ltr'>exteriusaptatis</span> <span class='ocrx_word' id='word_1_340' title='bbox 606 2515 653 2570; x_wconf 92' lang='lat' dir='ltr'>per</span> <span class='ocrx_word' id='word_1_341' title='bbox 666 2501 884 2556; x_wconf 85' lang='lat' dir='ltr'>caementarios:</span> 
     </span>
     <span class='ocr_line' id='line_1_52' title="bbox 57 2572 888 2643; baseline -0.001 -16"><span class='ocrx_word' id='word_1_342' title='bbox 57 2572 138 2643; x_wconf 84' lang='lat' dir='ltr'>quod</span> <span class='ocrx_word' id='word_1_343' title='bbox 156 2586 198 2626; x_wconf 91' lang='lat' dir='ltr'>me</span> <span class='ocrx_word' id='word_1_344' title='bbox 211 2574 406 2640; x_wconf 64' lang='lat' dir='ltr'>praestitorum</span> <span class='ocrx_word' id='word_1_345' title='bbox 421 2587 483 2627; x_wconf 90' lang='lat' dir='ltr'>esse</span> <span class='ocrx_word' id='word_1_346' title='bbox 496 2573 681 2641; x_wconf 80' lang='lat' dir='ltr'>promiseram</span> <span class='ocrx_word' id='word_1_347' title='bbox 694 2574 722 2626; x_wconf 92' lang='grc'>40</span> <span class='ocrx_word' id='word_1_348' title='bbox 738 2572 793 2626; x_wconf 88' lang='grc'>000</span> <span class='ocrx_word' id='word_1_349' title='bbox 805 2573 888 2626; x_wconf 88' lang='lat' dir='ltr'>Nota-</span> 
     </span>
     <span class='ocr_line' id='line_1_53' title="bbox 59 2643 747 2699; baseline -0.004 -1"><span class='ocrx_word' id='word_1_350' title='bbox 59 2657 128 2699; x_wconf 88' lang='lat' dir='ltr'>rum</span> <span class='ocrx_word' id='word_1_351' title='bbox 146 2643 352 2699; x_wconf 86' lang='lat' dir='ltr'>historicarum</span> <span class='ocrx_word' id='word_1_352' title='bbox 363 2643 397 2698; x_wconf 91' lang='lat' dir='ltr'>ad</span> <span class='ocrx_word' id='word_1_353' title='bbox 416 2658 566 2698; x_wconf 91' lang='lat' dir='ltr'>numerum</span> <span class='ocrx_word' id='word_1_354' title='bbox 582 2645 610 2696; x_wconf 85' lang='lat' dir='ltr'>B.</span> <span class='ocrx_word' id='word_1_355' title='bbox 626 2644 699 2698; x_wconf 87' lang='lat' dir='ltr'>Sixtl</span> <span class='ocrx_word' id='word_1_356' title='bbox 715 2645 747 2697; x_wconf 94' lang='lat' dir='ltr'>ll.</span> 
     </span>
    </p>
   </div>
   <div class='ocr_carea' id='block_1_12' title="bbox 95 2749 887 2818">
    <p class='ocr_par' dir='ltr' id='par_1_12' title="bbox 95 2749 887 2818">
     <span class='ocr_line' id='line_1_54' title="bbox 95 2749 887 2818; baseline -0.001 -12"><span class='ocrx_word' id='word_1_357' title='bbox 95 2753 171 2806; x_wconf 85' lang='lat' dir='ltr'>Dum</span> <span class='ocrx_word' id='word_1_358' title='bbox 184 2751 241 2805; x_wconf 89' lang='grc'>4440</span> <span class='ocrx_word' id='word_1_359' title='bbox 255 2756 328 2805; x_wconf 88' lang='grc'>0040</span> <span class='ocrx_word' id='word_1_360' title='bbox 344 2751 372 2804; x_wconf 96' lang='grc'>40</span> <span class='ocrx_word' id='word_1_361' title='bbox 384 2750 412 2803; x_wconf 87' lang='grc' dir='ltr'>Β.</span> <span class='ocrx_word' id='word_1_362' title='bbox 424 2750 536 2805; x_wconf 88' lang='lat' dir='ltr'>Sixtum</span> <span class='ocrx_word' id='word_1_363' title='bbox 552 2751 575 2803; x_wconf 92' lang='lat' dir='ltr'>ll</span> <span class='ocrx_word' id='word_1_364' title='bbox 587 2750 673 2818; x_wconf 84' lang='lat' dir='ltr'>praelo</span> <span class='ocrx_word' id='word_1_365' title='bbox 684 2749 887 2805; x_wconf 80' lang='lat' dir='ltr'>subderenturi</span> 
     </span>
    </p>
   </div>
   <div class='ocr_carea' id='block_1_13' title="bbox 939 1966 1766 2817">
    <p class='ocr_par' dir='ltr' id='par_1_13' title="bbox 939 1966 1766 2817">
     <span class='ocr_line' id='line_1_55' title="bbox 939 1966 1761 2035; baseline 0.016 -15"><span class='ocrx_word' id='word_1_366' title='bbox 939 1980 973 2021; x_wconf 94' lang='grc'>00</span> <span class='ocrx_word' id='word_1_367' title='bbox 999 1966 1089 2022; x_wconf 88' lang='grc'>404000</span> <span class='ocrx_word' id='word_1_368' title='bbox 1113 1966 1287 2035; x_wconf 88' lang='grc'>00004404040</span> <span class='ocrx_word' id='word_1_369' title='bbox 1303 1966 1437 2024; x_wconf 88' lang='grc'>00044040</span> <span class='ocrx_word' id='word_1_370' title='bbox 1454 1983 1509 2025; x_wconf 91' lang='grc'>000</span> <span class='ocrx_word' id='word_1_371' title='bbox 1532 1973 1634 2029; x_wconf 88' lang='grc'>040004</span> <span class='ocrx_word' id='word_1_372' title='bbox 1658 1975 1761 2032; x_wconf 89' lang='grc'>4444040</span> 
     </span>
     <span class='ocr_line' id='line_1_56' title="bbox 940 2038 1760 2115; baseline 0.013 -23"><span class='ocrx_word' id='word_1_373' title='bbox 940 2038 1012 2092; x_wconf 89' lang='grc'>44400</span> <span class='ocrx_word' id='word_1_374' title='bbox 1029 2038 1222 2106; x_wconf 84' lang='lat' dir='ltr'>exprimentes</span> <span class='ocrx_word' id='word_1_375' title='bbox 1237 2051 1301 2092; x_wconf 89' lang='lat' dir='ltr'>cum</span> <span class='ocrx_word' id='word_1_376' title='bbox 1319 2039 1524 2097; x_wconf 88' lang='lat' dir='ltr'>acclamatione</span> <span class='ocrx_word' id='word_1_377' title='bbox 1539 2046 1692 2115; x_wconf 88' lang='grc'>000444444,</span> <span class='ocrx_word' id='word_1_378' title='bbox 1710 2062 1760 2103; x_wconf 87' lang='grc'>000</span> 
     </span>
     <span class='ocr_line' id='line_1_57' title="bbox 939 2109 1763 2180; baseline 0.013 -17"><span class='ocrx_word' id='word_1_379' title='bbox 939 2121 1042 2180; x_wconf 84' lang='lat' dir='ltr'>agapes</span> <span class='ocrx_word' id='word_1_380' title='bbox 1057 2109 1238 2176; x_wconf 81' lang='lat' dir='ltr'>Christianae,</span> <span class='ocrx_word' id='word_1_381' title='bbox 1267 2123 1331 2179; x_wconf 71' lang='lat' dir='ltr'>quae</span> <span class='ocrx_word' id='word_1_382' title='bbox 1355 2111 1382 2165; x_wconf 91' lang='grc'>40</span> <span class='ocrx_word' id='word_1_383' title='bbox 1401 2112 1547 2168; x_wconf 89' lang='lat' dir='ltr'>similibus</span> <span class='ocrx_word' id='word_1_384' title='bbox 1563 2117 1686 2173; x_wconf 88' lang='lat' dir='ltr'>vasculis</span> <span class='ocrx_word' id='word_1_385' title='bbox 1700 2117 1763 2174; x_wconf 86' lang='lat' dir='ltr'>fre·</span> 
     </span>
     <span class='ocr_line' id='line_1_58' title="bbox 940 2181 1761 2251; baseline 0.013 -17"><span class='ocrx_word' id='word_1_386' title='bbox 940 2182 1203 2249; x_wconf 85' lang='lat' dir='ltr'>quemcroccurrit,</span> <span class='ocrx_word' id='word_1_387' title='bbox 1217 2181 1761 2251; x_wconf 84' lang='lat' dir='ltr'>eterudileexplicaturabill.senatore</span> 
     </span>
     <span class='ocr_line' id='line_1_59' title="bbox 940 2250 1760 2327; baseline 0.01 -21"><span class='ocrx_word' id='word_1_388' title='bbox 940 2252 1089 2306; x_wconf 87' lang='lat' dir='ltr'>Bonarroti</span> <span class='ocrx_word' id='word_1_389' title='bbox 1116 2252 1145 2306; x_wconf 90' lang='grc'>40</span> <span class='ocrx_word' id='word_1_390' title='bbox 1168 2250 1314 2306; x_wconf 89' lang='grc'>00004404.</span> <span class='ocrx_word' id='word_1_391' title='bbox 1332 2267 1418 2320; x_wconf 89' lang='grc'>00044</span> <span class='ocrx_word' id='word_1_392' title='bbox 1435 2253 1560 2309; x_wconf 88' lang='grc'>44400440</span> <span class='ocrx_word' id='word_1_393' title='bbox 1575 2257 1609 2311; x_wconf 90' lang='grc'>00</span> <span class='ocrx_word' id='word_1_394' title='bbox 1626 2259 1683 2312; x_wconf 91' lang='grc'>400.</span> <span class='ocrx_word' id='word_1_395' title='bbox 1700 2274 1760 2327; x_wconf 89' lang='grc'>404,</span> 
     </span>
     <span class='ocr_line' id='line_1_60' title="bbox 941 2320 1764 2392; baseline 0.009 -13"><span class='ocrx_word' id='word_1_396' title='bbox 941 2336 1020 2379; x_wconf 88' lang='grc'>000.</span> <span class='ocrx_word' id='word_1_397' title='bbox 1034 2320 1062 2384; x_wconf 93' lang='grc'>3,</span> <span class='ocrx_word' id='word_1_398' title='bbox 1080 2336 1142 2392; x_wconf 88' lang='lat' dir='ltr'>pag.</span> <span class='ocrx_word' id='word_1_399' title='bbox 1159 2321 1203 2386; x_wconf 84' lang='lat'>95,</span> <span class='ocrx_word' id='word_1_400' title='bbox 1221 2323 1267 2377; x_wconf 93' lang='lat' dir='ltr'>bis</span> <span class='ocrx_word' id='word_1_401' title='bbox 1281 2328 1418 2390; x_wconf 88' lang='lat' dir='ltr'>concepta</span> <span class='ocrx_word' id='word_1_402' title='bbox 1432 2324 1544 2379; x_wconf 86' lang='lat' dir='ltr'>verbis:</span> <span class='ocrx_word' id='word_1_403' title='bbox 1560 2340 1688 2384; x_wconf 86' lang='grc'>04044440</span> <span class='ocrx_word' id='word_1_404' title='bbox 1699 2345 1764 2385; x_wconf 86' lang='grc'>404-</span> 
     </span>
     <span class='ocr_line' id='line_1_61' title="bbox 940 2403 1762 2469; baseline 0.011 -22"><span class='ocrx_word' id='word_1_405' title='bbox 940 2406 1029 2448; x_wconf 87' lang='grc'>4044444</span> <span class='ocrx_word' id='word_1_406' title='bbox 1051 2407 1161 2448; x_wconf 80' lang='lat' dir='ltr'>nonina</span> <span class='ocrx_word' id='word_1_407' title='bbox 1177 2407 1231 2447; x_wconf 85' lang='lat' dir='ltr'>rm.</span> <span class='ocrx_word' id='word_1_408' title='bbox 1252 2406 1343 2447; x_wconf 85' lang='grc'>440440.</span> <span class='ocrx_word' id='word_1_409' title='bbox 1360 2406 1422 2448; x_wconf 88' lang='lat' dir='ltr'>cru.</span> <span class='ocrx_word' id='word_1_410' title='bbox 1439 2408 1567 2450; x_wconf 82' lang='lat' dir='ltr'>rvs......</span> <span class='ocrx_word' id='word_1_411' title='bbox 1588 2412 1623 2452; x_wconf 87' lang='lat' dir='ltr'>us</span> <span class='ocrx_word' id='word_1_412' title='bbox 1636 2403 1762 2469; x_wconf 77' lang='lat' dir='ltr'>(fortcsse</span> 
     </span>
     <span class='ocr_line' id='line_1_62' title="bbox 941 2464 1762 2536; baseline 0.011 -18"><span class='ocrx_word' id='word_1_413' title='bbox 941 2466 1121 2533; x_wconf 81' lang='lat' dir='ltr'>Eiipbrosine‚</span> <span class='ocrx_word' id='word_1_414' title='bbox 1146 2467 1230 2523; x_wconf 85' lang='lat' dir='ltr'>irene,</span> <span class='ocrx_word' id='word_1_415' title='bbox 1255 2471 1306 2517; x_wconf 91' lang='lat' dir='ltr'>aut</span> <span class='ocrx_word' id='word_1_416' title='bbox 1317 2464 1376 2518; x_wconf 91' lang='lat' dir='ltr'>alio</span> <span class='ocrx_word' id='word_1_417' title='bbox 1392 2467 1494 2536; x_wconf 84' lang='lat' dir='ltr'>quovis</span> <span class='ocrx_word' id='word_1_418' title='bbox 1510 2469 1624 2524; x_wconf 90' lang='lat' dir='ltr'>nomine</span> <span class='ocrx_word' id='word_1_419' title='bbox 1639 2472 1762 2529; x_wconf 87' lang='lat' dir='ltr'>similem</span> 
     </span>
     <span class='ocr_line' id='line_1_63' title="bbox 944 2535 1765 2616; baseline 0.012 -27"><span class='ocrx_word' id='word_1_420' title='bbox 944 2538 973 2589; x_wconf 93' lang='grc'>40</span> <span class='ocrx_word' id='word_1_421' title='bbox 985 2535 1122 2603; x_wconf 87' lang='lat' dir='ltr'>syllabam</span> <span class='ocrx_word' id='word_1_422' title='bbox 1131 2535 1288 2616; x_wconf 80' lang='lat' dir='ltr'>desinente)</span> <span class='ocrx_word' id='word_1_423' title='bbox 1300 2543 1331 2590; x_wconf 90' lang='lat' dir='ltr'>ut</span> <span class='ocrx_word' id='word_1_424' title='bbox 1344 2536 1426 2603; x_wconf 90' lang='lat' dir='ltr'>piane</span> <span class='ocrx_word' id='word_1_425' title='bbox 1438 2539 1620 2605; x_wconf 88' lang='lat' dir='ltr'>perspicuum</span> <span class='ocrx_word' id='word_1_426' title='bbox 1632 2543 1681 2611; x_wconf 90' lang='lat' dir='ltr'>sit,</span> <span class='ocrx_word' id='word_1_427' title='bbox 1692 2543 1765 2598; x_wconf 86' lang='lat' dir='ltr'>banc</span> 
     </span>
     <span class='ocr_line' id='line_1_64' title="bbox 944 2605 1765 2676; baseline 0.011 -17"><span class='ocrx_word' id='word_1_428' title='bbox 944 2612 1067 2676; x_wconf 92' lang='lat' dir='ltr'>pateram</span> <span class='ocrx_word' id='word_1_429' title='bbox 1082 2605 1173 2660; x_wconf 90' lang='lat' dir='ltr'>fuisse</span> <span class='ocrx_word' id='word_1_430' title='bbox 1185 2608 1337 2659; x_wconf 90' lang='lat' dir='ltr'>donarium</span> <span class='ocrx_word' id='word_1_431' title='bbox 1350 2621 1453 2676; x_wconf 83' lang='lat' dir='ltr'>agapes</span> <span class='ocrx_word' id='word_1_432' title='bbox 1467 2607 1598 2675; x_wconf 82' lang='lat' dir='ltr'>(fortasse</span> <span class='ocrx_word' id='word_1_433' title='bbox 1613 2613 1697 2668; x_wconf 90' lang='lat' dir='ltr'>etiam</span> <span class='ocrx_word' id='word_1_434' title='bbox 1715 2628 1765 2668; x_wconf 91' lang='lat' dir='ltr'>nu·</span> 
     </span>
     <span class='ocr_line' id='line_1_65' title="bbox 944 2676 1764 2747; baseline 0.012 -17"><span class='ocrx_word' id='word_1_435' title='bbox 944 2676 1053 2747; x_wconf 83' lang='lat' dir='ltr'>ptialis)</span> <span class='ocrx_word' id='word_1_436' title='bbox 1069 2677 1151 2732; x_wconf 90' lang='grc'>444400</span> <span class='ocrx_word' id='word_1_437' title='bbox 1168 2689 1282 2740; x_wconf 79' lang='lat' dir='ltr'>nouam,</span> <span class='ocrx_word' id='word_1_438' title='bbox 1309 2677 1417 2731; x_wconf 89' lang='lat' dir='ltr'>nobilis</span> <span class='ocrx_word' id='word_1_439' title='bbox 1439 2678 1494 2732; x_wconf 87' lang='lat' dir='ltr'>viri</span> <span class='ocrx_word' id='word_1_440' title='bbox 1507 2679 1678 2747; x_wconf 89' lang='lat' dir='ltr'>Cbristiaiii,</span> <span class='ocrx_word' id='word_1_441' title='bbox 1699 2697 1764 2740; x_wconf 94' lang='lat' dir='ltr'>cum</span> 
     </span>
     <span class='ocr_line' id='line_1_66' title="bbox 943 2747 1766 2817; baseline 0.011 -15"><span class='ocrx_word' id='word_1_442' title='bbox 943 2761 1047 2817; x_wconf 88' lang='lat' dir='ltr'>sponsa</span> <span class='ocrx_word' id='word_1_443' title='bbox 1064 2748 1104 2801; x_wconf 93' lang='lat' dir='ltr'>ibi</span> <span class='ocrx_word' id='word_1_444' title='bbox 1126 2747 1323 2814; x_wconf 82' lang='lat' dir='ltr'>representari.</span> <span class='ocrx_word' id='word_1_445' title='bbox 1344 2749 1405 2801; x_wconf 90' lang='lat' dir='ltr'>Nou</span> <span class='ocrx_word' id='word_1_446' title='bbox 1421 2749 1514 2803; x_wconf 89' lang='lat' dir='ltr'>ausim</span> <span class='ocrx_word' id='word_1_447' title='bbox 1535 2750 1675 2810; x_wconf 85' lang='lat' dir='ltr'>affirmare</span> <span class='ocrx_word' id='word_1_448' title='bbox 1689 2755 1766 2811; x_wconf 92' lang='lat' dir='ltr'>bunc</span> 
     </span>
    </p>
   </div>
   <div class='ocr_carea' id='block_1_14' title="bbox 50 2817 1769 3247">
    <p class='ocr_par' dir='ltr' id='par_1_14' title="bbox 50 2817 1769 3247">
     <span class='ocr_line' id='line_1_67' title="bbox 50 2817 1766 2892; baseline 0.002 -15"><span class='ocrx_word' id='word_1_449' title='bbox 50 2820 186 2877; x_wconf 55' lang='lat' dir='ltr'>*feliciter</span> <span class='ocrx_word' id='word_1_450' title='bbox 200 2822 324 2892; x_wconf 88' lang='lat' dir='ltr'>contigit</span> <span class='ocrx_word' id='word_1_451' title='bbox 341 2826 371 2876; x_wconf 94' lang='lat' dir='ltr'>ut</span> <span class='ocrx_word' id='word_1_452' title='bbox 385 2825 419 2876; x_wconf 84' lang='lat' dir='ltr'>aii</span> <span class='ocrx_word' id='word_1_453' title='bbox 431 2822 625 2876; x_wconf 82' lang='grc'>0000404400</span> <span class='ocrx_word' id='word_1_454' title='bbox 641 2820 752 2875; x_wconf 83' lang='lat' dir='ltr'>Callisti</span> <span class='ocrx_word' id='word_1_455' title='bbox 768 2828 796 2874; x_wconf 92' lang='lat' dir='ltr'>et</span> <span class='ocrx_word' id='word_1_456' title='bbox 812 2823 888 2875; x_wconf 77' lang='lat' dir='ltr'>Prae·</span> <span class='ocrx_word' id='word_1_457' title='bbox 943 2832 1005 2874; x_wconf 90' lang='lat' dir='ltr'>esse</span> <span class='ocrx_word' id='word_1_458' title='bbox 1019 2820 1168 2873; x_wconf 86' lang='grc'>4400044004</span> <span class='ocrx_word' id='word_1_459' title='bbox 1194 2820 1277 2872; x_wconf 88' lang='grc'>44440</span> <span class='ocrx_word' id='word_1_460' title='bbox 1305 2817 1442 2873; x_wconf 88' lang='lat' dir='ltr'>celebrem</span> <span class='ocrx_word' id='word_1_461' title='bbox 1462 2828 1613 2892; x_wconf 88' lang='lat' dir='ltr'>martyrem</span> <span class='ocrx_word' id='word_1_462' title='bbox 1628 2831 1655 2878; x_wconf 93' lang='lat' dir='ltr'>et</span> <span class='ocrx_word' id='word_1_463' title='bbox 1670 2828 1766 2880; x_wconf 90' lang='lat' dir='ltr'>ostia-</span> 
     </span>
     <span class='ocr_line' id='line_1_68' title="bbox 59 2887 1766 2962; baseline 0.002 -14"><span class='ocrx_word' id='word_1_464' title='bbox 59 2895 165 2949; x_wconf 86' lang='lat' dir='ltr'>textati</span> <span class='ocrx_word' id='word_1_465' title='bbox 182 2893 226 2946; x_wconf 90' lang='lat' dir='ltr'>via</span> <span class='ocrx_word' id='word_1_466' title='bbox 242 2893 331 2962; x_wconf 78' lang='lat' dir='ltr'>Appia</span> <span class='ocrx_word' id='word_1_467' title='bbox 359 2891 592 2961; x_wconf 88' lang='lat' dir='ltr'>perlustrandum</span> <span class='ocrx_word' id='word_1_468' title='bbox 610 2892 638 2946; x_wconf 92' lang='grc'>40</span> <span class='ocrx_word' id='word_1_469' title='bbox 655 2892 792 2946; x_wconf 89' lang='grc'>00044440</span> <span class='ocrx_word' id='word_1_470' title='bbox 807 2905 887 2947; x_wconf 91' lang='lat' dir='ltr'>sere·</span> <span class='ocrx_word' id='word_1_471' title='bbox 944 2891 1030 2956; x_wconf 88' lang='lat' dir='ltr'>rium,</span> <span class='ocrx_word' id='word_1_472' title='bbox 1055 2903 1136 2959; x_wconf 84' lang='lat' dir='ltr'>quem</span> <span class='ocrx_word' id='word_1_473' title='bbox 1154 2888 1396 2944; x_wconf 82' lang='lat' dir='ltr'>Bibliothecarius</span> <span class='ocrx_word' id='word_1_474' title='bbox 1415 2887 1537 2946; x_wconf 84' lang='lat' dir='ltr'>affirmat</span> <span class='ocrx_word' id='word_1_475' title='bbox 1553 2908 1616 2948; x_wconf 93' lang='lat' dir='ltr'>eum</span> <span class='ocrx_word' id='word_1_476' title='bbox 1633 2896 1665 2948; x_wconf 86' lang='lat' dir='ltr'>B.</span> <span class='ocrx_word' id='word_1_477' title='bbox 1684 2896 1766 2952; x_wconf 88' lang='lat' dir='ltr'>Sixto</span> 
     </span>
     <span class='ocr_line' id='line_1_69' title="bbox 61 2959 1767 3033; baseline 0.001 -14"><span class='ocrx_word' id='word_1_478' title='bbox 61 2965 181 3020; x_wconf 88' lang='lat' dir='ltr'>nissimi</span> <span class='ocrx_word' id='word_1_479' title='bbox 207 2963 349 3033; x_wconf 89' lang='lat' dir='ltr'>principis</span> <span class='ocrx_word' id='word_1_480' title='bbox 364 2963 492 3019; x_wconf 88' lang='lat' dir='ltr'>Bavarici</span> <span class='ocrx_word' id='word_1_481' title='bbox 505 2963 643 3017; x_wconf 90' lang='lat' dir='ltr'>Tbeodori</span> <span class='ocrx_word' id='word_1_482' title='bbox 666 2963 748 3017; x_wconf 88' lang='lat' dir='ltr'>electi</span> <span class='ocrx_word' id='word_1_483' title='bbox 762 2963 888 3033; x_wconf 87' lang='lat' dir='ltr'>episcopi</span> <span class='ocrx_word' id='word_1_484' title='bbox 943 2961 1081 3026; x_wconf 90' lang='lat' dir='ltr'>Secundo,</span> <span class='ocrx_word' id='word_1_485' title='bbox 1094 2961 1213 3029; x_wconf 84' lang='lat' dir='ltr'>ejusque</span> <span class='ocrx_word' id='word_1_486' title='bbox 1225 2959 1398 3014; x_wconf 89' lang='lat' dir='ltr'>diaconibus</span> <span class='ocrx_word' id='word_1_487' title='bbox 1414 2964 1543 3031; x_wconf 84' lang='lat' dir='ltr'>martyrii</span> <span class='ocrx_word' id='word_1_488' title='bbox 1559 2965 1682 3030; x_wconf 89' lang='lat' dir='ltr'>socium,</span> <span class='ocrx_word' id='word_1_489' title='bbox 1697 2973 1725 3021; x_wconf 89' lang='lat' dir='ltr'>et</span> <span class='ocrx_word' id='word_1_490' title='bbox 1737 2968 1767 3021; x_wconf 93' lang='lat' dir='ltr'>in</span> 
     </span>
     <span class='ocr_line' id='line_1_70' title="bbox 58 3031 1767 3106; baseline 0.001 -16"><span class='ocrx_word' id='word_1_491' title='bbox 58 3035 292 3097; x_wconf 83' lang='lat' dir='ltr'>Ratisbonensis,</span> <span class='ocrx_word' id='word_1_492' title='bbox 305 3035 550 3103; x_wconf 86' lang='lat' dir='ltr'>perducereinura</span> <span class='ocrx_word' id='word_1_493' title='bbox 566 3047 639 3102; x_wconf 82' lang='lat' dir='ltr'>saepe</span> <span class='ocrx_word' id='word_1_494' title='bbox 649 3036 845 3088; x_wconf 87' lang='lat' dir='ltr'>commendato</span> <span class='ocrx_word' id='word_1_495' title='bbox 857 3035 887 3087; x_wconf 85' lang='lat' dir='ltr'>v.</span> <span class='ocrx_word' id='word_1_496' title='bbox 944 3033 998 3087; x_wconf 93' lang='lat' dir='ltr'>boc</span> <span class='ocrx_word' id='word_1_497' title='bbox 1025 3032 1087 3101; x_wconf 84' lang='lat' dir='ltr'>ipso</span> <span class='ocrx_word' id='word_1_498' title='bbox 1110 3033 1269 3084; x_wconf 80' lang='lat' dir='ltr'>Praetentnti</span> <span class='ocrx_word' id='word_1_499' title='bbox 1292 3031 1455 3086; x_wconf 82' lang='lat' dir='ltr'>coemeterio</span> <span class='ocrx_word' id='word_1_500' title='bbox 1471 3034 1625 3103; x_wconf 90' lang='lat' dir='ltr'>sepultum,</span> <span class='ocrx_word' id='word_1_501' title='bbox 1655 3036 1683 3090; x_wconf 92' lang='lat' dir='ltr'>in</span> <span class='ocrx_word' id='word_1_502' title='bbox 1709 3050 1767 3106; x_wconf 88' lang='lat' dir='ltr'>quo</span> 
     </span>
     <span class='ocr_line' id='line_1_71' title="bbox 57 3101 1767 3173; baseline 0 -11"><span class='ocrx_word' id='word_1_503' title='bbox 57 3110 93 3162; x_wconf 82' lang='lat' dir='ltr'>C.</span> <span class='ocrx_word' id='word_1_504' title='bbox 111 3109 205 3163; x_wconf 83' lang='lat' dir='ltr'>liarco</span> <span class='ocrx_word' id='word_1_505' title='bbox 218 3106 342 3160; x_wconf 78' lang='lat' dir='ltr'>Antonio</span> <span class='ocrx_word' id='word_1_506' title='bbox 357 3107 494 3161; x_wconf 87' lang='grc'>00000400</span> <span class='ocrx_word' id='word_1_507' title='bbox 506 3106 640 3173; x_wconf 77' lang='grc' dir='ltr'>440Ιο0444,</span> <span class='ocrx_word' id='word_1_508' title='bbox 654 3118 800 3159; x_wconf 89' lang='lat' dir='ltr'>sacrarum</span> <span class='ocrx_word' id='word_1_509' title='bbox 818 3104 889 3159; x_wconf 86' lang='lat' dir='ltr'>reli·</span> <span class='ocrx_word' id='word_1_510' title='bbox 944 3104 1050 3157; x_wconf 92' lang='lat' dir='ltr'>vitrum</span> <span class='ocrx_word' id='word_1_511' title='bbox 1064 3101 1397 3172; x_wconf 83' lang='lat' dir='ltr'>sanguineconspcrsum</span> <span class='ocrx_word' id='word_1_512' title='bbox 1413 3103 1571 3170; x_wconf 88' lang='lat' dir='ltr'>reperimus</span> <span class='ocrx_word' id='word_1_513' title='bbox 1583 3124 1589 3164; x_wconf 76' lang='grc'>4</span> <span class='ocrx_word' id='word_1_514' title='bbox 1602 3120 1665 3160; x_wconf 88' lang='grc'>000</span> <span class='ocrx_word' id='word_1_515' title='bbox 1677 3107 1767 3163; x_wconf 89' lang='grc'>040444</span> 
     </span>
     <span class='ocr_line' id='line_1_72' title="bbox 59 3150 1769 3247; baseline 0.001 -14"><span class='ocrx_word' id='word_1_516' title='bbox 59 3178 199 3247; x_wconf 85' lang='lat' dir='ltr'>quiarum</span> <span class='ocrx_word' id='word_1_517' title='bbox 212 3177 331 3232; x_wconf 90' lang='lat' dir='ltr'>custode</span> <span class='ocrx_word' id='word_1_518' title='bbox 344 3194 351 3242; x_wconf 73' lang='grc' dir='ltr'>ς</span> <span class='ocrx_word' id='word_1_519' title='bbox 368 3184 395 3231; x_wconf 92' lang='lat' dir='ltr'>et</span> <span class='ocrx_word' id='word_1_520' title='bbox 413 3179 532 3231; x_wconf 90' lang='lat' dir='ltr'>vitream</span> <span class='ocrx_word' id='word_1_521' title='bbox 546 3184 673 3246; x_wconf 88' lang='lat' dir='ltr'>patenam</span> <span class='ocrx_word' id='word_1_522' title='bbox 691 3177 719 3230; x_wconf 92' lang='grc'>40</span> <span class='ocrx_word' id='word_1_523' title='bbox 743 3175 793 3230; x_wconf 90' lang='grc'>4440</span> <span class='ocrx_word' id='word_1_524' title='bbox 806 3189 889 3244; x_wconf 90' lang='lat' dir='ltr'>repe·</span> <span class='ocrx_word' id='word_1_525' title='bbox 904 3150 928 3209; x_wconf 75' lang='lat' dir='ltr'>C</span> <span class='ocrx_word' id='word_1_526' title='bbox 944 3173 1128 3243; x_wconf 78' lang='lat' dir='ltr'>cognomines</span> <span class='ocrx_word' id='word_1_527' title='bbox 1142 3171 1302 3226; x_wconf 80' lang='lat' dir='ltr'>Cbristiani</span> <span class='ocrx_word' id='word_1_528' title='bbox 1316 3171 1369 3226; x_wconf 93' lang='lat' dir='ltr'>sub</span> <span class='ocrx_word' id='word_1_529' title='bbox 1388 3174 1484 3227; x_wconf 89' lang='lat' dir='ltr'>eodem</span> <span class='ocrx_word' id='word_1_530' title='bbox 1501 3176 1635 3243; x_wconf 88' lang='grc'>00044000</span> <span class='ocrx_word' id='word_1_531' title='bbox 1648 3177 1729 3234; x_wconf 84' lang='lat' dir='ltr'>Sixto</span> <span class='ocrx_word' id='word_1_532' title='bbox 1744 3180 1769 3234; x_wconf 91' lang='lat' dir='ltr'>ll</span> 
     </span>
    </p>
   </div>
   <div class='ocr_carea' id='block_1_15' title="bbox 59 3243 1769 3371">
    <p class='ocr_par' dir='ltr' id='par_1_15' title="bbox 59 3243 1769 3371">
     <span class='ocr_line' id='line_1_73' title="bbox 59 3243 1769 3371; baseline 0 -67"><span class='ocrx_word' id='word_1_533' title='bbox 59 3251 190 3304; x_wconf 89' lang='lat' dir='ltr'>riremus</span> <span class='ocrx_word' id='word_1_534' title='bbox 203 3249 300 3303; x_wconf 91' lang='lat' dir='ltr'>aureis</span> <span class='ocrx_word' id='word_1_535' title='bbox 316 3248 417 3318; x_wconf 92' lang='lat' dir='ltr'>liguris</span> <span class='ocrx_word' id='word_1_536' title='bbox 432 3249 466 3302; x_wconf 91' lang='lat' dir='ltr'>de</span> <span class='ocrx_word' id='word_1_537' title='bbox 481 3261 555 3302; x_wconf 91' lang='lat' dir='ltr'>mere</span> <span class='ocrx_word' id='word_1_538' title='bbox 565 3248 668 3315; x_wconf 91' lang='lat' dir='ltr'>pictam</span> <span class='ocrx_word' id='word_1_539' title='bbox 680 3245 889 3371; x_wconf 46' lang='grc'>(0400040000-</span> <span class='ocrx_word' id='word_1_540' title='bbox 943 3245 1113 3311; x_wconf 88' lang='lat' dir='ltr'>claruerint,</span> <span class='ocrx_word' id='word_1_541' title='bbox 1130 3256 1203 3312; x_wconf 86' lang='lat' dir='ltr'>quos</span> <span class='ocrx_word' id='word_1_542' title='bbox 1217 3243 1292 3297; x_wconf 88' lang='lat' dir='ltr'>inter</span> <span class='ocrx_word' id='word_1_543' title='bbox 1306 3256 1435 3297; x_wconf 87' lang='grc'>44004400</span> <span class='ocrx_word' id='word_1_544' title='bbox 1450 3245 1558 3301; x_wconf 89' lang='grc'>0444000</span> <span class='ocrx_word' id='word_1_545' title='bbox 1572 3249 1599 3300; x_wconf 88' lang='lat' dir='ltr'>B.</span> <span class='ocrx_word' id='word_1_546' title='bbox 1615 3250 1769 3304; x_wconf 86' lang='lat' dir='ltr'>Laurentio</span> 
     </span>
    </p>
   </div>
   <div class='ocr_carea' id='block_1_16' title="bbox 25 3315 1821 5884">
    <p class='ocr_par' dir='ltr' id='par_1_16' title="bbox 25 3315 1821 5884">
     <span class='ocr_line' id='line_1_74' title="bbox 61 3315 1821 3388; baseline 0.002 -14"><span class='ocrx_word' id='word_1_547' title='bbox 61 3320 195 3375; x_wconf 91' lang='grc'>00444040</span> <span class='ocrx_word' id='word_1_548' title='bbox 210 3317 594 3388; x_wconf 86' lang='lat' dir='ltr'>aurifoliointerntramqne</span> <span class='ocrx_word' id='word_1_549' title='bbox 604 3317 687 3372; x_wconf 90' lang='lat' dir='ltr'>lamel</span> <span class='ocrx_word' id='word_1_550' title='bbox 701 3330 745 3371; x_wconf 89' lang='lat' dir='ltr'>am</span> <span class='ocrx_word' id='word_1_551' title='bbox 757 3320 886 3385; x_wconf 89' lang='lat' dir='ltr'>vitream,</span> <span class='ocrx_word' id='word_1_552' title='bbox 944 3316 1116 3385; x_wconf 87' lang='lat' dir='ltr'>baptizatus,</span> <span class='ocrx_word' id='word_1_553' title='bbox 1138 3320 1166 3368; x_wconf 91' lang='grc'>04</span> <span class='ocrx_word' id='word_1_554' title='bbox 1183 3315 1350 3383; x_wconf 78' lang='lat' dir='ltr'>premissus</span> <span class='ocrx_word' id='word_1_555' title='bbox 1371 3315 1404 3368; x_wconf 89' lang='lat' dir='ltr'>ad</span> <span class='ocrx_word' id='word_1_556' title='bbox 1427 3317 1560 3384; x_wconf 90' lang='lat' dir='ltr'>palmam,</span> <span class='ocrx_word' id='word_1_557' title='bbox 1588 3319 1682 3387; x_wconf 90' lang='lat' dir='ltr'>pridie</span> <span class='ocrx_word' id='word_1_558' title='bbox 1705 3321 1769 3388; x_wconf 77' lang='lat' dir='ltr'>eliis</span> <span class='ocrx_word' id='word_1_559' title='bbox 1814 3327 1821 3340; x_wconf 81' lang='grc'><strong>“</strong></span> 
     </span>
     <span class='ocr_line' id='line_1_75' title="bbox 60 3385 1769 3461; baseline 0.001 -15"><span class='ocrx_word' id='word_1_560' title='bbox 60 3405 120 3461; x_wconf 83' lang='lat' dir='ltr'>qua</span> <span class='ocrx_word' id='word_1_561' title='bbox 137 3390 245 3446; x_wconf 91' lang='lat' dir='ltr'>fundus</span> <span class='ocrx_word' id='word_1_562' title='bbox 257 3390 335 3444; x_wconf 91' lang='lat' dir='ltr'>vasis</span> <span class='ocrx_word' id='word_1_563' title='bbox 347 3389 515 3459; x_wconf 66' lang='lat' dir='ltr'>constatior</span> <span class='ocrx_word' id='word_1_564' title='bbox 527 3395 682 3458; x_wconf 92' lang='lat' dir='ltr'>martyrum</span> <span class='ocrx_word' id='word_1_565' title='bbox 696 3388 834 3452; x_wconf 80' lang='lat' dir='ltr'>sanguine</span> <span class='ocrx_word' id='word_1_566' title='bbox 848 3388 888 3443; x_wconf 89' lang='lat' dir='ltr'>li·</span> <span class='ocrx_word' id='word_1_567' title='bbox 946 3387 1062 3447; x_wconf 82' lang='lat' dir='ltr'>natalis,</span> <span class='ocrx_word' id='word_1_568' title='bbox 1076 3385 1191 3457; x_wconf 87' lang='lat' dir='ltr'>quando</span> <span class='ocrx_word' id='word_1_569' title='bbox 1207 3387 1322 3439; x_wconf 83' lang='lat' dir='ltr'>Romani</span> <span class='ocrx_word' id='word_1_570' title='bbox 1338 3385 1505 3455; x_wconf 88' lang='lat' dir='ltr'>martyriu&#39;m</span> <span class='ocrx_word' id='word_1_571' title='bbox 1519 3388 1644 3445; x_wconf 88' lang='lat' dir='ltr'>colitur:</span> <span class='ocrx_word' id='word_1_572' title='bbox 1662 3398 1689 3446; x_wconf 89' lang='lat' dir='ltr'>et</span> <span class='ocrx_word' id='word_1_573' title='bbox 1703 3405 1769 3447; x_wconf 90' lang='lat' dir='ltr'>cum</span> 
     </span>
     <span class='ocr_line' id='line_1_76' title="bbox 59 3455 1773 3529; baseline 0.002 -13"><span class='ocrx_word' id='word_1_574' title='bbox 59 3461 382 3528; x_wconf 81' lang='lat' dir='ltr'>beraliterinspersam</span> <span class='ocrx_word' id='word_1_575' title='bbox 397 3460 890 3529; x_wconf 78' lang='lat' dir='ltr'>uterustacadbaerentes,etsangui·</span> <span class='ocrx_word' id='word_1_576' title='bbox 946 3459 974 3514; x_wconf 93' lang='lat' dir='ltr'>id</span> <span class='ocrx_word' id='word_1_577' title='bbox 989 3459 1094 3513; x_wconf 91' lang='lat' dir='ltr'>rescire</span> <span class='ocrx_word' id='word_1_578' title='bbox 1112 3469 1169 3512; x_wconf 93' lang='grc'>000</span> <span class='ocrx_word' id='word_1_579' title='bbox 1186 3456 1267 3511; x_wconf 89' lang='grc'>40400</span> <span class='ocrx_word' id='word_1_580' title='bbox 1279 3455 1448 3512; x_wconf 86' lang='grc'>0004040400</span> <span class='ocrx_word' id='word_1_581' title='bbox 1464 3458 1516 3512; x_wconf 89' lang='grc'>000</span> <span class='ocrx_word' id='word_1_582' title='bbox 1530 3466 1610 3515; x_wconf 90' lang='lat' dir='ltr'>notas</span> <span class='ocrx_word' id='word_1_583' title='bbox 1625 3461 1773 3518; x_wconf 87' lang='lat' dir='ltr'>elucidan-</span> 
     </span>
     <span class='ocr_line' id='line_1_77' title="bbox 61 3526 1769 3604; baseline 0.001 -16"><span class='ocrx_word' id='word_1_584' title='bbox 61 3546 143 3588; x_wconf 88' lang='lat' dir='ltr'>ueam</span> <span class='ocrx_word' id='word_1_585' title='bbox 162 3531 327 3587; x_wconf 85' lang='lat' dir='ltr'>rubedinem</span> <span class='ocrx_word' id='word_1_586' title='bbox 343 3532 457 3587; x_wconf 91' lang='lat' dir='ltr'>admoto</span> <span class='ocrx_word' id='word_1_587' title='bbox 471 3532 580 3586; x_wconf 90' lang='lat' dir='ltr'>lumine</span> <span class='ocrx_word' id='word_1_588' title='bbox 595 3530 888 3600; x_wconf 89' lang='lat' dir='ltr'>perspicueexbiben·</span> <span class='ocrx_word' id='word_1_589' title='bbox 945 3531 1004 3584; x_wconf 90' lang='lat' dir='ltr'>das.</span> <span class='ocrx_word' id='word_1_590' title='bbox 1036 3528 1122 3583; x_wconf 82' lang='lat' dir='ltr'>Valde</span> <span class='ocrx_word' id='word_1_591' title='bbox 1136 3533 1231 3582; x_wconf 92' lang='lat' dir='ltr'>autem</span> <span class='ocrx_word' id='word_1_592' title='bbox 1247 3526 1373 3582; x_wconf 89' lang='lat' dir='ltr'>conferet</span> <span class='ocrx_word' id='word_1_593' title='bbox 1394 3528 1590 3586; x_wconf 88' lang='lat' dir='ltr'>demonstrare</span> <span class='ocrx_word' id='word_1_594' title='bbox 1607 3534 1769 3604; x_wconf 89' lang='lat' dir='ltr'>exemplum</span> 
     </span>
     <span class='ocr_line' id='line_1_78' title="bbox 60 3599 1770 3675; baseline 0.001 -15"><span class='ocrx_word' id='word_1_595' title='bbox 60 3611 104 3660; x_wconf 90' lang='lat' dir='ltr'>tes</span> <span class='ocrx_word' id='word_1_596' title='bbox 121 3603 283 3659; x_wconf 86' lang='lat' dir='ltr'>luculenter</span> <span class='ocrx_word' id='word_1_597' title='bbox 293 3604 459 3658; x_wconf 89' lang='lat' dir='ltr'>ostendunt.</span> <span class='ocrx_word' id='word_1_598' title='bbox 470 3605 594 3672; x_wconf 77' lang='lat' dir='ltr'>Auspice</span> <span class='ocrx_word' id='word_1_599' title='bbox 604 3603 708 3672; x_wconf 91' lang='lat' dir='ltr'>pietate</span> <span class='ocrx_word' id='word_1_600' title='bbox 721 3602 793 3656; x_wconf 89' lang='lat' dir='ltr'>tanti</span> <span class='ocrx_word' id='word_1_601' title='bbox 807 3603 890 3668; x_wconf 90' lang='lat' dir='ltr'>prin·</span> <span class='ocrx_word' id='word_1_602' title='bbox 945 3600 1058 3654; x_wconf 87' lang='lat' dir='ltr'>collecti</span> <span class='ocrx_word' id='word_1_603' title='bbox 1068 3599 1232 3668; x_wconf 87' lang='lat' dir='ltr'>sanguinis,</span> <span class='ocrx_word' id='word_1_604' title='bbox 1248 3604 1275 3653; x_wconf 93' lang='lat' dir='ltr'>et</span> <span class='ocrx_word' id='word_1_605' title='bbox 1287 3599 1412 3666; x_wconf 92' lang='lat' dir='ltr'>appositi</span> <span class='ocrx_word' id='word_1_606' title='bbox 1426 3601 1454 3654; x_wconf 91' lang='lat' dir='ltr'>in</span> <span class='ocrx_word' id='word_1_607' title='bbox 1464 3600 1565 3656; x_wconf 87' lang='lat' dir='ltr'>vitreis</span> <span class='ocrx_word' id='word_1_608' title='bbox 1577 3603 1654 3659; x_wconf 90' lang='lat' dir='ltr'>bisce</span> <span class='ocrx_word' id='word_1_609' title='bbox 1662 3607 1770 3675; x_wconf 87' lang='lat' dir='ltr'>pateris</span> 
     </span>
     <span class='ocr_line' id='line_1_79' title="bbox 59 3669 1770 3745; baseline 0.001 -15"><span class='ocrx_word' id='word_1_610' title='bbox 59 3675 149 3744; x_wconf 90' lang='lat' dir='ltr'>cipis,</span> <span class='ocrx_word' id='word_1_611' title='bbox 167 3675 217 3744; x_wconf 90' lang='lat' dir='ltr'>qui</span> <span class='ocrx_word' id='word_1_612' title='bbox 233 3679 357 3743; x_wconf 84' lang='lat' dir='ltr'>augusta</span> <span class='ocrx_word' id='word_1_613' title='bbox 373 3689 421 3742; x_wconf 92' lang='lat' dir='ltr'>per</span> <span class='ocrx_word' id='word_1_614' title='bbox 437 3674 557 3745; x_wconf 89' lang='lat' dir='ltr'>vestigia</span> <span class='ocrx_word' id='word_1_615' title='bbox 577 3673 772 3729; x_wconf 79' lang='lat' dir='ltr'>serenissima</span> <span class='ocrx_word' id='word_1_616' title='bbox 787 3674 891 3728; x_wconf 93' lang='lat' dir='ltr'>domus</span> <span class='ocrx_word' id='word_1_617' title='bbox 945 3671 1177 3726; x_wconf 86' lang='lat' dir='ltr'>Christianorum</span> <span class='ocrx_word' id='word_1_618' title='bbox 1194 3669 1388 3740; x_wconf 92' lang='lat' dir='ltr'>symbolorum</span> <span class='ocrx_word' id='word_1_619' title='bbox 1402 3677 1508 3726; x_wconf 83' lang='lat' dir='ltr'>tessera</span> <span class='ocrx_word' id='word_1_620' title='bbox 1524 3673 1687 3742; x_wconf 66' lang='lat' dir='ltr'>decoraris,</span> <span class='ocrx_word' id='word_1_621' title='bbox 1704 3690 1770 3732; x_wconf 87' lang='lat' dir='ltr'>cum</span> 
     </span>
     <span class='ocr_line' id='line_1_80' title="bbox 57 3741 1771 3815; baseline 0.001 -13"><span class='ocrx_word' id='word_1_622' title='bbox 57 3743 891 3815; x_wconf 65' lang='grc' dir='ltr'>0100404οΙ4044404004040404004040000000044004004400</span> <span class='ocrx_word' id='word_1_623' title='bbox 947 3741 1771 3815; x_wconf 85' lang='lat' dir='ltr'>itaostendatur:Primo,consuetudinembancpertinere</span> 
     </span>
     <span class='ocr_line' id='line_1_81' title="bbox 58 3812 1771 3887; baseline 0.001 -13"><span class='ocrx_word' id='word_1_624' title='bbox 58 3817 215 3887; x_wconf 80' lang='lat' dir='ltr'>religionis</span> <span class='ocrx_word' id='word_1_625' title='bbox 227 3818 255 3870; x_wconf 92' lang='grc'>40</span> <span class='ocrx_word' id='word_1_626' title='bbox 266 3817 428 3887; x_wconf 79' lang='lat' dir='ltr'>Germania)</span> <span class='ocrx_word' id='word_1_627' title='bbox 441 3817 474 3872; x_wconf 91' lang='lat' dir='ltr'>ad</span> <span class='ocrx_word' id='word_1_628' title='bbox 492 3824 607 3871; x_wconf 83' lang='grc'>04440400</span> <span class='ocrx_word' id='word_1_629' title='bbox 617 3815 738 3870; x_wconf 89' lang='grc'>44440400</span> <span class='ocrx_word' id='word_1_630' title='bbox 749 3820 827 3869; x_wconf 88' lang='grc'>40044</span> <span class='ocrx_word' id='word_1_631' title='bbox 839 3829 890 3871; x_wconf 88' lang='lat' dir='ltr'>vo·</span> <span class='ocrx_word' id='word_1_632' title='bbox 946 3815 980 3870; x_wconf 92' lang='lat' dir='ltr'>ad</span> <span class='ocrx_word' id='word_1_633' title='bbox 999 3820 1125 3876; x_wconf 88' lang='lat' dir='ltr'>iempora</span> <span class='ocrx_word' id='word_1_634' title='bbox 1140 3812 1382 3881; x_wconf 88' lang='lat' dir='ltr'>persecutionum,</span> <span class='ocrx_word' id='word_1_635' title='bbox 1405 3814 1542 3881; x_wconf 91' lang='lat' dir='ltr'>secundo,</span> <span class='ocrx_word' id='word_1_636' title='bbox 1562 3817 1684 3873; x_wconf 88' lang='lat' dir='ltr'>indicari</span> <span class='ocrx_word' id='word_1_637' title='bbox 1697 3833 1771 3875; x_wconf 90' lang='lat' dir='ltr'>cau-</span> 
     </span>
     <span class='ocr_line' id='line_1_82' title="bbox 58 3884 1769 3960; baseline 0.002 -17"><span class='ocrx_word' id='word_1_638' title='bbox 58 3890 175 3944; x_wconf 88' lang='lat' dir='ltr'>catione</span> <span class='ocrx_word' id='word_1_639' title='bbox 190 3889 293 3959; x_wconf 90' lang='lat' dir='ltr'>dignas</span> <span class='ocrx_word' id='word_1_640' title='bbox 308 3889 477 3955; x_wconf 77' lang='lat' dir='ltr'>connititur,</span> <span class='ocrx_word' id='word_1_641' title='bbox 489 3888 586 3942; x_wconf 89' lang='lat' dir='ltr'>datum</span> <span class='ocrx_word' id='word_1_642' title='bbox 602 3886 684 3943; x_wconf 91' lang='lat' dir='ltr'>nobis</span> <span class='ocrx_word' id='word_1_643' title='bbox 697 3885 752 3940; x_wconf 89' lang='lat' dir='ltr'>fuit</span> <span class='ocrx_word' id='word_1_644' title='bbox 762 3887 815 3941; x_wconf 91' lang='lat' dir='ltr'>boc</span> <span class='ocrx_word' id='word_1_645' title='bbox 827 3900 890 3943; x_wconf 89' lang='lat' dir='ltr'>mo·</span> <span class='ocrx_word' id='word_1_646' title='bbox 946 3900 1017 3951; x_wconf 92' lang='lat' dir='ltr'>sam,</span> <span class='ocrx_word' id='word_1_647' title='bbox 1029 3900 1082 3940; x_wconf 93' lang='lat' dir='ltr'>cur</span> <span class='ocrx_word' id='word_1_648' title='bbox 1097 3884 1262 3953; x_wconf 87' lang='lat' dir='ltr'>patentibus</span> <span class='ocrx_word' id='word_1_649' title='bbox 1278 3884 1355 3939; x_wconf 90' lang='lat' dir='ltr'>vasis</span> <span class='ocrx_word' id='word_1_650' title='bbox 1365 3884 1502 3939; x_wconf 87' lang='lat' dir='ltr'>collectus</span> <span class='ocrx_word' id='word_1_651' title='bbox 1514 3889 1634 3955; x_wconf 85' lang='lat' dir='ltr'>sanguis</span> <span class='ocrx_word' id='word_1_652' title='bbox 1645 3902 1769 3960; x_wconf 93' lang='lat' dir='ltr'>appone-</span> 
     </span>
     <span class='ocr_line' id='line_1_83' title="bbox 59 3955 1770 4024; baseline -0.002 -9"><span class='ocrx_word' id='word_1_653' title='bbox 59 3961 221 4015; x_wconf 90' lang='lat' dir='ltr'>nimemum</span> <span class='ocrx_word' id='word_1_654' title='bbox 240 3960 380 4013; x_wconf 89' lang='lat' dir='ltr'>nancisei.</span> <span class='ocrx_word' id='word_1_655' title='bbox 396 3961 464 4013; x_wconf 86' lang='lat' dir='ltr'>Nam</span> <span class='ocrx_word' id='word_1_656' title='bbox 481 3960 555 4013; x_wconf 89' lang='grc'>40404</span> <span class='ocrx_word' id='word_1_657' title='bbox 568 3956 762 4013; x_wconf 85' lang='lat' dir='ltr'>caeteraUrbis</span> <span class='ocrx_word' id='word_1_658' title='bbox 775 3959 888 4021; x_wconf 86' lang='lat' dir='ltr'>decora,</span> <span class='ocrx_word' id='word_1_659' title='bbox 947 3963 1026 4012; x_wconf 89' lang='lat' dir='ltr'>retur</span> <span class='ocrx_word' id='word_1_660' title='bbox 1040 3962 1158 4012; x_wconf 87' lang='grc'>0440400</span> <span class='ocrx_word' id='word_1_661' title='bbox 1188 3956 1217 4010; x_wconf 93' lang='grc'>40</span> <span class='ocrx_word' id='word_1_662' title='bbox 1244 3961 1322 4024; x_wconf 89' lang='grc'>00440</span> <span class='ocrx_word' id='word_1_663' title='bbox 1349 3955 1543 4022; x_wconf 89' lang='grc'>40004000044,</span> <span class='ocrx_word' id='word_1_664' title='bbox 1561 3957 1610 4012; x_wconf 92' lang='grc'>004</span> <span class='ocrx_word' id='word_1_665' title='bbox 1635 3962 1770 4017; x_wconf 87' lang='lat' dir='ltr'>conditus</span> 
     </span>
     <span class='ocr_line' id='line_1_84' title="bbox 57 4026 1773 4100; baseline 0.002 -15"><span class='ocrx_word' id='word_1_666' title='bbox 57 4045 124 4100; x_wconf 74' lang='lat' dir='ltr'>quae</span> <span class='ocrx_word' id='word_1_667' title='bbox 145 4031 169 4085; x_wconf 92' lang='lat' dir='ltr'>is</span> <span class='ocrx_word' id='word_1_668' title='bbox 179 4029 313 4099; x_wconf 91' lang='lat' dir='ltr'>cupiebat</span> <span class='ocrx_word' id='word_1_669' title='bbox 326 4030 426 4084; x_wconf 91' lang='lat' dir='ltr'>sibiad</span> <span class='ocrx_word' id='word_1_670' title='bbox 442 4030 690 4099; x_wconf 90' lang='lat' dir='ltr'>contemplandum</span> <span class='ocrx_word' id='word_1_671' title='bbox 704 4030 822 4098; x_wconf 91' lang='lat' dir='ltr'>proponi</span> <span class='ocrx_word' id='word_1_672' title='bbox 838 4030 889 4085; x_wconf 91' lang='lat' dir='ltr'>bac</span> <span class='ocrx_word' id='word_1_673' title='bbox 944 4036 1005 4083; x_wconf 90' lang='lat' dir='ltr'>erat</span> <span class='ocrx_word' id='word_1_674' title='bbox 1019 4034 1141 4098; x_wconf 88' lang='lat' dir='ltr'>martyr:</span> <span class='ocrx_word' id='word_1_675' title='bbox 1169 4028 1202 4082; x_wconf 92' lang='grc'>40</span> <span class='ocrx_word' id='word_1_676' title='bbox 1229 4027 1281 4082; x_wconf 90' lang='grc'>000</span> <span class='ocrx_word' id='word_1_677' title='bbox 1302 4026 1424 4093; x_wconf 86' lang='lat' dir='ltr'>scilicet,</span> <span class='ocrx_word' id='word_1_678' title='bbox 1445 4034 1477 4082; x_wconf 93' lang='lat' dir='ltr'>ut</span> <span class='ocrx_word' id='word_1_679' title='bbox 1502 4027 1629 4084; x_wconf 88' lang='lat' dir='ltr'>fidelium</span> <span class='ocrx_word' id='word_1_680' title='bbox 1655 4032 1730 4087; x_wconf 90' lang='lat' dir='ltr'>votis</span> <span class='ocrx_word' id='word_1_681' title='bbox 1743 4039 1773 4088; x_wconf 90' lang='lat' dir='ltr'>et</span> 
     </span>
     <span class='ocr_line' id='line_1_85' title="bbox 59 4097 1771 4171; baseline 0.002 -15"><span class='ocrx_word' id='word_1_682' title='bbox 59 4103 90 4156; x_wconf 92' lang='lat' dir='ltr'>in</span> <span class='ocrx_word' id='word_1_683' title='bbox 107 4101 236 4156; x_wconf 85' lang='lat' dir='ltr'>Ecclesia</span> <span class='ocrx_word' id='word_1_684' title='bbox 248 4108 416 4156; x_wconf 74' lang='lat' dir='ltr'>caeterarum</span> <span class='ocrx_word' id='word_1_685' title='bbox 436 4109 523 4155; x_wconf 91' lang='lat' dir='ltr'>matre</span> <span class='ocrx_word' id='word_1_686' title='bbox 534 4115 566 4156; x_wconf 90' lang='grc'>00</span> <span class='ocrx_word' id='word_1_687' title='bbox 584 4101 730 4171; x_wconf 89' lang='lat' dir='ltr'>magistra,</span> <span class='ocrx_word' id='word_1_688' title='bbox 746 4100 803 4156; x_wconf 92' lang='lat' dir='ltr'>fuit</span> <span class='ocrx_word' id='word_1_689' title='bbox 817 4114 887 4156; x_wconf 91' lang='lat' dir='ltr'>eon·</span> <span class='ocrx_word' id='word_1_690' title='bbox 944 4099 1147 4156; x_wconf 90' lang='lat' dir='ltr'>consuetudini</span> <span class='ocrx_word' id='word_1_691' title='bbox 1171 4098 1333 4164; x_wconf 86' lang='grc'>0044000404,</span> <span class='ocrx_word' id='word_1_692' title='bbox 1350 4099 1401 4166; x_wconf 84' lang='lat' dir='ltr'>qui</span> <span class='ocrx_word' id='word_1_693' title='bbox 1421 4097 1508 4152; x_wconf 85' lang='lat' dir='ltr'>lintea</span> <span class='ocrx_word' id='word_1_694' title='bbox 1522 4105 1549 4153; x_wconf 94' lang='lat' dir='ltr'>et</span> <span class='ocrx_word' id='word_1_695' title='bbox 1563 4099 1687 4157; x_wconf 89' lang='lat' dir='ltr'>brandea</span> <span class='ocrx_word' id='word_1_696' title='bbox 1699 4117 1771 4159; x_wconf 88' lang='lat' dir='ltr'>saii-</span> 
     </span>
     <span class='ocr_line' id='line_1_86' title="bbox 57 4168 1771 4245; baseline 0.002 -18"><span class='ocrx_word' id='word_1_697' title='bbox 57 4181 181 4241; x_wconf 84' lang='lat' dir='ltr'>spectus</span> <span class='ocrx_word' id='word_1_698' title='bbox 202 4180 364 4240; x_wconf 89' lang='lat' dir='ltr'>cryptarum</span> <span class='ocrx_word' id='word_1_699' title='bbox 389 4173 435 4226; x_wconf 81' lang='grc'>88.</span> <span class='ocrx_word' id='word_1_700' title='bbox 451 4179 616 4243; x_wconf 88' lang='lat' dir='ltr'>martyrum,</span> <span class='ocrx_word' id='word_1_701' title='bbox 632 4185 714 4242; x_wconf 88' lang='lat' dir='ltr'>quem</span> <span class='ocrx_word' id='word_1_702' title='bbox 732 4173 889 4227; x_wconf 88' lang='lat' dir='ltr'>serenissi-</span> <span class='ocrx_word' id='word_1_703' title='bbox 944 4170 1302 4240; x_wconf 83' lang='lat' dir='ltr'>guinemartyrisimbuta.</span> <span class='ocrx_word' id='word_1_704' title='bbox 1314 4168 1771 4245; x_wconf 87' lang='lat' dir='ltr'>autsaltemcontactusanguinis</span> 
     </span>
     <span class='ocr_line' id='line_1_87' title="bbox 58 4239 1808 4315; baseline 0.002 -16"><span class='ocrx_word' id='word_1_705' title='bbox 58 4245 117 4299; x_wconf 92' lang='lat' dir='ltr'>mis</span> <span class='ocrx_word' id='word_1_706' title='bbox 135 4243 319 4313; x_wconf 87' lang='lat' dir='ltr'>principibus</span> <span class='ocrx_word' id='word_1_707' title='bbox 335 4242 474 4297; x_wconf 89' lang='lat' dir='ltr'>fratribus</span> <span class='ocrx_word' id='word_1_708' title='bbox 490 4246 553 4298; x_wconf 89' lang='lat' dir='ltr'>suis</span> <span class='ocrx_word' id='word_1_709' title='bbox 568 4246 693 4311; x_wconf 87' lang='lat' dir='ltr'>ejusdem</span> <span class='ocrx_word' id='word_1_710' title='bbox 711 4246 750 4298; x_wconf 88' lang='lat' dir='ltr'>rei</span> <span class='ocrx_word' id='word_1_711' title='bbox 772 4244 888 4311; x_wconf 89' lang='lat' dir='ltr'>perinde</span> <span class='ocrx_word' id='word_1_712' title='bbox 943 4243 1075 4298; x_wconf 87' lang='lat' dir='ltr'>dedicata</span> <span class='ocrx_word' id='word_1_713' title='bbox 1097 4255 1193 4296; x_wconf 92' lang='lat' dir='ltr'>secum</span> <span class='ocrx_word' id='word_1_714' title='bbox 1216 4239 1368 4303; x_wconf 88' lang='lat' dir='ltr'>deferrent,</span> <span class='ocrx_word' id='word_1_715' title='bbox 1386 4246 1520 4310; x_wconf 82' lang='grc'>4000440</span> <span class='ocrx_word' id='word_1_716' title='bbox 1546 4243 1663 4299; x_wconf 88' lang='grc'>4040400</span> <span class='ocrx_word' id='word_1_717' title='bbox 1678 4253 1706 4301; x_wconf 90' lang='grc'>04</span> <span class='ocrx_word' id='word_1_718' title='bbox 1721 4247 1769 4315; x_wconf 87' lang='lat' dir='ltr'>pi·</span> <span class='ocrx_word' id='word_1_719' title='bbox 1799 4254 1808 4273; x_wconf 84' lang='lat'><strong><em>¹</em></strong></span> 
     </span>
     <span class='ocr_line' id='line_1_88' title="bbox 56 4312 1770 4385; baseline 0.001 -15"><span class='ocrx_word' id='word_1_720' title='bbox 56 4314 204 4371; x_wconf 88' lang='lat' dir='ltr'>studiosis</span> <span class='ocrx_word' id='word_1_721' title='bbox 228 4317 294 4369; x_wconf 92' lang='lat' dir='ltr'>dum</span> <span class='ocrx_word' id='word_1_722' title='bbox 311 4315 425 4369; x_wconf 86' lang='lat' dir='ltr'>Romam</span> <span class='ocrx_word' id='word_1_723' title='bbox 444 4316 600 4370; x_wconf 89' lang='lat' dir='ltr'>inviserent</span> <span class='ocrx_word' id='word_1_724' title='bbox 613 4321 760 4384; x_wconf 84' lang='lat' dir='ltr'>acceperat</span> <span class='ocrx_word' id='word_1_725' title='bbox 775 4322 886 4385; x_wconf 88' lang='lat' dir='ltr'>gratum</span> <span class='ocrx_word' id='word_1_726' title='bbox 944 4328 1018 4384; x_wconf 85' lang='lat' dir='ltr'>gnus</span> <span class='ocrx_word' id='word_1_727' title='bbox 1030 4312 1246 4369; x_wconf 88' lang='lat' dir='ltr'>intercessionis</span> <span class='ocrx_word' id='word_1_728' title='bbox 1260 4318 1424 4379; x_wconf 87' lang='lat' dir='ltr'>martyrum,</span> <span class='ocrx_word' id='word_1_729' title='bbox 1439 4318 1469 4367; x_wconf 91' lang='lat' dir='ltr'>ut</span> <span class='ocrx_word' id='word_1_730' title='bbox 1482 4314 1630 4369; x_wconf 88' lang='lat' dir='ltr'>Prudentii</span> <span class='ocrx_word' id='word_1_731' title='bbox 1642 4319 1770 4373; x_wconf 90' lang='lat' dir='ltr'>carmina</span> 
     </span>
     <span class='ocr_line' id='line_1_89' title="bbox 55 4384 1771 4456; baseline 0 -15"><span class='ocrx_word' id='word_1_732' title='bbox 55 4386 215 4441; x_wconf 92' lang='lat' dir='ltr'>admodum</span> <span class='ocrx_word' id='word_1_733' title='bbox 231 4387 397 4453; x_wconf 69' lang='lat' dir='ltr'>contigisse,</span> <span class='ocrx_word' id='word_1_734' title='bbox 413 4393 499 4456; x_wconf 81' lang='lat' dir='ltr'>atque</span> <span class='ocrx_word' id='word_1_735' title='bbox 517 4388 615 4441; x_wconf 91' lang='lat' dir='ltr'>utilem</span> <span class='ocrx_word' id='word_1_736' title='bbox 632 4386 666 4441; x_wconf 93' lang='lat' dir='ltr'>ad</span> <span class='ocrx_word' id='word_1_737' title='bbox 684 4386 886 4441; x_wconf 87' lang='lat' dir='ltr'>confovendam</span> <span class='ocrx_word' id='word_1_738' title='bbox 943 4391 1152 4446; x_wconf 81' lang='lat' dir='ltr'>contestantur,</span> <span class='ocrx_word' id='word_1_739' title='bbox 1171 4396 1279 4439; x_wconf 89' lang='lat' dir='ltr'>necnon</span> <span class='ocrx_word' id='word_1_740' title='bbox 1306 4389 1338 4436; x_wconf 92' lang='grc'>04</span> <span class='ocrx_word' id='word_1_741' title='bbox 1361 4384 1525 4438; x_wconf 89' lang='grc'>00004400</span> <span class='ocrx_word' id='word_1_742' title='bbox 1552 4384 1629 4452; x_wconf 87' lang='grc'>0004,</span> <span class='ocrx_word' id='word_1_743' title='bbox 1653 4388 1725 4455; x_wconf 89' lang='lat' dir='ltr'>spei,</span> <span class='ocrx_word' id='word_1_744' title='bbox 1741 4393 1771 4443; x_wconf 91' lang='lat' dir='ltr'>et</span> 
     </span>
     <span class='ocr_line' id='line_1_90' title="bbox 78 4454 1768 4528; baseline 0 -16"><span class='ocrx_word' id='word_1_745' title='bbox 78 4461 206 4512; x_wconf 89' lang='lat' dir='ltr'>ieiatem.</span> <span class='ocrx_word' id='word_1_746' title='bbox 230 4459 301 4513; x_wconf 87' lang='lat' dir='ltr'>Dum</span> <span class='ocrx_word' id='word_1_747' title='bbox 318 4459 409 4528; x_wconf 87' lang='lat' dir='ltr'>igitur</span> <span class='ocrx_word' id='word_1_748' title='bbox 423 4458 470 4512; x_wconf 88' lang='lat' dir='ltr'>die</span> <span class='ocrx_word' id='word_1_749' title='bbox 491 4454 526 4512; x_wconf 72' lang='grc'>04</span> <span class='ocrx_word' id='word_1_750' title='bbox 546 4457 656 4526; x_wconf 77' lang='lat' dir='ltr'>aprilis</span> <span class='ocrx_word' id='word_1_751' title='bbox 677 4460 745 4512; x_wconf 91' lang='lat' dir='ltr'>anni</span> <span class='ocrx_word' id='word_1_752' title='bbox 766 4457 888 4511; x_wconf 91' lang='lat' dir='ltr'>labentis</span> <span class='ocrx_word' id='word_1_753' title='bbox 944 4457 1097 4511; x_wconf 88' lang='lat' dir='ltr'>charitatis</span> <span class='ocrx_word' id='word_1_754' title='bbox 1121 4469 1168 4525; x_wconf 91' lang='lat' dir='ltr'>per</span> <span class='ocrx_word' id='word_1_755' title='bbox 1185 4456 1278 4524; x_wconf 91' lang='lat' dir='ltr'>ipsum</span> <span class='ocrx_word' id='word_1_756' title='bbox 1295 4455 1536 4522; x_wconf 85' lang='lat' dir='ltr'>exei·citae,atque</span> <span class='ocrx_word' id='word_1_757' title='bbox 1550 4456 1768 4512; x_wconf 89' lang='lat' dir='ltr'>incitamentum</span> 
     </span>
     <span class='ocr_line' id='line_1_91' title="bbox 55 4473 1769 4622; baseline -0.002 -37"><span class='ocrx_word' id='word_1_758' title='bbox 55 4473 142 4593; x_wconf 70' lang='grc'>4423,</span> <span class='ocrx_word' id='word_1_759' title='bbox 167 4529 324 4583; x_wconf 82' lang='lat' dir='ltr'>indicatum</span> <span class='ocrx_word' id='word_1_760' title='bbox 347 4529 541 4585; x_wconf 85' lang='lat' dir='ltr'>coemeteriuni</span> <span class='ocrx_word' id='word_1_761' title='bbox 559 4529 670 4583; x_wconf 84' lang='lat' dir='ltr'>Callisti</span> <span class='ocrx_word' id='word_1_762' title='bbox 681 4535 709 4583; x_wconf 89' lang='lat' dir='ltr'>et</span> <span class='ocrx_word' id='word_1_763' title='bbox 726 4529 886 4583; x_wconf 75' lang='lat' dir='ltr'>Praetextati</span> <span class='ocrx_word' id='word_1_764' title='bbox 901 4562 928 4622; x_wconf 69' lang='lat' dir='ltr'>D</span> <span class='ocrx_word' id='word_1_765' title='bbox 945 4528 1129 4587; x_wconf 87' lang='grc'>4004440040,</span> <span class='ocrx_word' id='word_1_766' title='bbox 1144 4534 1172 4581; x_wconf 87' lang='grc'>04</span> <span class='ocrx_word' id='word_1_767' title='bbox 1190 4526 1360 4581; x_wconf 87' lang='grc'>0000400440</span> <span class='ocrx_word' id='word_1_768' title='bbox 1377 4524 1583 4580; x_wconf 88' lang='grc'>440440004040</span> <span class='ocrx_word' id='word_1_769' title='bbox 1599 4528 1628 4580; x_wconf 92' lang='grc'>40</span> <span class='ocrx_word' id='word_1_770' title='bbox 1645 4532 1769 4596; x_wconf 87' lang='grc'>00040440</span> 
     </span>
     <span class='ocr_line' id='line_1_92' title="bbox 52 4593 1766 4677; baseline -0.001 -21"><span class='ocrx_word' id='word_1_771' title='bbox 52 4599 887 4670; x_wconf 73' lang='lat' dir='ltr'>devoteiiigrederemor,ccntigitnobisfragmentavitreae</span> <span class='ocrx_word' id='word_1_772' title='bbox 942 4612 1104 4655; x_wconf 86' lang='lat' dir='ltr'>evasuram.</span> <span class='ocrx_word' id='word_1_773' title='bbox 1124 4599 1201 4652; x_wconf 86' lang='lat' dir='ltr'>lianc</span> <span class='ocrx_word' id='word_1_774' title='bbox 1229 4597 1264 4652; x_wconf 91' lang='lat' dir='ltr'>de</span> <span class='ocrx_word' id='word_1_775' title='bbox 1288 4609 1344 4664; x_wconf 83' lang='lat' dir='ltr'>qua</span> <span class='ocrx_word' id='word_1_776' title='bbox 1366 4593 1766 4677; x_wconf 82' lang='lat' dir='ltr'>loquimurconsuetudinem</span> 
     </span>
     <span class='ocr_line' id='line_1_93' title="bbox 53 4666 1763 4743; baseline 0.001 -17"><span class='ocrx_word' id='word_1_777' title='bbox 53 4678 176 4743; x_wconf 76' lang='lat' dir='ltr'>paterae,</span> <span class='ocrx_word' id='word_1_778' title='bbox 188 4686 203 4724; x_wconf 89' lang='lat' dir='ltr'>a</span> <span class='ocrx_word' id='word_1_779' title='bbox 214 4668 374 4725; x_wconf 80' lang='lat' dir='ltr'>fossoribus</span> <span class='ocrx_word' id='word_1_780' title='bbox 385 4672 489 4726; x_wconf 90' lang='lat' dir='ltr'>ibidem</span> <span class='ocrx_word' id='word_1_781' title='bbox 500 4672 609 4727; x_wconf 86' lang='lat' dir='ltr'>detecta</span> <span class='ocrx_word' id='word_1_782' title='bbox 621 4672 886 4740; x_wconf 87' lang='lat' dir='ltr'>propeloculamen·</span> <span class='ocrx_word' id='word_1_783' title='bbox 942 4669 1129 4740; x_wconf 92' lang='lat' dir='ltr'>comprobare</span> <span class='ocrx_word' id='word_1_784' title='bbox 1139 4671 1221 4737; x_wconf 86' lang='lat' dir='ltr'>jurat</span> <span class='ocrx_word' id='word_1_785' title='bbox 1235 4667 1309 4722; x_wconf 91' lang='lat' dir='ltr'>facto</span> <span class='ocrx_word' id='word_1_786' title='bbox 1320 4672 1348 4720; x_wconf 91' lang='lat' dir='ltr'>et</span> <span class='ocrx_word' id='word_1_787' title='bbox 1360 4666 1449 4720; x_wconf 91' lang='lat' dir='ltr'>dictis</span> <span class='ocrx_word' id='word_1_788' title='bbox 1462 4667 1491 4718; x_wconf 88' lang='lat' dir='ltr'>B.</span> <span class='ocrx_word' id='word_1_789' title='bbox 1506 4666 1603 4722; x_wconf 85' lang='lat' dir='ltr'>Saturi</span> <span class='ocrx_word' id='word_1_790' title='bbox 1619 4672 1763 4740; x_wconf 88' lang='lat' dir='ltr'>martyris,</span> 
     </span>
     <span class='ocr_line' id='line_1_94' title="bbox 51 4738 1763 4812; baseline -0.001 -13"><span class='ocrx_word' id='word_1_791' title='bbox 51 4755 118 4799; x_wconf 92' lang='lat' dir='ltr'>tum</span> <span class='ocrx_word' id='word_1_792' title='bbox 148 4743 293 4810; x_wconf 80' lang='lat' dir='ltr'>martyris¹</span> <span class='ocrx_word' id='word_1_793' title='bbox 318 4750 347 4796; x_wconf 90' lang='lat' dir='ltr'>ut</span> <span class='ocrx_word' id='word_1_794' title='bbox 366 4743 446 4808; x_wconf 80' lang='lat' dir='ltr'>solet,</span> <span class='ocrx_word' id='word_1_795' title='bbox 470 4744 655 4811; x_wconf 90' lang='lat' dir='ltr'>conspicere:</span> <span class='ocrx_word' id='word_1_796' title='bbox 674 4758 736 4811; x_wconf 79' lang='grc'>000</span> <span class='ocrx_word' id='word_1_797' title='bbox 762 4744 883 4798; x_wconf 90' lang='grc'>4044000</span> <span class='ocrx_word' id='word_1_798' title='bbox 941 4742 1071 4812; x_wconf 84' lang='lat' dir='ltr'>legendis</span> <span class='ocrx_word' id='word_1_799' title='bbox 1101 4743 1175 4795; x_wconf 90' lang='lat' dir='ltr'>inter</span> <span class='ocrx_word' id='word_1_800' title='bbox 1201 4744 1278 4808; x_wconf 88' lang='lat' dir='ltr'>gesta</span> <span class='ocrx_word' id='word_1_801' title='bbox 1300 4738 1349 4791; x_wconf 83' lang='lat' dir='ltr'>SS.</span> <span class='ocrx_word' id='word_1_802' title='bbox 1377 4738 1521 4806; x_wconf 86' lang='lat' dir='ltr'>Perpetuae</span> <span class='ocrx_word' id='word_1_803' title='bbox 1546 4745 1575 4793; x_wconf 90' lang='lat' dir='ltr'>et</span> <span class='ocrx_word' id='word_1_804' title='bbox 1596 4740 1763 4809; x_wconf 86' lang='lat' dir='ltr'>Felicitatis,</span> 
     </span>
     <span class='ocr_line' id='line_1_95' title="bbox 43 4809 1763 4890; baseline 0.001 -22"><span class='ocrx_word' id='word_1_805' title='bbox 43 4816 156 4886; x_wconf 79' lang='lat' dir='ltr'>juncta</span> <span class='ocrx_word' id='word_1_806' title='bbox 171 4813 732 4883; x_wconf 81' lang='lat' dir='ltr'>figurasaclitterasostemlmii,inance</span> <span class='ocrx_word' id='word_1_807' title='bbox 744 4815 884 4869; x_wconf 87' lang='lat' dir='ltr'>iconismo</span> <span class='ocrx_word' id='word_1_808' title='bbox 939 4815 1017 4868; x_wconf 89' lang='lat' dir='ltr'>edita</span> <span class='ocrx_word' id='word_1_809' title='bbox 1031 4814 1155 4881; x_wconf 89' lang='lat' dir='ltr'>primum</span> <span class='ocrx_word' id='word_1_810' title='bbox 1166 4812 1259 4864; x_wconf 85' lang='lat' dir='ltr'>Romae</span> <span class='ocrx_word' id='word_1_811' title='bbox 1277 4821 1324 4876; x_wconf 85' lang='lat' dir='ltr'>per</span> <span class='ocrx_word' id='word_1_812' title='bbox 1337 4810 1438 4890; x_wconf 82' lang='lat' dir='ltr'>Lucam</span> <span class='ocrx_word' id='word_1_813' title='bbox 1453 4809 1644 4881; x_wconf 64' lang='lat' dir='ltr'>holstenium,</span> <span class='ocrx_word' id='word_1_814' title='bbox 1659 4814 1763 4870; x_wconf 88' lang='grc'>004000</span> 
     </span>
     <span class='ocr_line' id='line_1_96' title="bbox 48 4880 1763 4956; baseline -0.001 -14"><span class='ocrx_word' id='word_1_815' title='bbox 48 4888 104 4942; x_wconf 87' lang='lat' dir='ltr'>liic</span> <span class='ocrx_word' id='word_1_816' title='bbox 120 4884 261 4952; x_wconf 86' lang='grc'>40004400,</span> <span class='ocrx_word' id='word_1_817' title='bbox 273 4886 301 4939; x_wconf 93' lang='grc'>40</span> <span class='ocrx_word' id='word_1_818' title='bbox 313 4899 370 4953; x_wconf 83' lang='grc'>040</span> <span class='ocrx_word' id='word_1_819' title='bbox 383 4891 410 4940; x_wconf 93' lang='grc'>04</span> <span class='ocrx_word' id='word_1_820' title='bbox 421 4885 608 4956; x_wconf 76' lang='lat' dir='ltr'>fragmentum</span> <span class='ocrx_word' id='word_1_821' title='bbox 622 4886 802 4954; x_wconf 88' lang='lat' dir='ltr'>depreditum</span> <span class='ocrx_word' id='word_1_822' title='bbox 816 4899 884 4954; x_wconf 72' lang='grc'>000·</span> <span class='ocrx_word' id='word_1_823' title='bbox 940 4885 1062 4939; x_wconf 86' lang='lat' dir='ltr'>Parisiis</span> <span class='ocrx_word' id='word_1_824' title='bbox 1076 4896 1125 4951; x_wconf 92' lang='lat' dir='ltr'>per</span> <span class='ocrx_word' id='word_1_825' title='bbox 1140 4884 1240 4936; x_wconf 85' lang='lat' dir='ltr'>Lucam</span> <span class='ocrx_word' id='word_1_826' title='bbox 1257 4880 1426 4934; x_wconf 88' lang='lat' dir='ltr'>Dacberium</span> <span class='ocrx_word' id='word_1_827' title='bbox 1441 4881 1591 4937; x_wconf 76' lang='lat' dir='ltr'>interdura</span> <span class='ocrx_word' id='word_1_828' title='bbox 1607 4891 1763 4954; x_wconf 84' lang='lat' dir='ltr'>martyrum</span> 
     </span>
     <span class='ocr_line' id='line_1_97' title="bbox 44 4952 1764 5027; baseline -0.002 -12"><span class='ocrx_word' id='word_1_829' title='bbox 44 4956 180 5015; x_wconf 88' lang='lat' dir='ltr'>ciuaiim</span> <span class='ocrx_word' id='word_1_830' title='bbox 192 4956 315 5025; x_wconf 89' lang='lat' dir='ltr'>exprimi</span> <span class='ocrx_word' id='word_1_831' title='bbox 330 4958 671 5027; x_wconf 83' lang='lat' dir='ltr'>curavi,etsanguineam</span> <span class='ocrx_word' id='word_1_832' title='bbox 684 4964 807 5012; x_wconf 87' lang='lat' dir='ltr'>crustam</span> <span class='ocrx_word' id='word_1_833' title='bbox 824 4972 883 5026; x_wconf 89' lang='lat' dir='ltr'>par-</span> <span class='ocrx_word' id='word_1_834' title='bbox 939 4958 1051 5012; x_wconf 90' lang='lat' dir='ltr'>sincera</span> <span class='ocrx_word' id='word_1_835' title='bbox 1066 4960 1094 5009; x_wconf 90' lang='lat' dir='ltr'>et</span> <span class='ocrx_word' id='word_1_836' title='bbox 1113 4953 1226 5008; x_wconf 90' lang='lat' dir='ltr'>selecta.</span> <span class='ocrx_word' id='word_1_837' title='bbox 1242 4952 1332 5019; x_wconf 83' lang='lat' dir='ltr'>Cujus</span> <span class='ocrx_word' id='word_1_838' title='bbox 1347 4952 1479 5006; x_wconf 80' lang='lat' dir='ltr'>secundae</span> <span class='ocrx_word' id='word_1_839' title='bbox 1491 4952 1630 5009; x_wconf 87' lang='lat' dir='ltr'>editionis</span> <span class='ocrx_word' id='word_1_840' title='bbox 1647 4969 1764 5012; x_wconf 89' lang='lat' dir='ltr'>numero</span> 
     </span>
     <span class='ocr_line' id='line_1_98' title="bbox 44 5023 1764 5099; baseline -0.002 -12"><span class='ocrx_word' id='word_1_841' title='bbox 44 5037 111 5086; x_wconf 89' lang='grc'>4040</span> <span class='ocrx_word' id='word_1_842' title='bbox 126 5027 677 5099; x_wconf 75' lang='lat' dir='ltr'>figuratumobtegeiitemrepresentari3</span> <span class='ocrx_word' id='word_1_843' title='bbox 690 5043 752 5099; x_wconf 82' lang='grc'>000</span> <span class='ocrx_word' id='word_1_844' title='bbox 766 5027 883 5083; x_wconf 87' lang='grc'>0040404</span> <span class='ocrx_word' id='word_1_845' title='bbox 938 5025 969 5082; x_wconf 74' lang='lat' dir='ltr'>bt</span> <span class='ocrx_word' id='word_1_846' title='bbox 1000 5027 1121 5082; x_wconf 88' lang='lat' dir='ltr'>Saturus</span> <span class='ocrx_word' id='word_1_847' title='bbox 1143 5025 1177 5079; x_wconf 88' lang='lat' dir='ltr'>ad</span> <span class='ocrx_word' id='word_1_848' title='bbox 1202 5023 1310 5077; x_wconf 87' lang='lat' dir='ltr'>bestias</span> <span class='ocrx_word' id='word_1_849' title='bbox 1333 5023 1486 5078; x_wconf 90' lang='lat' dir='ltr'>damnatus</span> <span class='ocrx_word' id='word_1_850' title='bbox 1506 5037 1570 5080; x_wconf 75' lang='lat' dir='ltr'>itum</span> <span class='ocrx_word' id='word_1_851' title='bbox 1586 5024 1685 5096; x_wconf 82' lang='lat' dir='ltr'>sociis,</span> <span class='ocrx_word' id='word_1_852' title='bbox 1701 5025 1764 5083; x_wconf 92' lang='lat' dir='ltr'>lee-</span> 
     </span>
     <span class='ocr_line' id='line_1_99' title="bbox 41 5094 1762 5168; baseline -0.003 -10"><span class='ocrx_word' id='word_1_853' title='bbox 41 5099 132 5158; x_wconf 75' lang='grc'>00440</span> <span class='ocrx_word' id='word_1_854' title='bbox 149 5100 251 5165; x_wconf 88' lang='grc'>400440,</span> <span class='ocrx_word' id='word_1_855' title='bbox 265 5106 314 5154; x_wconf 90' lang='grc'>0444</span> <span class='ocrx_word' id='word_1_856' title='bbox 331 5099 455 5153; x_wconf 73' lang='lat' dir='ltr'>candelae</span> <span class='ocrx_word' id='word_1_857' title='bbox 478 5101 605 5155; x_wconf 87' lang='lat' dir='ltr'>nativum</span> <span class='ocrx_word' id='word_1_858' title='bbox 630 5100 760 5155; x_wconf 93' lang='lat' dir='ltr'>ruborem</span> <span class='ocrx_word' id='word_1_859' title='bbox 776 5099 880 5168; x_wconf 90' lang='lat' dir='ltr'>prodit.</span> <span class='ocrx_word' id='word_1_860' title='bbox 939 5100 1028 5168; x_wconf 89' lang='lat' dir='ltr'>pardo</span> <span class='ocrx_word' id='word_1_861' title='bbox 1041 5096 1190 5164; x_wconf 89' lang='lat' dir='ltr'>objicitur,</span> <span class='ocrx_word' id='word_1_862' title='bbox 1207 5107 1222 5148; x_wconf 92' lang='grc'>0</span> <span class='ocrx_word' id='word_1_863' title='bbox 1240 5106 1295 5165; x_wconf 89' lang='lat' dir='ltr'>quo</span> <span class='ocrx_word' id='word_1_864' title='bbox 1314 5107 1410 5149; x_wconf 91' lang='lat' dir='ltr'>morsu</span> <span class='ocrx_word' id='word_1_865' title='bbox 1428 5094 1577 5164; x_wconf 88' lang='lat' dir='ltr'>impetitus</span> <span class='ocrx_word' id='word_1_866' title='bbox 1593 5103 1672 5153; x_wconf 88' lang='lat' dir='ltr'>tanto</span> <span class='ocrx_word' id='word_1_867' title='bbox 1692 5112 1762 5153; x_wconf 90' lang='lat' dir='ltr'>san-</span> 
     </span>
     <span class='ocr_line' id='line_1_100' title="bbox 37 5165 1762 5241; baseline -0.002 -13"><span class='ocrx_word' id='word_1_868' title='bbox 37 5175 151 5237; x_wconf 74' lang='grc'>1444000</span> <span class='ocrx_word' id='word_1_869' title='bbox 180 5170 242 5223; x_wconf 81' lang='lat' dir='ltr'>boni·</span> <span class='ocrx_word' id='word_1_870' title='bbox 260 5172 383 5224; x_wconf 81' lang='lat' dir='ltr'>Pastoris</span> <span class='ocrx_word' id='word_1_871' title='bbox 402 5173 561 5238; x_wconf 77' lang='grc'>0040004444,</span> <span class='ocrx_word' id='word_1_872' title='bbox 586 5186 670 5241; x_wconf 87' lang='lat' dir='ltr'>quam</span> <span class='ocrx_word' id='word_1_873' title='bbox 686 5171 883 5228; x_wconf 82' lang='lat' dir='ltr'>Tertullianus</span> <span class='ocrx_word' id='word_1_874' title='bbox 939 5172 1027 5241; x_wconf 91' lang='lat' dir='ltr'>guine</span> <span class='ocrx_word' id='word_1_875' title='bbox 1043 5166 1238 5238; x_wconf 88' lang='lat' dir='ltr'>perfunditur,</span> <span class='ocrx_word' id='word_1_876' title='bbox 1254 5165 1424 5235; x_wconf 91' lang='lat' dir='ltr'>utapopulo</span> <span class='ocrx_word' id='word_1_877' title='bbox 1436 5167 1613 5235; x_wconf 90' lang='lat' dir='ltr'>inspectante</span> <span class='ocrx_word' id='word_1_878' title='bbox 1626 5169 1762 5224; x_wconf 86' lang='lat' dir='ltr'>acclama-</span> 
     </span>
     <span class='ocr_line' id='line_1_101' title="bbox 39 5237 1758 5314; baseline -0.003 -13"><span class='ocrx_word' id='word_1_879' title='bbox 39 5245 78 5300; x_wconf 91' lang='lat' dir='ltr'>in</span> <span class='ocrx_word' id='word_1_880' title='bbox 94 5241 157 5297; x_wconf 93' lang='lat' dir='ltr'>lib.</span> <span class='ocrx_word' id='word_1_881' title='bbox 174 5241 209 5295; x_wconf 90' lang='grc'>00</span> <span class='ocrx_word' id='word_1_882' title='bbox 223 5242 376 5308; x_wconf 85' lang='lat' dir='ltr'>Pudicitia,</span> <span class='ocrx_word' id='word_1_883' title='bbox 388 5256 448 5311; x_wconf 89' lang='lat' dir='ltr'>cap.</span> <span class='ocrx_word' id='word_1_884' title='bbox 469 5241 511 5298; x_wconf 93' lang='grc'>40.</span> <span class='ocrx_word' id='word_1_885' title='bbox 528 5242 649 5298; x_wconf 88' lang='lat' dir='ltr'>aflirmat</span> <span class='ocrx_word' id='word_1_886' title='bbox 664 5245 744 5314; x_wconf 84' lang='lat' dir='ltr'>pingi</span> <span class='ocrx_word' id='word_1_887' title='bbox 759 5256 883 5298; x_wconf 90' lang='lat' dir='ltr'>consue·</span> <span class='ocrx_word' id='word_1_888' title='bbox 939 5250 999 5297; x_wconf 87' lang='lat' dir='ltr'>tum</span> <span class='ocrx_word' id='word_1_889' title='bbox 1017 5240 1122 5296; x_wconf 88' lang='lat' dir='ltr'>fuerit:</span> <span class='ocrx_word' id='word_1_890' title='bbox 1147 5238 1258 5292; x_wconf 79' lang='lat' dir='ltr'>Soterem</span> <span class='ocrx_word' id='word_1_891' title='bbox 1281 5237 1374 5302; x_wconf 84' lang='lat' dir='ltr'>totum,</span> <span class='ocrx_word' id='word_1_892' title='bbox 1396 5238 1501 5291; x_wconf 86' lang='grc'>0440004</span> <span class='ocrx_word' id='word_1_893' title='bbox 1521 5240 1615 5293; x_wconf 85' lang='lat' dir='ltr'>totum.</span> <span class='ocrx_word' id='word_1_894' title='bbox 1639 5240 1758 5296; x_wconf 82' lang='lat' dir='ltr'>Pudenti</span> 
     </span>
     <span class='ocr_line' id='line_1_102' title="bbox 35 5309 1760 5383; baseline -0.001 -13"><span class='ocrx_word' id='word_1_895' title='bbox 35 5317 134 5372; x_wconf 74' lang='lat' dir='ltr'>visse</span> <span class='ocrx_word' id='word_1_896' title='bbox 152 5312 182 5365; x_wconf 91' lang='lat' dir='ltr'>in</span> <span class='ocrx_word' id='word_1_897' title='bbox 197 5311 336 5367; x_wconf 90' lang='lat' dir='ltr'>calicibus</span> <span class='ocrx_word' id='word_1_898' title='bbox 359 5313 600 5370; x_wconf 81' lang='lat' dir='ltr'>Christianorum.</span> <span class='ocrx_word' id='word_1_899' title='bbox 622 5328 744 5383; x_wconf 90' lang='lat' dir='ltr'>superne</span> <span class='ocrx_word' id='word_1_900' title='bbox 767 5315 882 5382; x_wconf 90' lang='lat' dir='ltr'>visitur,</span> <span class='ocrx_word' id='word_1_901' title='bbox 939 5312 1027 5368; x_wconf 93' lang='lat' dir='ltr'>militi</span> <span class='ocrx_word' id='word_1_902' title='bbox 1044 5311 1167 5366; x_wconf 88' lang='lat' dir='ltr'>tracitur</span> <span class='ocrx_word' id='word_1_903' title='bbox 1188 5309 1345 5364; x_wconf 87' lang='lat' dir='ltr'>semivivus</span> <span class='ocrx_word' id='word_1_904' title='bbox 1363 5309 1580 5378; x_wconf 90' lang='lat' dir='ltr'>custodiendus,</span> <span class='ocrx_word' id='word_1_905' title='bbox 1598 5317 1630 5365; x_wconf 86' lang='lat' dir='ltr'>ut</span> <span class='ocrx_word' id='word_1_906' title='bbox 1652 5311 1681 5365; x_wconf 88' lang='lat' dir='ltr'>iii</span> <span class='ocrx_word' id='word_1_907' title='bbox 1705 5311 1760 5368; x_wconf 87' lang='lat' dir='ltr'>fine</span> 
     </span>
     <span class='ocr_line' id='line_1_103' title="bbox 36 5379 1759 5457; baseline -0.003 -13"><span class='ocrx_word' id='word_1_908' title='bbox 36 5385 133 5444; x_wconf 81' lang='lat' dir='ltr'>eollo</span> <span class='ocrx_word' id='word_1_909' title='bbox 146 5383 295 5439; x_wconf 88' lang='lat' dir='ltr'>sustinens</span> <span class='ocrx_word' id='word_1_910' title='bbox 306 5397 396 5445; x_wconf 76' lang='lat' dir='ltr'>ovem,</span> <span class='ocrx_word' id='word_1_911' title='bbox 415 5386 552 5457; x_wconf 87' lang='lat' dir='ltr'>utrinque</span> <span class='ocrx_word' id='word_1_912' title='bbox 566 5393 677 5441; x_wconf 87' lang='lat' dir='ltr'>astante</span> <span class='ocrx_word' id='word_1_913' title='bbox 688 5387 723 5441; x_wconf 89' lang='grc'>40</span> <span class='ocrx_word' id='word_1_914' title='bbox 738 5386 822 5454; x_wconf 87' lang='grc'>00000</span> <span class='ocrx_word' id='word_1_915' title='bbox 834 5387 882 5440; x_wconf 87' lang='lat' dir='ltr'>Pa·</span> <span class='ocrx_word' id='word_1_916' title='bbox 939 5383 1096 5455; x_wconf 81' lang='lat' dir='ltr'>spectaculi</span> <span class='ocrx_word' id='word_1_917' title='bbox 1108 5381 1267 5453; x_wconf 83' lang='lat' dir='ltr'>juguletur.</span> <span class='ocrx_word' id='word_1_918' title='bbox 1285 5379 1445 5434; x_wconf 88' lang='lat' dir='ltr'>Saturusad</span> <span class='ocrx_word' id='word_1_919' title='bbox 1461 5381 1612 5436; x_wconf 84' lang='lat' dir='ltr'>Pudentem</span> <span class='ocrx_word' id='word_1_920' title='bbox 1637 5394 1759 5439; x_wconf 91' lang='lat' dir='ltr'>conver-</span> 
     </span>
     <span class='ocr_line' id='line_1_104' title="bbox 31 5452 1758 5533; baseline -0.001 -20"><span class='ocrx_word' id='word_1_921' title='bbox 31 5455 145 5515; x_wconf 75' lang='lat' dir='ltr'>storis</span> <span class='ocrx_word' id='word_1_922' title='bbox 160 5455 273 5510; x_wconf 90' lang='lat' dir='ltr'>ovicula</span> <span class='ocrx_word' id='word_1_923' title='bbox 288 5456 348 5510; x_wconf 87' lang='lat' dir='ltr'>sive</span> <span class='ocrx_word' id='word_1_924' title='bbox 360 5470 444 5528; x_wconf 84' lang='lat' dir='ltr'>agno,</span> <span class='ocrx_word' id='word_1_925' title='bbox 459 5458 508 5527; x_wconf 82' lang='lat' dir='ltr'>qui</span> <span class='ocrx_word' id='word_1_926' title='bbox 523 5458 652 5512; x_wconf 90' lang='lat' dir='ltr'>eumdem</span> <span class='ocrx_word' id='word_1_927' title='bbox 668 5458 801 5526; x_wconf 70' lang='lat' dir='ltr'>respicit,</span> <span class='ocrx_word' id='word_1_928' title='bbox 818 5469 881 5510; x_wconf 92' lang='lat' dir='ltr'>nec·</span> <span class='ocrx_word' id='word_1_929' title='bbox 939 5472 999 5520; x_wconf 87' lang='lat' dir='ltr'>sus,</span> <span class='ocrx_word' id='word_1_930' title='bbox 1012 5468 1094 5524; x_wconf 80' lang='lat' dir='ltr'>quem</span> <span class='ocrx_word' id='word_1_931' title='bbox 1114 5452 1276 5509; x_wconf 89' lang='lat' dir='ltr'>constantia</span> <span class='ocrx_word' id='word_1_932' title='bbox 1293 5457 1448 5533; x_wconf 79' lang='lat' dir='ltr'>martyrum</span> <span class='ocrx_word' id='word_1_933' title='bbox 1471 5458 1628 5519; x_wconf 90' lang='lat' dir='ltr'>permotum</span> <span class='ocrx_word' id='word_1_934' title='bbox 1651 5455 1758 5511; x_wconf 91' lang='lat' dir='ltr'>inflecti</span> 
     </span>
     <span class='ocr_line' id='line_1_105' title="bbox 31 5524 1761 5598; baseline -0.003 -11"><span class='ocrx_word' id='word_1_935' title='bbox 31 5540 107 5587; x_wconf 83' lang='lat' dir='ltr'>nori</span> <span class='ocrx_word' id='word_1_936' title='bbox 122 5527 345 5583; x_wconf 90' lang='lat' dir='ltr'>considentibus</span> <span class='ocrx_word' id='word_1_937' title='bbox 357 5529 475 5583; x_wconf 89' lang='lat' dir='ltr'>insellis</span> <span class='ocrx_word' id='word_1_938' title='bbox 487 5528 798 5598; x_wconf 75' lang='lat' dir='ltr'>binciiidepositisSs&#39;.</span> <span class='ocrx_word' id='word_1_939' title='bbox 810 5541 883 5597; x_wconf 90' lang='lat' dir='ltr'>apo-</span> <span class='ocrx_word' id='word_1_940' title='bbox 938 5527 1051 5583; x_wconf 87' lang='lat' dir='ltr'>videbat</span> <span class='ocrx_word' id='word_1_941' title='bbox 1065 5526 1098 5581; x_wconf 92' lang='grc'>00</span> <span class='ocrx_word' id='word_1_942' title='bbox 1117 5525 1198 5580; x_wconf 87' lang='grc'>0000</span> <span class='ocrx_word' id='word_1_943' title='bbox 1222 5524 1414 5578; x_wconf 79' lang='lat' dir='ltr'>Christianam</span> <span class='ocrx_word' id='word_1_944' title='bbox 1435 5536 1530 5577; x_wconf 89' lang='lat' dir='ltr'>secum</span> <span class='ocrx_word' id='word_1_945' title='bbox 1550 5524 1735 5592; x_wconf 90' lang='lat' dir='ltr'>profitendam</span> <span class='ocrx_word' id='word_1_946' title='bbox 1753 5545 1761 5582; x_wconf 91' lang='lat'>:</span> 
     </span>
     <span class='ocr_line' id='line_1_106' title="bbox 30 5595 1764 5670; baseline -0.002 -14"><span class='ocrx_word' id='word_1_947' title='bbox 30 5600 142 5658; x_wconf 82' lang='lat' dir='ltr'>sioiis</span> <span class='ocrx_word' id='word_1_948' title='bbox 164 5599 245 5653; x_wconf 86' lang='lat' dir='ltr'>Petro</span> <span class='ocrx_word' id='word_1_949' title='bbox 266 5607 293 5653; x_wconf 88' lang='lat' dir='ltr'>et</span> <span class='ocrx_word' id='word_1_950' title='bbox 309 5600 405 5658; x_wconf 80' lang='lat' dir='ltr'>Paulo.</span> <span class='ocrx_word' id='word_1_951' title='bbox 422 5602 506 5668; x_wconf 75' lang='lat' dir='ltr'>liujus</span> <span class='ocrx_word' id='word_1_952' title='bbox 528 5601 647 5656; x_wconf 87' lang='lat' dir='ltr'>secundi</span> <span class='ocrx_word' id='word_1_953' title='bbox 664 5599 754 5670; x_wconf 83' lang='lat' dir='ltr'>figura</span> <span class='ocrx_word' id='word_1_954' title='bbox 772 5599 881 5669; x_wconf 88' lang='lat' dir='ltr'>integra</span> <span class='ocrx_word' id='word_1_955' title='bbox 936 5601 1114 5659; x_wconf 76' lang='grc'>0440040040,</span> <span class='ocrx_word' id='word_1_956' title='bbox 1138 5598 1238 5665; x_wconf 65' lang='lat' dir='ltr'>indixit,</span> <span class='ocrx_word' id='word_1_957' title='bbox 1261 5595 1326 5664; x_wconf 78' lang='lat' dir='ltr'>fidei</span> <span class='ocrx_word' id='word_1_958' title='bbox 1348 5609 1422 5659; x_wconf 81' lang='grc'>0440,</span> <span class='ocrx_word' id='word_1_959' title='bbox 1445 5603 1470 5646; x_wconf 84' lang='lat' dir='ltr'>et</span> <span class='ocrx_word' id='word_1_960' title='bbox 1484 5610 1517 5648; x_wconf 89' lang='lat' dir='ltr'>ne</span> <span class='ocrx_word' id='word_1_961' title='bbox 1532 5602 1557 5649; x_wconf 90' lang='lat' dir='ltr'>te</span> <span class='ocrx_word' id='word_1_962' title='bbox 1581 5597 1634 5650; x_wconf 82' lang='lat' dir='ltr'>isto</span> <span class='ocrx_word' id='word_1_963' title='bbox 1647 5604 1764 5652; x_wconf 83' lang='lat' dir='ltr'>contiti-</span> 
     </span>
     <span class='ocr_line' id='line_1_107' title="bbox 26 5664 1764 5741; baseline -0.001 -15"><span class='ocrx_word' id='word_1_964' title='bbox 26 5682 71 5731; x_wconf 78' lang='lat' dir='ltr'>et</span> <span class='ocrx_word' id='word_1_965' title='bbox 103 5683 212 5727; x_wconf 89' lang='lat' dir='ltr'>nomen</span> <span class='ocrx_word' id='word_1_966' title='bbox 234 5671 371 5726; x_wconf 82' lang='lat' dir='ltr'>distincte</span> <span class='ocrx_word' id='word_1_967' title='bbox 395 5673 610 5741; x_wconf 71' lang='lat' dir='ltr'>recognoscitur</span> <span class='ocrx_word' id='word_1_968' title='bbox 632 5673 744 5725; x_wconf 76' lang='lat' dir='ltr'>Pontus.</span> <span class='ocrx_word' id='word_1_969' title='bbox 771 5669 883 5740; x_wconf 76' lang='lat' dir='ltr'>Effigies</span> <span class='ocrx_word' id='word_1_970' title='bbox 938 5672 1009 5736; x_wconf 82' lang='lat' dir='ltr'>terit,</span> <span class='ocrx_word' id='word_1_971' title='bbox 1037 5670 1084 5723; x_wconf 83' lang='lat' dir='ltr'>sed</span> <span class='ocrx_word' id='word_1_972' title='bbox 1111 5673 1277 5735; x_wconf 77' lang='grc'>0000004444.</span> <span class='ocrx_word' id='word_1_973' title='bbox 1303 5664 1410 5721; x_wconf 87' lang='lat' dir='ltr'>Deinde</span> <span class='ocrx_word' id='word_1_974' title='bbox 1433 5664 1572 5720; x_wconf 90' lang='lat' dir='ltr'>annulum</span> <span class='ocrx_word' id='word_1_975' title='bbox 1597 5668 1632 5722; x_wconf 91' lang='lat' dir='ltr'>de</span> <span class='ocrx_word' id='word_1_976' title='bbox 1659 5670 1764 5737; x_wconf 75' lang='lat' dir='ltr'>digitis</span> 
     </span>
     <span class='ocr_line' id='line_1_108' title="bbox 26 5736 1762 5814; baseline 0.001 -17"><span class='ocrx_word' id='word_1_977' title='bbox 26 5738 122 5803; x_wconf 85' lang='lat' dir='ltr'>honi</span> <span class='ocrx_word' id='word_1_978' title='bbox 154 5743 282 5796; x_wconf 87' lang='lat' dir='ltr'>Pastoris</span> <span class='ocrx_word' id='word_1_979' title='bbox 310 5743 338 5796; x_wconf 92' lang='lat' dir='ltr'>in</span> <span class='ocrx_word' id='word_1_980' title='bbox 365 5742 532 5814; x_wconf 81' lang='lat' dir='ltr'>fragmentis</span> <span class='ocrx_word' id='word_1_981' title='bbox 557 5759 620 5813; x_wconf 74' lang='lat' dir='ltr'>quac</span> <span class='ocrx_word' id='word_1_982' title='bbox 635 5748 791 5813; x_wconf 90' lang='lat' dir='ltr'>supersunt</span> <span class='ocrx_word' id='word_1_983' title='bbox 811 5742 883 5796; x_wconf 88' lang='grc'>00440</span> <span class='ocrx_word' id='word_1_984' title='bbox 938 5736 1637 5809; x_wconf 83' lang='lat' dir='ltr'>Pudentiseximi,sibiquecontvadicurat:quem</span> <span class='ocrx_word' id='word_1_985' title='bbox 1649 5742 1762 5797; x_wconf 82' lang='lat' dir='ltr'>vulneri</span> 
     </span>
     <span class='ocr_line' id='line_1_109' title="bbox 25 5808 1765 5884; baseline -0.001 -15"><span class='ocrx_word' id='word_1_986' title='bbox 25 5813 227 5884; x_wconf 76' lang='lat' dir='ltr'>conspicua,</span> <span class='ocrx_word' id='word_1_987' title='bbox 247 5814 357 5869; x_wconf 90' lang='lat' dir='ltr'>similis</span> <span class='ocrx_word' id='word_1_988' title='bbox 376 5815 486 5881; x_wconf 85' lang='lat' dir='ltr'>estjam</span> <span class='ocrx_word' id='word_1_989' title='bbox 509 5816 597 5869; x_wconf 86' lang='lat' dir='ltr'>oditis</span> <span class='ocrx_word' id='word_1_990' title='bbox 612 5829 660 5884; x_wconf 84' lang='lat' dir='ltr'>per</span> <span class='ocrx_word' id='word_1_991' title='bbox 677 5816 753 5870; x_wconf 88' lang='grc'>44400</span> <span class='ocrx_word' id='word_1_992' title='bbox 767 5813 879 5869; x_wconf 88' lang='lat' dir='ltr'>clariss.</span> <span class='ocrx_word' id='word_1_993' title='bbox 938 5828 990 5869; x_wconf 91' lang='lat' dir='ltr'>suo</span> <span class='ocrx_word' id='word_1_994' title='bbox 1005 5827 1060 5868; x_wconf 91' lang='grc'>000</span> <span class='ocrx_word' id='word_1_995' title='bbox 1077 5817 1187 5867; x_wconf 89' lang='grc'>4004440</span> <span class='ocrx_word' id='word_1_996' title='bbox 1206 5810 1361 5875; x_wconf 88' lang='grc'>00004440,</span> <span class='ocrx_word' id='word_1_997' title='bbox 1376 5808 1422 5863; x_wconf 89' lang='grc'>000</span> <span class='ocrx_word' id='word_1_998' title='bbox 1440 5808 1524 5863; x_wconf 88' lang='lat' dir='ltr'>etiam</span> <span class='ocrx_word' id='word_1_999' title='bbox 1539 5810 1716 5883; x_wconf 87' lang='lat' dir='ltr'>immersum,</span> <span class='ocrx_word' id='word_1_1000' title='bbox 1732 5819 1765 5867; x_wconf 92' lang='lat' dir='ltr'>ut</span> 
     </span>
    </p>
   </div>
   <div class='ocr_carea' id='block_1_17' title="bbox 0 0 1951 6116">
    <p class='ocr_par' dir='ltr' id='par_1_17' title="bbox 0 0 1951 6116">
     <span class='ocr_line' id='line_1_110' title="bbox 0 0 1951 6116; baseline 0 0"><span class='ocrx_word' id='word_1_1001' title='bbox 0 0 1951 6116; x_wconf 95' lang='lat' dir='ltr'> </span> 
     </span>
    </p>
   </div>
  </div>
 </body>
</html>
