3892 6136
166 274 200 336 ‘ll
542 275 591 334 AD
617 275 836 336 auasthsltllt
862 270 1119 335 rudindolttltla
1146 277 1234 335 holt.
1264 279 1480 342 ROMeVATiC.
1836 281 1874 342 72

168 392 509 476 mentisnuartoetseato
518 399 623 458 soemo
634 389 1035 472 preservattsauctoribuslt
1085 398 1116 455 ln
1132 397 1257 459 laudatis
1272 399 1380 459 litteris
1394 403 1520 461 Cornelii
1536 418 1613 475 papae
1626 405 1662 463 ad
1677 402 1796 462 Fabium
1811 405 1874 462 dn-

167 494 365 565 camlopcrnm
381 489 435 548 sub
450 488 564 548 liberio
579 494 607 546 et
621 488 676 548 sub
691 489 784 547 Felice
795 494 907 561 quarto.
1049 485 1225 562 tiochenum,
1240 491 1317 549 circa
1330 505 1438 549 annum
1453 493 1562 550 Christi
1576 490 1638 563 itt,
1653 493 1721 550 dum
1738 499 1873 552 narratur

202 579 247 639 33.
268 582 313 638 lle
327 580 425 651 itaque
439 577 583 636 conteram
599 579 633 636 ad
649 578 771 637 alterum
792 584 879 649 caput
897 591 992 635 rerum
1047 579 1181 636 aNovato
1193 582 1356 652 presbytero
1367 581 1537 639 subornatos
1551 582 1678 639 luisseet
1690 583 1797 640 accitos
1807 584 1874 654 epi-

168 669 384 729 enuntiatarum
393 669 423 726 in
432 669 511 726 hisce
519 669 593 725 llitis
601 667 864 739 pontihcum,quod
873 666 994 737 comple·
1047 679 1148 736 scopos
1163 672 1229 740 tres,
1246 674 1280 726 ut
1295 683 1429 728 manuum
1453 671 1639 741 impositione
1654 671 1711 727 sibi
1727 673 1873 729 traderent

167 762 259 819 ctitur
272 760 437 825 eorumdem
452 760 564 816 decreta
579 757 728 829 nonnulla,
744 765 773 814 et
787 770 937 814 numerum
951 769 992 812 sa-
1046 755 1252 829 episcopatum,
1270 759 1391 816 miridce
1410 759 1612 830 comprobatur
1626 760 1661 817 ab
1676 761 1872 832 apostolorum

167 848 698 919 crarumordinationumquassinguli
709 847 993 919 peregeruntllecre
1046 848 1128 900 atate
1143 845 1220 903 hune
1232 847 1321 905 ritum
1337 862 1398 906 esse
1414 845 1608 922 repetendum,
1625 864 1708 921 quem
1726 851 1755 906 in
1774 851 1872 906 Graeca

168 934 993 1011 tantplurimnmreferebantnraddisciplinam,adlitur-
1046 933 1132 989 etiam
1152 935 1280 992 Ecclesia
1292 936 1472 994 observatum
1492 936 1583 995 luisse
1596 943 1662 995 ante
1681 952 1773 994 annos
1792 938 1873 994 mille

168 1023 992 1102 pleministeria,adritumsacramentorum.Namdegma·
1046 1021 1871 1098 quingentoscelligitblorinus(sacrarumordinationum

168 1123 197 1175 ta
209 1117 275 1174 ildei
286 1121 401 1186 nostrae,
413 1116 438 1172 si
450 1127 506 1187 qua
519 1112 897 1172 lortecouvellerehaeretici
910 1125 992 1168 eona-
1046 1122 1106 1180 par.
1124 1124 1155 1176 n,
1175 1126 1237 1184 pag.
1256 1111 1301 1186 il)
1312 1126 1346 1169 ex
1363 1115 1465 1171 ordine
1479 1115 1648 1172 aClemente
1667 1115 1794 1172 Romano
1808 1116 1874 1185 pri-

169 1210 277 1276 rentur,
294 1204 330 1263 ab
353 1205 475 1262 istorum
494 1204 613 1261 audacia
635 1201 824 1260 defendebant
842 1200 992 1272 pontitices
1046 1212 1123 1255 mum
1137 1200 1263 1273 vulgato,
1283 1203 1434 1260 mandante
1449 1203 1531 1260 beato
1553 1205 1646 1275 Petro,
1661 1218 1726 1260 mox
1739 1217 1757 1261 a
1772 1208 1874 1274 poste-

168 1294 330 1353 redditione
343 1291 469 1365 Symboli
485 1290 648 1364 apostolici,
669 1291 808 1361 blajorum
829 1288 991 1345 traditioni·
1047 1287 1175 1345 rioribus
1193 1290 1327 1350 aetatibus
1348 1297 1442 1350 aucto.
1459 1293 1538 1350 Unde
1553 1293 1585 1349 tlt
1600 1293 1729 1350 vitarum
1750 1293 1871 1351 istarum

167 1383 254 1444 buset
263 1383 466 1441 interdictione
474 1396 629 1440 sacrorum.
640 1381 703 1437 llaec
710 1384 804 1437 autem
815 1379 991 1436 munimenta
1045 1380 1191 1433 auctorem
1208 1392 1299 1451 neque
1315 1380 1461 1438 inutiliter
1475 1394 1567 1453 neque
1582 1381 1656 1437 citra
1669 1384 1871 1439 auctoritatem

168 1471 245 1545 idei,
265 1471 334 1530 licet
343 1473 440 1530 arcani
453 1471 610 1543 disciplina
630 1469 798 1541 plerumque
817 1470 988 1539 contegeret,
1045 1468 1204 1523 asseruisse
1225 1467 1254 1524 in
1277 1469 1341 1525 llita
1361 1468 1515 1526 Clementis
1529 1489 1535 1525 :
1550 1470 1615 1526 ideo
1634 1471 1719 1525 linus
1738 1479 1763 1526 et
1781 1471 1872 1526 eletos

167 1573 259 1633 neque
271 1569 420 1633 propterea
434 1559 528 1617 forent
541 1560 570 1616 iu
581 1557 732 1630 propatulo
745 1555 937 1612 marmoribus
949 1553 991 1611 in·
1045 1558 1108 1609 ante
1121 1570 1181 1610 eum
1190 1557 1408 1622 conscribuntur,
1422 1574 1451 1614 eo
1464 1558 1538 1629 quod
1549 1558 1583 1612 ub
1595 1561 1654 1629 ipse
1663 1560 1789 1629 principe
1801 1575 1873 1630 cpe-

76 1716 80 1727 !
166 1651 287 1708 cideuda
300 1664 350 1723 per
364 1664 425 1707 eam
437 1652 642 1721 tempestatem,
656 1647 704 1704 scd
717 1646 746 1702 iu
759 1644 886 1702 archivis
899 1643 992 1700 Ecclc-
1045 1642 1176 1700 stolorum
1188 1644 1226 1700 ud
1237 1647 1420 1702 ministerium
1432 1647 1598 1702 sacerdotale
1613 1648 1795 1702 exhibendum
1807 1653 1873 1703 sunt

165 1739 398 1797 simasserranda
409 1752 474 1795 cum
486 1738 596 1795 divinis
608 1736 726 1808 litteris,
737 1739 766 1792 et
778 1749 842 1791 cum
856 1713 1031 1806 genulnlsB
1046 1733 1166 1803 episcopi
1180 1735 1314 1789 ordinati.
1336 1735 1471 1806 Princeps
1488 1735 1565 1791 enim
1582 1736 1788 1807 apostolorum,
1805 1750 1871 1793 cum

166 1827 282 1886 Patrem
298 1827 443 1899 operibus,
460 1827 595 1884 visuntur
611 1829 704 1881 tamen
718 1822 844 1879 indicata
857 1821 992 1879 fidelibus
1046 1833 1173 1878 normam
1187 1822 1352 1880 institueret
1363 1824 1416 1880 hac
1428 1823 1459 1879 in
1469 1823 1596 1881 Ecclesia
1608 1824 1784 1897 reliquarum
1795 1825 1874 1883 ordi·

166 1915 197 1972 ln
210 1929 351 1972 marmore
362 1914 507 1986 Hippolyti
520 1913 688 1985 episcopiet
701 1911 845 1983 martyris,
858 1910 993 1967 ubicata-
1047 1911 1205 1968 nandarum
1228 1925 1260 1968 ac
1282 1914 1479 1985 regendarum,
1511 1928 1567 1971 non
1596 1914 1696 1971 omisit
1719 1915 1872 1986 designare

165 2003 249 2077 logus
261 2005 325 2074 elus
338 2002 572 2061 lucubrationum
589 2002 698 2060 indicat
710 2003 769 2072 jam
782 2008 843 2058 tum
858 1998 992 2056 collectas
1045 1999 1119 2056 dues
1135 2001 1284 2071 episcopos
1306 2001 1389 2058 lateri
1410 2016 1463 2059 suo
1481 2003 1657 2076 adhaesuros,
1674 2017 1739 2059 cum
1763 2003 1871 2075 quibus

165 2090 437 2164 lulsseapostolicas
445 2092 626 2162 traditiones,
639 2087 992 2162 pereanerharhlloeitt
1047 2100 1148 2144 manus
1160 2089 1317 2158 imponeret
1329 2091 1473 2161 episcopis
1490 2105 1540 2162 per
1554 2092 1667 2148 diuersa
1679 2092 1741 2148 loca
1753 2092 1784 2148 in
1796 2091 1871 2148 Urbe

164 2181 250 2240 utcu
259 2180 467 2249 anennoeto,
479 2179 832 2252 etOpusculadopmatica
843 2177 927 2233 ΠΕΡΙ
938 2174 991 2231 ΘΥ
1046 2178 1227 2248 ordinandis,
1245 2192 1344 2248 nempe
1362 2179 1396 2234 ad
1416 2180 1607 2237 exhibendum
1626 2182 1655 2237 id
1676 2182 1869 2238 ministerium

165 2269 368 2329 KAICAPXOC
375 2268 992 2339 hNhCThCEssC,delleo,etcamisresurrec·
1046 2267 1201 2324 sacerdotii
1217 2267 1343 2337 majoris,
1360 2269 1435 2339 quod
1452 2274 1509 2324 tres
1524 2270 1674 2341 episcopos
1694 2270 1870 2342 requirebat.

165 2363 248 2425 hone,
262 2359 347 2415 ΠΕΡΙ
358 2356 541 2415 ΤἈΓΑΘΟΥ
553 2354 805 2413 ΚΑΙΠΟΘΕΝΤΟ
814 2354 944 2425 ΚΑΚΟΝ,
958 2353 992 2408 de
1045 2355 1117 2411 ilinc
1138 2355 1212 2412 inter
1231 2368 1354 2411 canones
1373 2370 1445 2428 quos
1464 2362 1565 2414 vocant
1584 2360 1786 2429 Apostolorum,
1806 2373 1872 2415 om-

165 2451 244 2516 beno,
251 2447 472 2506 etundemcturn.
479 2446 653 2502 Necessitate
660 2452 752 2502 autem
764 2446 992 2514 poscenteutper
1046 2443 1127 2501 nium
1142 2443 1263 2500 habetur
1276 2445 1397 2515 primus,
1413 2445 1463 2516 qui
1477 2446 1590 2519 statuit,
1605 2447 1768 2505 ministerio
1781 2447 1869 2504 trium

165 2538 290 2598 eoncilia
300 2536 376 2609 apud
386 2533 830 2605 sedemapostolicamgrauieres
840 2531 992 2600 causatu·
1045 2531 1245 2602 episcoporum
1261 2532 1427 2603 episcopum
1443 2533 1583 2590 ordinari.

165 2629 343 2698 dicerentur,
356 2630 385 2682 et
395 2624 543 2682 sententie
555 2624 670 2679 Petrum
685 2621 924 2678 confirmarentur
935 2632 992 2675 au·
1081 2623 1112 2677 ln
1126 2622 1223 2677 eadem
1235 2621 1357 2692 epistola
1371 2620 1498 2679 Cornelii
1512 2624 1614 2679 merito
1629 2623 1764 2696 culpatur
1775 2625 1872 2681 Nova-

165 2717 299 2776 ctoritate
313 2713 460 2788 pontificis
472 2712 612 2783 bomani,
634 2711 722 2781 huius
735 2710 864 2781 epistolae
879 2713 907 2764 et
921 2708 991 2763 Acta
1046 2712 1102 2780 tus,
1114 2709 1187 2780 quod
1200 2715 1384 2781 posteaquam
1395 2710 1656 2784 morboconvaluit,
1668 2713 1698 2769 in
1707 2727 1763 2783 quo
1772 2711 1872 2783 bapti-

165 2804 284 2865 ceucilii
295 2801 564 2862 transmittebantur
576 2800 610 2856 ad
621 2800 763 2856 Ecclesias
778 2799 947 2870 praecipuas,
959 2800 991 2852 nt
1045 2811 1137 2854 smum
1157 2803 1330 2870 susceperat,
1350 2799 1457 2869 relique
1467 2817 1521 2855 uon
1536 2804 1696 2872 pepercerit,
1708 2818 1769 2871 qua
1784 2802 1871 2871 juata

166 2896 197 2952 lu
209 2908 295 2952 causa
310 2893 410 2951 Notati
421 2890 531 2948 celebre
544 2888 705 2958 exemplum
718 2888 825 2960 legitur
839 2886 913 2958 apud
929 2887 991 2942 Eu·
1045 2888 1252 2943 ecclesiasticam
1270 2888 1393 2956 reputem
1404 2891 1512 2960 percipi
1528 2890 1635 2954 debent,
1651 2906 1738 2960 neque
1756 2892 1791 2945 cb
1809 2893 1870 2962 epi-

164 2982 277 3042 sebium
299 2982 434 3039 ilistoriae
456 2979 507 3036 lib.
528 2993 568 3048 ιι,
588 2991 650 3047 cap.
676 2974 732 3034 la:
750 2979 869 3032 Exstant
888 2976 988 3038 adhuc,
1044 2991 1122 3047 scopo
1132 2979 1169 3032 sit
1177 2977 1362 3045 concinnatus.
1374 2977 1445 3047 Quis
1455 2992 1511 3035 non
1523 2979 1696 3036 uideathinc
1709 2969 1871 3037 luculenter

166 3073 273 3147 inquit,
287 3072 408 3143 epietotae
420 3069 537 3127 Cornelii
551 3071 733 3125 homanorum
750 3067 869 3138 episcopi
881 3066 920 3121 cd
933 3066 990 3120 Ec·
1005 3047 1031 3114 0
1045 3064 1160 3136 probari
1176 3064 1388 3122 ecclesiasticas
1403 3067 1518 3140 regulas
1531 3068 1705 3125 constitutas
1720 3074 1785 3125 ante
1798 3070 1873 3126 Cor-

165 3162 239 3218 dium
247 3160 438 3216 Antiochensis
449 3156 726 3227 Ecclesiapraesulem
736 3157 835 3219 misem
846 3157 877 3209 in
892 3154 989 3224 quibus
1046 3153 1153 3211 melium
1164 3154 1241 3210 eirca
1252 3154 1327 3210 ritus
1339 3153 1476 3225 baptismi
1487 3155 1678 3214 observandos
1688 3158 1774 3214 etiam
1785 3158 1821 3214 ab
1833 3158 1872 3216 iis

164 3255 190 3307 et
202 3254 331 3309 lioncna
349 3247 447 3317 renodi
466 3250 552 3315 perta,
572 3250 598 3302 et
615 3247 736 3301 omniurn
755 3260 807 3315 per
827 3245 991 3311 licitumst
1046 3243 1096 3315 qui
1112 3237 1280 3300 necessitate
1296 3250 1415 3317 urgente
1429 3247 1676 3316 compendiariam
1698 3246 1869 3305 beneficium

164 3338 302 3408 Atticum,
316 3339 487 3407 aliorumque
501 3336 620 3396 locorum
637 3335 749 3390 iliorum
760 3334 918 3404 mcoinmas
932 3347 991 3387 sen·
1044 3332 1215 3388 sacramenti
1236 3331 1430 3390 obtinuissent
1447 3335 1529 3404 juxta
1548 3335 1744 3392 definitionem
1762 3336 1871 3393 decreti

162 3430 254 3484 tentia
268 3428 454 3483 declarentur.
470 3424 606 3496 Epistola
619 3437 685 3480 aero
701 3436 773 3494 quas
787 3422 862 3478 Petri
879 3434 992 3478 succes·
1044 3420 1169 3478 Victoris
1189 3435 1280 3493 papae,
1298 3428 1365 3480 ante
1386 3436 1476 3480 annos
1497 3424 1644 3495 sexaginta
1666 3426 1774 3481 conditi
1798 3432 1827 3482 et
1842 3428 1872 3485 in

163 3530 242 3575 sores
262 3517 410 3575 dedissent
429 3515 464 3572 ad
486 3514 636 3584 Ecclesiae,
651 3517 730 3570 tanm
747 3512 886 3584 religione
900 3511 991 3567 susci·
1044 3510 1170 3580 ejusdem
1191 3511 1254 3567 Vita
1273 3511 1314 3567 ita
1331 3512 1458 3583 expressi
1472 3511 1644 3567 iconstituit
1657 3517 1697 3576 ut,
1711 3517 1872 3570 necessitate

162 3605 325 3678 plebantnr,
342 3609 479 3673 tantoque
493 3602 523 3657 ln
537 3602 630 3671 pretio
643 3600 831 3672 habebantur,
845 3605 877 3657 ut
891 3600 989 3656 eadem
1042 3601 1170 3668 semente,
1184 3600 1233 3664 ibi,
1246 3600 1295 3654 ubi
1308 3602 1435 3656 iuuentus
1447 3602 1557 3668 suisset,
1570 3603 1626 3656 siue
1640 3604 1872 3670 indominicatae

161 3693 288 3752 Historia
307 3690 425 3748 Eusebii
441 3703 492 3746 hos
511 3689 620 3758 doceat,
641 3690 732 3760 illam,
756 3702 840 3762 quam
860 3689 990 3745 Clemens
1042 3688 1073 3742 in
1087 3691 1168 3752 muri,
1189 3691 1244 3743 siue
1258 3690 1288 3743 in
1302 3691 1436 3757 sentibus,
1456 3694 1564 3745 lentum
1584 3690 1742 3745 Christiana
1761 3694 1872 3759 conses-

162 3782 279 3841 nomine
298 3781 431 3836 Romauae
443 3776 577 3834 Ecclesia
592 3777 748 3846 scripserat
761 3779 796 3833 ad
811 3778 987 3847 Corinthios,
1043 3778 1117 3832 sione
1131 3778 1302 3834 credulitatis
1324 3780 1485 3848 clarificata,
1509 3780 1663 3849 pauorque
1684 3779 1822 3835 hominum
1837 3797 1871 3836 ea

160 3874 192 3929 in
199 3872 339 3944 plerisque
353 3867 482 3923 Ecclesiis
493 3880 555 3930 sua,
571 3869 597 3921 et
608 3866 744 3935 superiori
757 3867 885 3920 memoria
894 3866 990 3935 pulum
1042 3867 1195 3935 pentilitcte
1204 3869 1314 3921 ueniens
1325 3870 1356 3920 ut
1367 3866 1561 3934 baptizaretur.
1575 3867 1647 3936 Quis
1658 3883 1713 3925 non
1726 3869 1871 3942 intelligat

160 3961 274 4017 recitari
290 3959 458 4014 consuevisse
476 3954 604 4027 (Euseb,
624 3956 697 4010 ilict.
714 3952 766 4010 lib.
782 3967 828 4023 ut,
844 3967 905 4024 cap.
924 3952 988 4026 l6);
1043 3953 1112 4011 hinc
1127 3954 1235 4025 percipi
1248 3952 1433 4024 disciplinam
1444 3955 1630 4024 apostolicam
1645 3957 1822 4029 chrismatis,
1834 3959 1870 4016 ab

160 4047 245 4107 ‘etita
260 4047 419 4120 proximam
439 4044 531 4104 luisse
546 4044 674 4102 habitam
690 4043 842 4100 sententiis
853 4042 989 4112 Epistola
1043 4043 1187 4114 episcopo,
1216 4055 1272 4099 non
1297 4055 1363 4098 vero
1389 4055 1405 4097 a
1431 4043 1561 4113 simplici
1590 4046 1752 4117 presbytero
1777 4048 1870 4104 mini-

162 4136 244 4195 Pauli
264 4138 300 4196 ad
318 4137 461 4209 Hebraeos,
481 4140 512 4191 ut
530 4150 591 4190 cum
606 4134 721 4203 reliquis
737 4132 863 4203 Apostoli
881 4134 989 4203 scriptis
1044 4131 1165 4204 strandi,
1180 4145 1263 4202 quam
1274 4144 1290 4188 a
1302 4132 1409 4189 Novato
1421 4132 1612 4203 posthabitam
1625 4136 1673 4192 hic
1687 4137 1789 4193 merito
1800 4139 1870 4195 cul-

161 4243 217 4286 non
230 4231 289 4285 sine
301 4243 385 4284 ecusc
399 4226 493 4282 ecdem
508 4225 641 4280 recenseri
651 4223 779 4278 uideatur
791 4222 883 4294 (ibid,
897 4237 923 4280 c.
934 4220 987 4296 38).
1043 4226 1092 4292 pat
1104 4220 1255 4277 Cornelius
1268 4220 1282 4275 ‘l
1295 4222 1405 4277 Rursus
1421 4222 1451 4278 in
1466 4223 1611 4295 episcopis
1631 4224 1751 4281 subdole
1765 4226 1869 4284 accitis

162 4319 276 4386 ilerum,
295 4317 338 4374 uti
358 4313 552 4385 observabam,
574 4313 604 4370 in
622 4312 702 4369 hisce
724 4311 799 4369 llitis
821 4312 988 4383 pontificum
1044 4322 1094 4381 per
1102 4310 1202 4367 Novati
1216 4308 1342 4367 lautores
1351 4311 1387 4367 ad
1401 4313 1529 4383 ejusdem
1542 4314 1785 4371 consecrationem
1798 4330 1870 4374 cen-

161 4407 274 4464 decreta
283 4405 451 4475 plerumque
459 4399 848 4474 pertinentaddisciplinam,
858 4406 887 4458 et
894 4393 1029 4472 potiori)
1043 4413 1139 4457 suram
1151 4404 1263 4456 exercet
1274 4400 1433 4474 Cornelius,
1448 4402 1604 4475 objurgans
1618 4416 1665 4459 eos
1680 4402 1771 4460 tuisse
1784 4404 1869 4463 clan-

163 4507 229 4568 pars
239 4491 406 4551 relertnrad
419 4490 579 4565 liturgiam.
595 4492 657 4547 llaec
672 4490 770 4562 itaque
781 4503 847 4560 pars
858 4489 988 4547 historie
1042 4488 1140 4547 culum
1150 4496 1344 4561 congregatos.
1356 4491 1412 4548 lloc
1421 4503 1520 4562 nempe
1530 4491 1734 4550 adversabatur
1743 4493 1868 4553 decretis

162 4581 338 4656 pontillcalis
357 4579 503 4659 nitebatur
522 4579 688 4637 testimonio
710 4579 873 4651 quotidiani
896 4579 988 4636 mini·
1041 4579 1114 4637 sixti
1128 4593 1161 4636 ac
1174 4578 1338 4653 zephyrini,
1354 4581 1505 4638 recensitis
1524 4582 1577 4639 hoc
1598 4582 1628 4638 in
1643 4582 1729 4640 Libro
1742 4585 1868 4641 Pontid-

161 4672 256 4741 sterii,
271 4669 526 4742 apostolicaesedis
541 4670 601 4726 ritu
622 4667 806 4741 frequentati,
822 4673 851 4725 et
865 4667 988 4726 subinde
1042 4668 1097 4726 cali
1109 4669 1141 4724 de
1147 4671 1272 4737 sumatis
1283 4686 1299 4725 e
1308 4671 1469 4740 patriarche
1477 4671 1666 4743 impetrandis,
1676 4676 1706 4729 ut
1715 4674 1866 4745 episcopus,

161 4761 266 4836 digesti
279 4761 310 4818 im
319 4760 450 4817 Codicem
462 4757 657 4828 Gelasianum,
669 4757 729 4814 siue
739 4756 875 4814 Ordinem
889 4757 989 4815 Roma·
1040 4761 1137 4816 relicte
1150 4761 1212 4816 sede
1225 4775 1287 4825 sun,
1301 4761 1412 4816 honrem
1425 4761 1535 4816 veruna
1553 4760 1689 4817 redeundi
1703 4768 1867 4832 potestatem

162 4865 230 4910 num
244 4863 327 4922 quem
340 4852 458 4907 nocant:
480 4847 521 4903 ita
543 4853 575 4905 ut
587 4858 643 4903 aere
655 4846 810 4918 perennius
824 4861 987 4907 monumen·
1041 4850 1160 4906 hcbmet.
1180 4852 1237 4906 lmo
1257 4855 1282 4905 et
1298 4851 1504 4921 συγκλεισθέντας,
1524 4850 1672 4914 conclusos,
1688 4853 1743 4921 ὼρᾷ
1764 4852 1864 4921 δεκάτη,

162 4945 223 4996 tum
239 4939 381 5010 ejusmodi
400 4938 509 4995 rituum
526 4936 749 4994 acdecretornm
769 4937 933 4996 dedicatum
947 4941 986 4997 sit
1041 4940 1109 4996 horo
1130 4941 1244 5006 meina,
1269 4941 1400 5011 μεθύοντας
1417 4959 1458 4992 και
1481 4939 1671 5011 recensitum,
1695 4943 1864 5008 temulentos,

162 5027 193 5085 in
209 5027 291 5096 praui
307 5027 476 5097 quotidiana
490 5026 624 5083 Ecclesia
639 5028 779 5084 liomanae.
1040 5033 1067 5084 et
1075 5029 1189 5099 crapula
1199 5043 1349 5100 oppressos,
1362 5027 1511 5084 irritamet
1520 5026 1701 5085 umbratilem
1712 5045 1866 5088 consecra-

197 5110 243 5170 ll.
255 5112 331 5184 Quin
341 5116 427 5171 etiam
440 5116 470 5171 in
483 5116 616 5186 epistolis
630 5115 763 5172 Romanae
775 5113 909 5171 Ecclesia
920 5129 986 5186 pou·
1041 5118 1147 5176 tionem
1159 5116 1284 5175 declarat
1298 5116 1325 5172 ei
1338 5115 1512 5173 contulisse:
1528 5114 1636 5186 quibus
1649 5119 1731 5175 vitiis
1742 5120 1866 5179 ordina-

162 5202 283 5273 tillcum,
308 5214 378 5273 quas
398 5202 483 5270 paulo
498 5209 564 5260 ante
582 5202 735 5259 memoravi
759 5205 944 5269 transmissas
958 5209 987 5263 et
1041 5207 1132 5264 tionis
1146 5219 1202 5263 uon
1217 5204 1338 5261 obscure
1354 5204 1520 5261 indicantur
1533 5207 1659 5275 oppositi
1673 5221 1796 5265 canones
1812 5210 1866 5266 de-

160 5291 316 5364 dllipenter
337 5289 497 5347 custoditas
512 5290 540 5346 in
562 5290 690 5348 archivis
705 5290 815 5347 sedium
832 5293 986 5364 praecipua·
1041 5309 1185 5354 cessornm
1205 5295 1336 5350 llomance
1357 5293 1434 5349 sedis
1453 5294 1619 5353 antistitum
1636 5315 1643 5370 3
1661 5311 1761 5367 nempe
1781 5299 1866 5354 Tele-

163 5394 237 5453 rum,
252 5380 346 5438 elucet
366 5379 465 5451 praxis
480 5377 644 5448 disciplinae
661 5386 902 5439 sacramentorum
917 5384 989 5442 alio·
1041 5385 1151 5459 ephori,
1166 5384 1259 5440 missae
1271 5381 1490 5439 celebrationem
1503 5387 1629 5455 aptantis
1642 5400 1675 5443 ex
1687 5387 1756 5442 hora
1767 5389 1862 5462 tertia,

162 5481 284 5543 rumque
298 5469 419 5541 rituum,
436 5481 500 5541 quar
514 5466 680 5540 comprobat
694 5473 780 5543 atque
802 5471 931 5533 illustrat
943 5475 989 5535 de·
1041 5490 1097 5551 qua
1111 5474 1252 5532 Dominus
1267 5475 1363 5530 noster
1381 5472 1511 5532 ascendit
1531 5475 1561 5533 in
1572 5489 1697 5545 erucem,
1713 5476 1748 5533 ad
1763 5477 1863 5535 horam
1904 5546 1907 5551 ¹

162 5563 240 5618 creta
253 5571 271 5618 a
283 5557 486 5619 decessoribus
499 5558 587 5618 edita.
1041 5575 1155 5637 nonam,
1183 5573 1240 5636 qua
1266 5561 1297 5620 tn
1314 5574 1400 5622 cruce
1414 5563 1572 5637 exspiravit
1591 5561 1633 5636 (ut
1656 5562 1732 5624 inira
1748 5566 1778 5623 in
1798 5566 1863 5638 ejus
