<?xml version="1.0" encoding="UTF-8"?>
<!DOCTYPE html PUBLIC "-//W3C//DTD XHTML 1.0 Transitional//EN"
    "http://www.w3.org/TR/xhtml1/DTD/xhtml1-transitional.dtd">
<html xmlns="http://www.w3.org/1999/xhtml" xml:lang="en" lang="en">
 <head>
  <title>
</title>
<meta http-equiv="Content-Type" content="text/html;charset=utf-8" />
  <meta name='ocr-system' content='tesseract 3.04.00' />
  <meta name='ocr-capabilities' content='ocr_page ocr_carea ocr_par ocr_line ocrx_word'/>
</head>
<body>
  <div class='ocr_page' id='page_1' title='image "./patrologiaecurs48unkngoog_0707.png"; bbox 0 0 3892 6136; ppageno 0'>
   <div class='ocr_carea' id='block_1_1' title="bbox 56 256 128 317">
    <p class='ocr_par' dir='ltr' id='par_1_1' title="bbox 56 256 128 317">
     <span class='ocr_line' id='line_1_1' title="bbox 56 256 128 317; baseline 0.014 -2"><span class='ocrx_word' id='word_1_1' title='bbox 56 256 128 317; x_wconf 77' lang='lat' dir='ltr'><strong>lini</strong></span> 
     </span>
    </p>
   </div>
   <div class='ocr_carea' id='block_1_2' title="bbox 367 246 1350 318">
    <p class='ocr_par' dir='ltr' id='par_1_2' title="bbox 367 246 1350 318">
     <span class='ocr_line' id='line_1_2' title="bbox 367 246 1350 318; baseline 0.005 -9"><span class='ocrx_word' id='word_1_2' title='bbox 367 246 370 252; x_wconf 70' lang='grc'><strong>’</strong></span> <span class='ocrx_word' id='word_1_3' title='bbox 465 253 624 311; x_wconf 80' lang='lat' dir='ltr'>HISTORIA</span> <span class='ocrx_word' id='word_1_4' title='bbox 643 255 688 311; x_wconf 85' lang='lat' dir='ltr'><strong>DE</strong></span> <span class='ocrx_word' id='word_1_5' title='bbox 706 255 793 312; x_wconf 75' lang='lat' dir='ltr'><strong>vltis</strong></span> <span class='ocrx_word' id='word_1_6' title='bbox 813 255 896 315; x_wconf 85' lang='lat' dir='ltr'><strong>ltotl.</strong></span> <span class='ocrx_word' id='word_1_7' title='bbox 919 256 1019 315; x_wconf 86' lang='lat' dir='ltr'>PONT.</span> <span class='ocrx_word' id='word_1_8' title='bbox 1038 289 1076 302; x_wconf 91' lang='lat'><strong>-·</strong></span> <span class='ocrx_word' id='word_1_9' title='bbox 1093 259 1122 318; x_wconf 87' lang='lat' dir='ltr'><strong>S.</strong></span> <span class='ocrx_word' id='word_1_10' title='bbox 1145 257 1350 316; x_wconf 76' lang='lat' dir='ltr'><strong>STEPHANUS.</strong></span> 
     </span>
    </p>
   </div>
   <div class='ocr_carea' id='block_1_3' title="bbox 1685 252 1755 314">
    <p class='ocr_par' dir='ltr' id='par_1_3' title="bbox 1685 252 1755 314">
     <span class='ocr_line' id='line_1_3' title="bbox 1685 252 1755 314; baseline 0.043 -3"><span class='ocrx_word' id='word_1_11' title='bbox 1685 252 1755 314; x_wconf 83' lang='lat' dir='ltr'><strong>llud</strong></span> 
     </span>
    </p>
   </div>
   <div class='ocr_carea' id='block_1_4' title="bbox 55 381 1754 459">
    <p class='ocr_par' dir='ltr' id='par_1_4' title="bbox 55 381 1754 459">
     <span class='ocr_line' id='line_1_4' title="bbox 55 381 1754 459; baseline -0.002 -16"><span class='ocrx_word' id='word_1_12' title='bbox 55 385 143 455; x_wconf 90' lang='lat' dir='ltr'><strong>licie,</strong></span> <span class='ocrx_word' id='word_1_13' title='bbox 155 381 349 453; x_wconf 79' lang='lat' dir='ltr'><strong>cappadocia,</strong></span> <span class='ocrx_word' id='word_1_14' title='bbox 362 386 391 438; x_wconf 92' lang='lat' dir='ltr'><strong>et</strong></span> <span class='ocrx_word' id='word_1_15' title='bbox 402 381 531 451; x_wconf 80' lang='lat' dir='ltr'><strong>Galatiae,</strong></span> <span class='ocrx_word' id='word_1_16' title='bbox 544 386 573 438; x_wconf 92' lang='lat' dir='ltr'><strong>et</strong></span> <span class='ocrx_word' id='word_1_17' title='bbox 596 381 785 439; x_wconf 83' lang='lat' dir='ltr'><strong>finitimarum</strong></span> <span class='ocrx_word' id='word_1_18' title='bbox 801 395 874 456; x_wconf 84' lang='lat' dir='ltr'><strong>gen·</strong></span> <span class='ocrx_word' id='word_1_19' title='bbox 889 382 919 444; x_wconf 89' lang='lat' dir='ltr'>A</span> <span class='ocrx_word' id='word_1_20' title='bbox 933 387 1202 459; x_wconf 85' lang='lat' dir='ltr'><strong>regulamvcrltatis</strong></span> <span class='ocrx_word' id='word_1_21' title='bbox 1213 390 1242 443; x_wconf 91' lang='lat' dir='ltr'><strong>et</strong></span> <span class='ocrx_word' id='word_1_22' title='bbox 1254 386 1320 443; x_wconf 87' lang='lat' dir='ltr'><strong>ddei</strong></span> <span class='ocrx_word' id='word_1_23' title='bbox 1333 400 1349 441; x_wconf 89' lang='lat' dir='ltr'><strong>a</strong></span> <span class='ocrx_word' id='word_1_24' title='bbox 1360 385 1502 456; x_wconf 86' lang='lat' dir='ltr'><strong>Stephano</strong></span> <span class='ocrx_word' id='word_1_25' title='bbox 1522 398 1593 456; x_wconf 89' lang='lat' dir='ltr'><strong>papa</strong></span> <span class='ocrx_word' id='word_1_26' title='bbox 1604 385 1673 441; x_wconf 91' lang='lat' dir='ltr'><strong>dum</strong></span> <span class='ocrx_word' id='word_1_27' title='bbox 1684 397 1754 455; x_wconf 87' lang='lat' dir='ltr'><strong>pro-</strong></span> 
     </span>
    </p>
   </div>
   <div class='ocr_carea' id='block_1_5' title="bbox 54 452 882 525">
    <p class='ocr_par' dir='ltr' id='par_1_5' title="bbox 54 452 882 525">
     <span class='ocr_line' id='line_1_5' title="bbox 54 452 882 525; baseline -0.004 -12"><span class='ocrx_word' id='word_1_28' title='bbox 54 459 140 525; x_wconf 91' lang='lat' dir='ltr'><strong>tlnm,</strong></span> <span class='ocrx_word' id='word_1_29' title='bbox 168 455 217 512; x_wconf 92' lang='lat' dir='ltr'><strong>nbi</strong></span> <span class='ocrx_word' id='word_1_30' title='bbox 237 454 363 509; x_wconf 80' lang='lat' dir='ltr'><strong>heretici</strong></span> <span class='ocrx_word' id='word_1_31' title='bbox 386 452 644 523; x_wconf 87' lang='lat' dir='ltr'><strong>rebaptizabantur.</strong></span> <span class='ocrx_word' id='word_1_32' title='bbox 666 453 694 510; x_wconf 88' lang='lat' dir='ltr'><strong>S.</strong></span> <span class='ocrx_word' id='word_1_33' title='bbox 720 455 882 524; x_wconf 31' lang='lat' dir='ltr'><strong>Dionysius,</strong></span> 
     </span>
    </p>
   </div>
   <div class='ocr_carea' id='block_1_6' title="bbox 932 457 1754 530">
    <p class='ocr_par' dir='ltr' id='par_1_6' title="bbox 932 457 1754 530">
     <span class='ocr_line' id='line_1_6' title="bbox 932 457 1754 530; baseline -0.005 -16"><span class='ocrx_word' id='word_1_34' title='bbox 932 460 1054 530; x_wconf 88' lang='lat' dir='ltr'><strong>ponebat</strong></span> <span class='ocrx_word' id='word_1_35' title='bbox 1066 459 1316 530; x_wconf 87' lang='lat' dir='ltr'><strong>apostolicaesedis</strong></span> <span class='ocrx_word' id='word_1_36' title='bbox 1329 458 1533 513; x_wconf 76' lang='lat' dir='ltr'><strong>traditionem?</strong></span> <span class='ocrx_word' id='word_1_37' title='bbox 1545 457 1657 514; x_wconf 83' lang='lat' dir='ltr'><strong>Asiane</strong></span> <span class='ocrx_word' id='word_1_38' title='bbox 1668 464 1754 526; x_wconf 91' lang='lat' dir='ltr'><strong>atque</strong></span> 
     </span>
    </p>
   </div>
   <div class='ocr_carea' id='block_1_7' title="bbox 55 523 1754 599">
    <p class='ocr_par' dir='ltr' id='par_1_7' title="bbox 55 523 1754 599">
     <span class='ocr_line' id='line_1_7' title="bbox 55 523 1754 599; baseline -0.002 -14"><span class='ocrx_word' id='word_1_39' title='bbox 55 529 111 585; x_wconf 91' lang='lat' dir='ltr'><strong>boc</strong></span> <span class='ocrx_word' id='word_1_40' title='bbox 125 525 251 584; x_wconf 80' lang='lat' dir='ltr'><strong>reserens</strong></span> <span class='ocrx_word' id='word_1_41' title='bbox 272 525 356 596; x_wconf 87' lang='lat' dir='ltr'><strong>(apud</strong></span> <span class='ocrx_word' id='word_1_42' title='bbox 372 525 473 580; x_wconf 89' lang='lat' dir='ltr'><strong>Euseb.</strong></span> <span class='ocrx_word' id='word_1_43' title='bbox 489 526 538 579; x_wconf 84' lang='lat' dir='ltr'><strong>lib.</strong></span> <span class='ocrx_word' id='word_1_44' title='bbox 552 538 593 579; x_wconf 92' lang='lat' dir='ltr'><strong>vu</strong></span> <span class='ocrx_word' id='word_1_45' title='bbox 608 541 667 594; x_wconf 90' lang='lat' dir='ltr'><strong>cop.</strong></span> <span class='ocrx_word' id='word_1_46' title='bbox 684 523 710 597; x_wconf 83' lang='lat' dir='ltr'><strong>l)</strong></span> <span class='ocrx_word' id='word_1_47' title='bbox 724 533 875 593; x_wconf 78' lang='lat' dir='ltr'><strong>asseverat,</strong></span> <span class='ocrx_word' id='word_1_48' title='bbox 930 528 1072 587; x_wconf 71' lang='lat' dir='ltr'><strong>africane</strong></span> <span class='ocrx_word' id='word_1_49' title='bbox 1087 530 1219 587; x_wconf 86' lang='lat' dir='ltr'><strong>Ecclesiae</strong></span> <span class='ocrx_word' id='word_1_50' title='bbox 1234 530 1475 599; x_wconf 90' lang='lat' dir='ltr'><strong>obtemperarunt,</strong></span> <span class='ocrx_word' id='word_1_51' title='bbox 1498 542 1531 583; x_wconf 82' lang='lat' dir='ltr'><strong>ex</strong></span> <span class='ocrx_word' id='word_1_52' title='bbox 1553 542 1610 599; x_wconf 93' lang='lat' dir='ltr'><strong>quo</strong></span> <span class='ocrx_word' id='word_1_53' title='bbox 1629 541 1754 583; x_wconf 90' lang='lat' dir='ltr'><strong>cousue-</strong></span> 
     </span>
    </p>
   </div>
   <div class='ocr_carea' id='block_1_8' title="bbox 53 596 883 1741">
    <p class='ocr_par' dir='ltr' id='par_1_8' title="bbox 53 596 881 1027">
     <span class='ocr_line' id='line_1_8' title="bbox 55 596 879 667; baseline -0.004 -11"><span class='ocrx_word' id='word_1_54' title='bbox 55 599 256 657; x_wconf 88' lang='lat' dir='ltr'><strong>doctrinamet</strong></span> <span class='ocrx_word' id='word_1_55' title='bbox 272 597 378 653; x_wconf 88' lang='lat' dir='ltr'><strong>monita</strong></span> <span class='ocrx_word' id='word_1_56' title='bbox 394 596 532 653; x_wconf 87' lang='lat' dir='ltr'><strong>salutaria</strong></span> <span class='ocrx_word' id='word_1_57' title='bbox 547 597 674 665; x_wconf 84' lang='lat' dir='ltr'><strong>ejusdem</strong></span> <span class='ocrx_word' id='word_1_58' title='bbox 691 598 808 667; x_wconf 86' lang='lat' dir='ltr'><strong>papeia</strong></span> <span class='ocrx_word' id='word_1_59' title='bbox 825 597 879 653; x_wconf 92' lang='lat' dir='ltr'><strong>lit-</strong></span> 
     </span>
     <span class='ocr_line' id='line_1_9' title="bbox 55 666 879 739; baseline -0.005 -11"><span class='ocrx_word' id='word_1_60' title='bbox 55 671 126 728; x_wconf 84' lang='lat' dir='ltr'><strong>teris</strong></span> <span class='ocrx_word' id='word_1_61' title='bbox 138 670 173 726; x_wconf 91' lang='lat' dir='ltr'><strong>ab</strong></span> <span class='ocrx_word' id='word_1_62' title='bbox 184 683 217 726; x_wconf 91' lang='lat' dir='ltr'><strong>eo</strong></span> <span class='ocrx_word' id='word_1_63' title='bbox 231 669 309 725; x_wconf 91' lang='lat' dir='ltr'><strong>datis</strong></span> <span class='ocrx_word' id='word_1_64' title='bbox 330 669 366 724; x_wconf 91' lang='lat' dir='ltr'><strong>ad</strong></span> <span class='ocrx_word' id='word_1_65' title='bbox 380 666 523 723; x_wconf 79' lang='lat' dir='ltr'><strong>Ecclesiae</strong></span> <span class='ocrx_word' id='word_1_66' title='bbox 535 667 623 738; x_wconf 80' lang='lat' dir='ltr'><strong>Syriae</strong></span> <span class='ocrx_word' id='word_1_67' title='bbox 636 674 663 723; x_wconf 91' lang='lat' dir='ltr'><strong>et</strong></span> <span class='ocrx_word' id='word_1_68' title='bbox 677 667 787 724; x_wconf 73' lang='lat' dir='ltr'><strong>Arabia</strong></span> <span class='ocrx_word' id='word_1_69' title='bbox 811 669 879 739; x_wconf 91' lang='lat' dir='ltr'><strong>plu-</strong></span> 
     </span>
     <span class='ocr_line' id='line_1_10' title="bbox 55 739 881 810; baseline -0.006 -10"><span class='ocrx_word' id='word_1_70' title='bbox 55 744 162 800; x_wconf 91' lang='lat' dir='ltr'><strong>rimum</strong></span> <span class='ocrx_word' id='word_1_71' title='bbox 177 740 335 810; x_wconf 87' lang='lat' dir='ltr'><strong>adjumenti</strong></span> <span class='ocrx_word' id='word_1_72' title='bbox 344 739 451 795; x_wconf 89' lang='lat' dir='ltr'><strong>eisdem</strong></span> <span class='ocrx_word' id='word_1_73' title='bbox 464 739 601 795; x_wconf 90' lang='lat' dir='ltr'><strong>Ecclesiis</strong></span> <span class='ocrx_word' id='word_1_74' title='bbox 611 739 787 796; x_wconf 87' lang='lat' dir='ltr'><strong>contulisse:</strong></span> <span class='ocrx_word' id='word_1_75' title='bbox 807 740 881 810; x_wconf 75' lang='lat' dir='ltr'><strong>«Sy-</strong></span> 
     </span>
     <span class='ocr_line' id='line_1_11' title="bbox 55 809 880 870; baseline -0.005 0"><span class='ocrx_word' id='word_1_76' title='bbox 55 816 107 870; x_wconf 84' lang='lat' dir='ltr'><strong>rie</strong></span> <span class='ocrx_word' id='word_1_77' title='bbox 138 813 280 869; x_wconf 84' lang='lat' dir='ltr'><strong>universe</strong></span> <span class='ocrx_word' id='word_1_78' title='bbox 294 818 321 867; x_wconf 95' lang='lat' dir='ltr'><strong>et</strong></span> <span class='ocrx_word' id='word_1_79' title='bbox 335 809 447 866; x_wconf 81' lang='lat' dir='ltr'><strong>Arabia</strong></span> <span class='ocrx_word' id='word_1_80' title='bbox 462 817 555 867; x_wconf 89' lang='lat' dir='ltr'><strong>vestra</strong></span> <span class='ocrx_word' id='word_1_81' title='bbox 569 811 700 866; x_wconf 91' lang='lat' dir='ltr'><strong>doctrina</strong></span> <span class='ocrx_word' id='word_1_82' title='bbox 716 818 744 867; x_wconf 96' lang='lat' dir='ltr'><strong>et</strong></span> <span class='ocrx_word' id='word_1_83' title='bbox 756 812 880 868; x_wconf 89' lang='lat' dir='ltr'><strong>consilio</strong></span> 
     </span>
     <span class='ocr_line' id='line_1_12' title="bbox 53 879 881 955; baseline -0.004 -13"><span class='ocrx_word' id='word_1_84' title='bbox 53 899 168 955; x_wconf 77' lang='lat' dir='ltr'><strong>semper</strong></span> <span class='ocrx_word' id='word_1_85' title='bbox 178 897 279 955; x_wconf 91' lang='lat' dir='ltr'><strong>magno</strong></span> <span class='ocrx_word' id='word_1_86' title='bbox 290 883 448 951; x_wconf 86' lang='lat' dir='ltr'><strong>adjumenti</strong></span> <span class='ocrx_word' id='word_1_87' title='bbox 461 879 576 938; x_wconf 80' lang='lat' dir='ltr'><strong>inistis:</strong></span> <span class='ocrx_word' id='word_1_88' title='bbox 586 882 786 953; x_wconf 87' lang='lat' dir='ltr'><strong>quibusetiam</strong></span> <span class='ocrx_word' id='word_1_89' title='bbox 798 884 881 939; x_wconf 91' lang='lat' dir='ltr'><strong>modo</strong></span> 
     </span>
     <span class='ocr_line' id='line_1_13' title="bbox 55 952 413 1027; baseline -0.025 -13"><span class='ocrx_word' id='word_1_90' title='bbox 55 956 224 1027; x_wconf 79' lang='lat' dir='ltr'><strong>scripsistis</strong></span> <span class='ocrx_word' id='word_1_91' title='bbox 236 952 380 1025; x_wconf 89' lang='lat' dir='ltr'><strong>epistolas.</strong></span> <span class='ocrx_word' id='word_1_92' title='bbox 399 972 413 1003; x_wconf 74' lang='lat' dir='ltr'><strong>a</strong></span> 
     </span>
    </p>

    <p class='ocr_par' dir='ltr' id='par_1_9' title="bbox 54 1023 883 1741">
     <span class='ocr_line' id='line_1_14' title="bbox 90 1023 882 1095; baseline -0.008 -11"><span class='ocrx_word' id='word_1_93' title='bbox 90 1026 255 1084; x_wconf 89' lang='lat' dir='ltr'><strong>Secundum</strong></span> <span class='ocrx_word' id='word_1_94' title='bbox 282 1025 341 1080; x_wconf 88' lang='lat' dir='ltr'><strong>bec</strong></span> <span class='ocrx_word' id='word_1_95' title='bbox 364 1037 499 1095; x_wconf 90' lang='lat' dir='ltr'><strong>responsa</strong></span> <span class='ocrx_word' id='word_1_96' title='bbox 526 1023 828 1095; x_wconf 86' lang='lat' dir='ltr'><strong>legatidirioanorum</strong></span> <span class='ocrx_word' id='word_1_97' title='bbox 854 1029 882 1079; x_wconf 92' lang='lat' dir='ltr'><strong>et</strong></span> 
     </span>
     <span class='ocr_line' id='line_1_15' title="bbox 54 1094 880 1166; baseline -0.01 -9"><span class='ocrx_word' id='word_1_98' title='bbox 54 1101 231 1158; x_wconf 80' lang='lat' dir='ltr'><strong>Asianorum</strong></span> <span class='ocrx_word' id='word_1_99' title='bbox 246 1097 279 1153; x_wconf 89' lang='lat' dir='ltr'><strong>ad</strong></span> <span class='ocrx_word' id='word_1_100' title='bbox 294 1096 424 1152; x_wconf 92' lang='lat' dir='ltr'><strong>eumdem</strong></span> <span class='ocrx_word' id='word_1_101' title='bbox 447 1095 621 1166; x_wconf 85' lang='lat' dir='ltr'><strong>Stephanum</strong></span> <span class='ocrx_word' id='word_1_102' title='bbox 636 1111 736 1166; x_wconf 87' lang='lat' dir='ltr'><strong>papam</strong></span> <span class='ocrx_word' id='word_1_103' title='bbox 761 1094 880 1166; x_wconf 87' lang='lat' dir='ltr'><strong>proiecti</strong></span> 
     </span>
     <span class='ocr_line' id='line_1_16' title="bbox 55 1166 881 1250; baseline -0.011 -21"><span class='ocrx_word' id='word_1_104' title='bbox 55 1178 128 1229; x_wconf 88' lang='lat' dir='ltr'><strong>sunt</strong></span> <span class='ocrx_word' id='word_1_105' title='bbox 143 1168 282 1240; x_wconf 78' lang='lat' dir='ltr'><strong>episcopi,</strong></span> <span class='ocrx_word' id='word_1_106' title='bbox 301 1174 332 1223; x_wconf 91' lang='grc' dir='ltr'><strong>ιιι</strong></span> <span class='ocrx_word' id='word_1_107' title='bbox 346 1167 439 1237; x_wconf 82' lang='lat' dir='ltr'><strong>aliqui</strong></span> <span class='ocrx_word' id='word_1_108' title='bbox 456 1167 635 1237; x_wconf 91' lang='lat' dir='ltr'><strong>scripserunt</strong></span> <span class='ocrx_word' id='word_1_109' title='bbox 646 1169 685 1250; x_wconf 70' lang='lat' dir='ltr'><strong>(id</strong></span> <span class='ocrx_word' id='word_1_110' title='bbox 701 1168 778 1224; x_wconf 92' lang='lat' dir='ltr'><strong>enim</strong></span> <span class='ocrx_word' id='word_1_111' title='bbox 796 1166 881 1237; x_wconf 92' lang='lat' dir='ltr'><strong>probe</strong></span> 
     </span>
     <span class='ocr_line' id='line_1_17' title="bbox 55 1238 881 1313; baseline -0.01 -13"><span class='ocrx_word' id='word_1_112' title='bbox 55 1238 731 1313; x_wconf 80' lang='lat' dir='ltr'><strong>intelligiturexconteutuepistoleFlrmrliani</strong></span> <span class='ocrx_word' id='word_1_113' title='bbox 742 1240 777 1295; x_wconf 91' lang='lat' dir='ltr'><strong>ad</strong></span> <span class='ocrx_word' id='word_1_114' title='bbox 788 1241 814 1293; x_wconf 84' lang='lat' dir='ltr'><strong>S.</strong></span> <span class='ocrx_word' id='word_1_115' title='bbox 825 1239 881 1307; x_wconf 86' lang='lat' dir='ltr'><strong>Cy-</strong></span> 
     </span>
     <span class='ocr_line' id='line_1_18' title="bbox 56 1306 882 1386; baseline -0.008 -16"><span class='ocrx_word' id='word_1_116' title='bbox 56 1315 204 1386; x_wconf 90' lang='lat' dir='ltr'><strong>prianum,</strong></span> <span class='ocrx_word' id='word_1_117' title='bbox 223 1325 323 1380; x_wconf 93' lang='lat' dir='ltr'><strong>nempe</strong></span> <span class='ocrx_word' id='word_1_118' title='bbox 343 1306 389 1373; x_wconf 80' lang='lat'><strong>75,</strong></span> <span class='ocrx_word' id='word_1_119' title='bbox 405 1317 491 1380; x_wconf 91' lang='lat' dir='ltr'><strong>atque</strong></span> <span class='ocrx_word' id='word_1_120' title='bbox 503 1323 537 1365; x_wconf 87' lang='grc' dir='ltr'><strong>ειι</strong></span> <span class='ocrx_word' id='word_1_121' title='bbox 553 1310 718 1366; x_wconf 91' lang='lat' dir='ltr'><strong>testimonio</strong></span> <span class='ocrx_word' id='word_1_122' title='bbox 733 1311 763 1366; x_wconf 90' lang='lat' dir='ltr'><strong>B.</strong></span> <span class='ocrx_word' id='word_1_123' title='bbox 778 1311 882 1365; x_wconf 90' lang='lat' dir='ltr'><strong>Hiero-</strong></span> 
     </span>
     <span class='ocr_line' id='line_1_19' title="bbox 56 1380 881 1451; baseline -0.007 -11"><span class='ocrx_word' id='word_1_124' title='bbox 56 1385 137 1445; x_wconf 88' lang='lat' dir='ltr'><strong>nvmi</strong></span> <span class='ocrx_word' id='word_1_125' title='bbox 153 1387 184 1438; x_wconf 87' lang='lat' dir='ltr'><strong>in</strong></span> <span class='ocrx_word' id='word_1_126' title='bbox 196 1383 308 1449; x_wconf 81' lang='lat' dir='ltr'><strong>liiolcqo</strong></span> <span class='ocrx_word' id='word_1_127' title='bbox 328 1381 364 1435; x_wconf 79' lang='lat' dir='ltr'><strong>od</strong></span> <span class='ocrx_word' id='word_1_128' title='bbox 377 1380 499 1451; x_wconf 76' lang='lat' dir='ltr'><strong>lucifer]</strong></span> <span class='ocrx_word' id='word_1_129' title='bbox 511 1384 543 1437; x_wconf 91' lang='lat' dir='ltr'><strong>ut</strong></span> <span class='ocrx_word' id='word_1_130' title='bbox 563 1381 743 1438; x_wconf 85' lang='lat' dir='ltr'><strong>decretorum</strong></span> <span class='ocrx_word' id='word_1_131' title='bbox 759 1395 790 1436; x_wconf 90' lang='lat' dir='ltr'><strong>ea</strong></span> <span class='ocrx_word' id='word_1_132' title='bbox 803 1381 838 1436; x_wconf 89' lang='lat' dir='ltr'><strong>de</strong></span> <span class='ocrx_word' id='word_1_133' title='bbox 851 1392 881 1434; x_wconf 85' lang='lat' dir='ltr'><strong>re</strong></span> 
     </span>
     <span class='ocr_line' id='line_1_20' title="bbox 54 1443 882 1514; baseline -0.01 -1"><span class='ocrx_word' id='word_1_134' title='bbox 54 1443 203 1514; x_wconf 81' lang='lat' dir='ltr'><strong>editorum</strong></span> <span class='ocrx_word' id='word_1_135' title='bbox 229 1455 368 1509; x_wconf 91' lang='lat' dir='ltr'><strong>rationem</strong></span> <span class='ocrx_word' id='word_1_136' title='bbox 399 1453 557 1509; x_wconf 86' lang='lat' dir='ltr'><strong>redderent.</strong></span> <span class='ocrx_word' id='word_1_137' title='bbox 582 1456 683 1510; x_wconf 84' lang='lat' dir='ltr'><strong>Veram</strong></span> <span class='ocrx_word' id='word_1_138' title='bbox 706 1468 749 1506; x_wconf 87' lang='lat' dir='ltr'><strong>cos</strong></span> <span class='ocrx_word' id='word_1_139' title='bbox 771 1468 818 1506; x_wconf 81' lang='lat' dir='ltr'><strong>nec</strong></span> <span class='ocrx_word' id='word_1_140' title='bbox 844 1450 882 1505; x_wconf 88' lang='lat' dir='ltr'><strong>ud</strong></span> 
     </span>
     <span class='ocr_line' id='line_1_21' title="bbox 54 1523 881 1592; baseline -0.008 -8"><span class='ocrx_word' id='word_1_141' title='bbox 54 1542 206 1585; x_wconf 84' lang='lat' dir='ltr'><strong>sermonem</strong></span> <span class='ocrx_word' id='word_1_142' title='bbox 218 1526 314 1580; x_wconf 84' lang='lat' dir='ltr'><strong>saltem</strong></span> <span class='ocrx_word' id='word_1_143' title='bbox 324 1525 452 1592; x_wconf 78' lang='lat' dir='ltr'><strong>colloquii</strong></span> <span class='ocrx_word' id='word_1_144' title='bbox 468 1527 615 1578; x_wconf 82' lang='lat' dir='ltr'><strong>commanis</strong></span> <span class='ocrx_word' id='word_1_145' title='bbox 626 1524 738 1578; x_wconf 78' lang='lat' dir='ltr'><strong>admisit</strong></span> <span class='ocrx_word' id='word_1_146' title='bbox 749 1523 881 1592; x_wconf 71' lang='lat' dir='ltr'><strong>(conque</strong></span> 
     </span>
     <span class='ocr_line' id='line_1_22' title="bbox 54 1594 883 1665; baseline -0.01 -9"><span class='ocrx_word' id='word_1_147' title='bbox 54 1595 349 1665; x_wconf 87' lang='lat' dir='ltr'><strong>riturFirmilianus)</strong></span> <span class='ocrx_word' id='word_1_148' title='bbox 368 1612 374 1647; x_wconf 92' lang='lat'>:</span> <span class='ocrx_word' id='word_1_149' title='bbox 390 1594 539 1650; x_wconf 89' lang='lat' dir='ltr'><strong>declarans</strong></span> <span class='ocrx_word' id='word_1_150' title='bbox 556 1596 585 1649; x_wconf 91' lang='lat' dir='ltr'><strong>in</strong></span> <span class='ocrx_word' id='word_1_151' title='bbox 601 1594 723 1664; x_wconf 86' lang='lat' dir='ltr'><strong>epistola</strong></span> <span class='ocrx_word' id='word_1_152' title='bbox 738 1596 772 1651; x_wconf 92' lang='lat' dir='ltr'><strong>ad</strong></span> <span class='ocrx_word' id='word_1_153' title='bbox 784 1595 811 1650; x_wconf 89' lang='lat' dir='ltr'><strong>S.</strong></span> <span class='ocrx_word' id='word_1_154' title='bbox 825 1594 883 1662; x_wconf 87' lang='lat' dir='ltr'><strong>Cy-</strong></span> 
     </span>
     <span class='ocr_line' id='line_1_23' title="bbox 58 1663 881 1741; baseline -0.01 -15"><span class='ocrx_word' id='word_1_155' title='bbox 58 1671 207 1741; x_wconf 91' lang='lat' dir='ltr'><strong>prianum,</strong></span> <span class='ocrx_word' id='word_1_156' title='bbox 220 1674 252 1722; x_wconf 90' lang='lat' dir='ltr'><strong>nt</strong></span> <span class='ocrx_word' id='word_1_157' title='bbox 269 1668 297 1720; x_wconf 93' lang='lat' dir='ltr'><strong>in</strong></span> <span class='ocrx_word' id='word_1_158' title='bbox 326 1666 448 1734; x_wconf 90' lang='lat' dir='ltr'><strong>epistola</strong></span> <span class='ocrx_word' id='word_1_159' title='bbox 465 1663 501 1721; x_wconf 78' lang='lat' dir='ltr'><strong>ii</strong></span> <span class='ocrx_word' id='word_1_160' title='bbox 516 1667 590 1721; x_wconf 90' lang='lat' dir='ltr'><strong>inter</strong></span> <span class='ocrx_word' id='word_1_161' title='bbox 603 1667 799 1736; x_wconf 84' lang='lat' dir='ltr'><strong>Cyprianicas,</strong></span> <span class='ocrx_word' id='word_1_162' title='bbox 825 1677 881 1720; x_wconf 92' lang='lat' dir='ltr'><strong>non</strong></span> 
     </span>
    </p>
   </div>
   <div class='ocr_carea' id='block_1_9' title="bbox 934 598 1761 1739">
    <p class='ocr_par' dir='ltr' id='par_1_10' title="bbox 934 598 1760 1655">
     <span class='ocr_line' id='line_1_24' title="bbox 936 598 1752 670; baseline -0.009 -12"><span class='ocrx_word' id='word_1_163' title='bbox 936 602 1065 659; x_wconf 93' lang='lat' dir='ltr'><strong>tudinem</strong></span> <span class='ocrx_word' id='word_1_164' title='bbox 1078 616 1159 658; x_wconf 90' lang='lat' dir='ltr'><strong>suam</strong></span> <span class='ocrx_word' id='word_1_165' title='bbox 1172 601 1308 657; x_wconf 88' lang='lat' dir='ltr'><strong>novitatis</strong></span> <span class='ocrx_word' id='word_1_166' title='bbox 1321 602 1393 656; x_wconf 88' lang='lat' dir='ltr'><strong>vitio</strong></span> <span class='ocrx_word' id='word_1_167' title='bbox 1408 598 1538 655; x_wconf 89' lang='lat' dir='ltr'><strong>laborare</strong></span> <span class='ocrx_word' id='word_1_168' title='bbox 1550 604 1752 670; x_wconf 85' lang='lat' dir='ltr'><strong>cognoverunt,</strong></span> 
     </span>
     <span class='ocr_line' id='line_1_25' title="bbox 936 668 1753 741; baseline -0.01 -11"><span class='ocrx_word' id='word_1_169' title='bbox 936 668 1753 741; x_wconf 84' lang='lat' dir='ltr'><strong>sancteverosedisusumantiquitatisprimeprestantia</strong></span> 
     </span>
     <span class='ocr_line' id='line_1_26' title="bbox 934 739 1755 813; baseline -0.011 -11"><span class='ocrx_word' id='word_1_170' title='bbox 934 745 1173 813; x_wconf 90' lang='lat' dir='ltr'><strong>commendatum,</strong></span> <span class='ocrx_word' id='word_1_171' title='bbox 1190 745 1317 813; x_wconf 87' lang='lat' dir='ltr'><strong>adeoque</strong></span> <span class='ocrx_word' id='word_1_172' title='bbox 1340 749 1367 798; x_wconf 90' lang='lat' dir='ltr'><strong>et</strong></span> <span class='ocrx_word' id='word_1_173' title='bbox 1379 743 1539 813; x_wconf 90' lang='lat' dir='ltr'><strong>legitimum</strong></span> <span class='ocrx_word' id='word_1_174' title='bbox 1559 739 1755 810; x_wconf 87' lang='lat' dir='ltr'><strong>deprehende-</strong></span> 
     </span>
     <span class='ocr_line' id='line_1_27' title="bbox 936 808 1754 885; baseline -0.011 -12"><span class='ocrx_word' id='word_1_175' title='bbox 936 824 1013 873; x_wconf 90' lang='lat' dir='ltr'><strong>runt.</strong></span> <span class='ocrx_word' id='word_1_176' title='bbox 1026 817 1114 873; x_wconf 88' lang='lat' dir='ltr'><strong>ilulta</strong></span> <span class='ocrx_word' id='word_1_177' title='bbox 1124 814 1250 885; x_wconf 88' lang='lat' dir='ltr'><strong>proiecto</strong></span> <span class='ocrx_word' id='word_1_178' title='bbox 1261 815 1397 885; x_wconf 90' lang='lat' dir='ltr'><strong>indagine</strong></span> <span class='ocrx_word' id='word_1_179' title='bbox 1405 813 1643 884; x_wconf 86' lang='lat' dir='ltr'><strong>progrediendum</strong></span> <span class='ocrx_word' id='word_1_180' title='bbox 1653 809 1710 867; x_wconf 88' lang='lat' dir='ltr'><strong>luit</strong></span> <span class='ocrx_word' id='word_1_181' title='bbox 1719 808 1754 865; x_wconf 92' lang='lat' dir='ltr'><strong>ad</strong></span> 
     </span>
     <span class='ocr_line' id='line_1_28' title="bbox 936 880 1753 949; baseline -0.012 -4"><span class='ocrx_word' id='word_1_182' title='bbox 936 889 1112 945; x_wconf 87' lang='lat' dir='ltr'><strong>enodandam</strong></span> <span class='ocrx_word' id='word_1_183' title='bbox 1133 887 1202 943; x_wconf 89' lang='lat' dir='ltr'><strong>iacti</strong></span> <span class='ocrx_word' id='word_1_184' title='bbox 1218 887 1330 949; x_wconf 91' lang='lat' dir='ltr'><strong>seriem,</strong></span> <span class='ocrx_word' id='word_1_185' title='bbox 1347 891 1375 940; x_wconf 94' lang='lat' dir='ltr'><strong>et</strong></span> <span class='ocrx_word' id='word_1_186' title='bbox 1392 883 1510 940; x_wconf 89' lang='lat' dir='ltr'><strong>inbono</strong></span> <span class='ocrx_word' id='word_1_187' title='bbox 1533 884 1643 939; x_wconf 92' lang='lat' dir='ltr'><strong>lumine</strong></span> <span class='ocrx_word' id='word_1_188' title='bbox 1662 880 1753 938; x_wconf 78' lang='lat' dir='ltr'><strong>collo-</strong></span> 
     </span>
     <span class='ocr_line' id='line_1_29' title="bbox 936 954 1757 1028; baseline -0.011 -14"><span class='ocrx_word' id='word_1_189' title='bbox 936 959 1066 1014; x_wconf 88' lang='lat' dir='ltr'><strong>candam.</strong></span> <span class='ocrx_word' id='word_1_190' title='bbox 1082 960 1153 1014; x_wconf 84' lang='lat' dir='ltr'><strong>ilinc</strong></span> <span class='ocrx_word' id='word_1_191' title='bbox 1168 965 1210 1014; x_wconf 88' lang='lat' dir='ltr'><strong>est</strong></span> <span class='ocrx_word' id='word_1_192' title='bbox 1225 957 1301 1028; x_wconf 94' lang='lat' dir='ltr'><strong>quod</strong></span> <span class='ocrx_word' id='word_1_193' title='bbox 1317 957 1343 1012; x_wconf 88' lang='lat' dir='ltr'><strong>S.</strong></span> <span class='ocrx_word' id='word_1_194' title='bbox 1359 957 1540 1025; x_wconf 74' lang='lat' dir='ltr'><strong>Augustinus</strong></span> <span class='ocrx_word' id='word_1_195' title='bbox 1552 954 1614 1025; x_wconf 87' lang='lat' dir='ltr'><strong>(lib.</strong></span> <span class='ocrx_word' id='word_1_196' title='bbox 1632 967 1640 1008; x_wconf 94' lang='lat'>1</span> <span class='ocrx_word' id='word_1_197' title='bbox 1662 957 1757 1008; x_wconf 84' lang='lat' dir='ltr'><strong>contro</strong></span> 
     </span>
     <span class='ocr_line' id='line_1_30' title="bbox 935 1025 1754 1100; baseline -0.01 -14"><span class='ocrx_word' id='word_1_198' title='bbox 935 1033 1036 1086; x_wconf 84' lang='lat' dir='ltr'><strong>Donet.</strong></span> <span class='ocrx_word' id='word_1_199' title='bbox 1060 1044 1122 1099; x_wconf 91' lang='lat' dir='ltr'><strong>cap.</strong></span> <span class='ocrx_word' id='word_1_200' title='bbox 1136 1027 1178 1100; x_wconf 77' lang='grc'><strong>48)</strong></span> <span class='ocrx_word' id='word_1_201' title='bbox 1193 1041 1330 1085; x_wconf 86' lang='lat' dir='ltr'><strong>excusare</strong></span> <span class='ocrx_word' id='word_1_202' title='bbox 1344 1028 1519 1083; x_wconf 89' lang='lat' dir='ltr'><strong>contendens</strong></span> <span class='ocrx_word' id='word_1_203' title='bbox 1531 1027 1557 1081; x_wconf 89' lang='lat' dir='ltr'><strong>S.</strong></span> <span class='ocrx_word' id='word_1_204' title='bbox 1571 1025 1754 1095; x_wconf 82' lang='lat' dir='ltr'><strong>cyprianum,</strong></span> 
     </span>
     <span class='ocr_line' id='line_1_31' title="bbox 937 1096 1757 1171; baseline -0.01 -13"><span class='ocrx_word' id='word_1_205' title='bbox 937 1108 1088 1171; x_wconf 84' lang='lat' dir='ltr'><strong>postquam</strong></span> <span class='ocrx_word' id='word_1_206' title='bbox 1101 1101 1226 1156; x_wconf 90' lang='lat' dir='ltr'><strong>asseruit</strong></span> <span class='ocrx_word' id='word_1_207' title='bbox 1236 1098 1350 1154; x_wconf 91' lang='lat' dir='ltr'><strong>beatum</strong></span> <span class='ocrx_word' id='word_1_208' title='bbox 1365 1105 1514 1168; x_wconf 84' lang='lat' dir='ltr'><strong>martyrem</strong></span> <span class='ocrx_word' id='word_1_209' title='bbox 1532 1110 1587 1153; x_wconf 88' lang='lat' dir='ltr'><strong>non</strong></span> <span class='ocrx_word' id='word_1_210' title='bbox 1604 1096 1757 1152; x_wconf 90' lang='lat' dir='ltr'><strong>recessisse</strong></span> 
     </span>
     <span class='ocr_line' id='line_1_32' title="bbox 936 1167 1756 1240; baseline -0.009 -13"><span class='ocrx_word' id='word_1_211' title='bbox 936 1173 971 1228; x_wconf 90' lang='lat' dir='ltr'><strong>ab</strong></span> <span class='ocrx_word' id='word_1_212' title='bbox 986 1174 1096 1228; x_wconf 90' lang='lat' dir='ltr'><strong>unitate</strong></span> <span class='ocrx_word' id='word_1_213' title='bbox 1111 1172 1253 1237; x_wconf 76' lang='lat' dir='ltr'><strong>Ecclesia,</strong></span> <span class='ocrx_word' id='word_1_214' title='bbox 1263 1171 1354 1240; x_wconf 81' lang='lat' dir='ltr'><strong>addit,</strong></span> <span class='ocrx_word' id='word_1_215' title='bbox 1368 1168 1583 1225; x_wconf 91' lang='lat' dir='ltr'><strong>nullumadbuc</strong></span> <span class='ocrx_word' id='word_1_216' title='bbox 1596 1167 1756 1238; x_wconf 90' lang='lat' dir='ltr'><strong>plenarium</strong></span> 
     </span>
     <span class='ocr_line' id='line_1_33' title="bbox 936 1235 1757 1300; baseline -0.012 0"><span class='ocrx_word' id='word_1_217' title='bbox 936 1244 1092 1300; x_wconf 89' lang='lat' dir='ltr'><strong>concilium</strong></span> <span class='ocrx_word' id='word_1_218' title='bbox 1107 1256 1139 1299; x_wconf 92' lang='lat' dir='ltr'><strong>ea</strong></span> <span class='ocrx_word' id='word_1_219' title='bbox 1151 1242 1187 1297; x_wconf 94' lang='lat' dir='ltr'><strong>de</strong></span> <span class='ocrx_word' id='word_1_220' title='bbox 1203 1240 1348 1298; x_wconf 89' lang='lat' dir='ltr'><strong>retulisse</strong></span> <span class='ocrx_word' id='word_1_221' title='bbox 1362 1242 1552 1296; x_wconf 89' lang='lat' dir='ltr'><strong>sententiam:</strong></span> <span class='ocrx_word' id='word_1_222' title='bbox 1569 1260 1582 1292; x_wconf 82' lang='grc' dir='ltr'><strong>ι</strong></span> <span class='ocrx_word' id='word_1_223' title='bbox 1603 1241 1673 1294; x_wconf 89' lang='lat' dir='ltr'><strong>Nam</strong></span> <span class='ocrx_word' id='word_1_224' title='bbox 1696 1235 1757 1292; x_wconf 90' lang='lat' dir='ltr'><strong>illis</strong></span> 
     </span>
     <span class='ocr_line' id='line_1_34' title="bbox 937 1309 1756 1384; baseline -0.01 -15"><span class='ocrx_word' id='word_1_225' title='bbox 937 1313 1125 1384; x_wconf 89' lang='lat' dir='ltr'><strong>temporibus,</strong></span> <span class='ocrx_word' id='word_1_226' title='bbox 1149 1319 1300 1383; x_wconf 89' lang='lat' dir='ltr'><strong>antequam</strong></span> <span class='ocrx_word' id='word_1_227' title='bbox 1325 1312 1445 1382; x_wconf 86' lang='lat' dir='ltr'><strong>plenarii</strong></span> <span class='ocrx_word' id='word_1_228' title='bbox 1462 1312 1579 1368; x_wconf 91' lang='lat' dir='ltr'><strong>concilii</strong></span> <span class='ocrx_word' id='word_1_229' title='bbox 1603 1309 1756 1376; x_wconf 90' lang='lat' dir='ltr'><strong>sententia,</strong></span> 
     </span>
     <span class='ocr_line' id='line_1_35' title="bbox 937 1379 1758 1456; baseline -0.011 -15"><span class='ocrx_word' id='word_1_230' title='bbox 937 1386 1007 1456; x_wconf 93' lang='lat' dir='ltr'><strong>quid</strong></span> <span class='ocrx_word' id='word_1_231' title='bbox 1034 1385 1130 1441; x_wconf 90' lang='lat' dir='ltr'><strong>bacin</strong></span> <span class='ocrx_word' id='word_1_232' title='bbox 1153 1399 1183 1440; x_wconf 91' lang='lat' dir='ltr'><strong>re</strong></span> <span class='ocrx_word' id='word_1_233' title='bbox 1202 1384 1384 1440; x_wconf 90' lang='lat' dir='ltr'><strong>sentiendum</strong></span> <span class='ocrx_word' id='word_1_234' title='bbox 1404 1391 1488 1451; x_wconf 90' lang='lat' dir='ltr'><strong>esset,</strong></span> <span class='ocrx_word' id='word_1_235' title='bbox 1513 1383 1604 1438; x_wconf 89' lang='lat' dir='ltr'><strong>totius</strong></span> <span class='ocrx_word' id='word_1_236' title='bbox 1624 1379 1758 1436; x_wconf 74' lang='lat' dir='ltr'><strong>Ecclesia</strong></span> 
     </span>
     <span class='ocr_line' id='line_1_36' title="bbox 936 1452 1760 1524; baseline -0.008 -13"><span class='ocrx_word' id='word_1_237' title='bbox 936 1456 1087 1512; x_wconf 89' lang='lat' dir='ltr'><strong>consensio</strong></span> <span class='ocrx_word' id='word_1_238' title='bbox 1097 1456 1302 1524; x_wconf 85' lang='lat' dir='ltr'><strong>confirmasset,</strong></span> <span class='ocrx_word' id='word_1_239' title='bbox 1315 1455 1407 1511; x_wconf 85' lang='lat' dir='ltr'><strong>visum</strong></span> <span class='ocrx_word' id='word_1_240' title='bbox 1419 1461 1463 1510; x_wconf 97' lang='grc' dir='ltr'><strong>εει</strong></span> <span class='ocrx_word' id='word_1_241' title='bbox 1476 1455 1503 1510; x_wconf 92' lang='lat' dir='ltr'><strong>ei</strong></span> <span class='ocrx_word' id='word_1_242' title='bbox 1517 1468 1581 1509; x_wconf 92' lang='lat' dir='ltr'><strong>cum</strong></span> <span class='ocrx_word' id='word_1_243' title='bbox 1593 1452 1760 1508; x_wconf 86' lang='lat' dir='ltr'><strong>termeocto-</strong></span> 
     </span>
     <span class='ocr_line' id='line_1_37' title="bbox 937 1525 1758 1655; baseline -0.007 -73"><span class='ocrx_word' id='word_1_244' title='bbox 937 1528 1014 1655; x_wconf 54' lang='lat' dir='ltr'><strong>{ima</strong></span> <span class='ocrx_word' id='word_1_245' title='bbox 1027 1529 1206 1597; x_wconf 86' lang='lat' dir='ltr'><strong>coepiscopis</strong></span> <span class='ocrx_word' id='word_1_246' title='bbox 1216 1525 1416 1582; x_wconf 81' lang='lat' dir='ltr'><strong>Africanarum</strong></span> <span class='ocrx_word' id='word_1_247' title='bbox 1428 1526 1632 1590; x_wconf 88' lang='lat' dir='ltr'><strong>Ecclesiarum,</strong></span> <span class='ocrx_word' id='word_1_248' title='bbox 1646 1534 1758 1578; x_wconf 91' lang='lat' dir='ltr'><strong>omnem</strong></span> 
     </span>
    </p>

    <p class='ocr_par' dir='ltr' id='par_1_11' title="bbox 938 1592 1761 1739">
     <span class='ocr_line' id='line_1_38' title="bbox 958 1592 1760 1669; baseline -0.01 -15"><span class='ocrx_word' id='word_1_249' title='bbox 958 1601 1094 1663; x_wconf 91' lang='lat' dir='ltr'><strong>ominem,</strong></span> <span class='ocrx_word' id='word_1_250' title='bbox 1111 1601 1160 1669; x_wconf 94' lang='lat' dir='ltr'><strong>qui</strong></span> <span class='ocrx_word' id='word_1_251' title='bbox 1180 1605 1261 1654; x_wconf 78' lang='lat' dir='ltr'><strong>extra</strong></span> <span class='ocrx_word' id='word_1_252' title='bbox 1275 1597 1409 1653; x_wconf 81' lang='lat' dir='ltr'><strong>Ecclesiae</strong></span> <span class='ocrx_word' id='word_1_253' title='bbox 1425 1596 1571 1652; x_wconf 81' lang='lat' dir='ltr'><strong>catholice</strong></span> <span class='ocrx_word' id='word_1_254' title='bbox 1582 1592 1760 1651; x_wconf 91' lang='lat' dir='ltr'><strong>communio·</strong></span> 
     </span>
     <span class='ocr_line' id='line_1_39' title="bbox 938 1666 1761 1739; baseline -0.011 -13"><span class='ocrx_word' id='word_1_255' title='bbox 938 1684 1000 1726; x_wconf 83' lang='lat' dir='ltr'><strong>nem</strong></span> <span class='ocrx_word' id='word_1_256' title='bbox 1016 1670 1178 1739; x_wconf 87' lang='lat' dir='ltr'><strong>baptizatus</strong></span> <span class='ocrx_word' id='word_1_257' title='bbox 1196 1668 1300 1726; x_wconf 85' lang='lat' dir='ltr'><strong>luisset</strong></span> <span class='ocrx_word' id='word_1_258' title='bbox 1320 1674 1450 1737; x_wconf 87' lang='lat' dir='ltr'><strong>oportere</strong></span> <span class='ocrx_word' id='word_1_259' title='bbox 1472 1668 1506 1722; x_wconf 91' lang='lat' dir='ltr'><strong>ad</strong></span> <span class='ocrx_word' id='word_1_260' title='bbox 1530 1666 1685 1722; x_wconf 90' lang='lat' dir='ltr'><strong>Ecclesiam</strong></span> <span class='ocrx_word' id='word_1_261' title='bbox 1706 1677 1761 1718; x_wconf 92' lang='lat' dir='ltr'><strong>ve-</strong></span> 
     </span>
    </p>
   </div>
   <div class='ocr_carea' id='block_1_10' title="bbox 54 1735 1760 1882">
    <p class='ocr_par' dir='ltr' id='par_1_12' title="bbox 54 1735 1760 1882">
     <span class='ocr_line' id='line_1_40' title="bbox 54 1735 1759 1812; baseline -0.006 -13"><span class='ocrx_word' id='word_1_262' title='bbox 54 1756 122 1799; x_wconf 89' lang='lat' dir='ltr'><strong>esse</strong></span> <span class='ocrx_word' id='word_1_263' title='bbox 137 1739 300 1795; x_wconf 89' lang='lat' dir='ltr'><strong>iterandum</strong></span> <span class='ocrx_word' id='word_1_264' title='bbox 314 1737 506 1808; x_wconf 91' lang='lat' dir='ltr'><strong>quodcunque</strong></span> <span class='ocrx_word' id='word_1_265' title='bbox 518 1738 716 1793; x_wconf 86' lang='lat' dir='ltr'><strong>hereticorum</strong></span> <span class='ocrx_word' id='word_1_266' title='bbox 730 1737 881 1807; x_wconf 90' lang='lat' dir='ltr'><strong>baptisma.</strong></span> <span class='ocrx_word' id='word_1_267' title='bbox 897 1751 922 1812; x_wconf 79' lang='grc' dir='ltr'>Β</span> <span class='ocrx_word' id='word_1_268' title='bbox 938 1742 1063 1797; x_wconf 74' lang='lat' dir='ltr'><strong>dientem</strong></span> <span class='ocrx_word' id='word_1_269' title='bbox 1079 1741 1174 1797; x_wconf 72' lang='lat' dir='ltr'><strong>denuo</strong></span> <span class='ocrx_word' id='word_1_270' title='bbox 1197 1739 1348 1810; x_wconf 74' lang='lat' dir='ltr'><strong>baptizari.</strong></span> <span class='ocrx_word' id='word_1_271' title='bbox 1366 1758 1378 1789; x_wconf 72' lang='lat' dir='ltr'><strong>a</strong></span> <span class='ocrx_word' id='word_1_272' title='bbox 1394 1739 1421 1794; x_wconf 63' lang='lat' dir='ltr'><strong>s⁴</strong></span> <span class='ocrx_word' id='word_1_273' title='bbox 1438 1739 1538 1794; x_wconf 79' lang='lat' dir='ltr'><strong>doctor</strong></span> <span class='ocrx_word' id='word_1_274' title='bbox 1560 1736 1716 1805; x_wconf 87' lang='lat' dir='ltr'><strong>signidcat,</strong></span> <span class='ocrx_word' id='word_1_275' title='bbox 1728 1735 1759 1789; x_wconf 94' lang='lat' dir='ltr'><strong>in</strong></span> 
     </span>
     <span class='ocr_line' id='line_1_41' title="bbox 59 1805 1760 1882; baseline -0.005 -15"><span class='ocrx_word' id='word_1_276' title='bbox 59 1835 72 1867; x_wconf 78' lang='lat' dir='ltr'><strong>r</strong></span> <span class='ocrx_word' id='word_1_277' title='bbox 95 1813 125 1869; x_wconf 88' lang='lat' dir='ltr'><strong>Si</strong></span> <span class='ocrx_word' id='word_1_278' title='bbox 140 1812 207 1881; x_wconf 92' lang='lat' dir='ltr'><strong>quis</strong></span> <span class='ocrx_word' id='word_1_279' title='bbox 221 1823 289 1880; x_wconf 89' lang='lat' dir='ltr'><strong>ergo</strong></span> <span class='ocrx_word' id='word_1_280' title='bbox 302 1821 319 1863; x_wconf 89' lang='lat' dir='ltr'><strong>a</strong></span> <span class='ocrx_word' id='word_1_281' title='bbox 332 1821 504 1879; x_wconf 87' lang='lat' dir='ltr'><strong>quacunque</strong></span> <span class='ocrx_word' id='word_1_282' title='bbox 520 1807 619 1864; x_wconf 84' lang='lat' dir='ltr'><strong>heresi</strong></span> <span class='ocrx_word' id='word_1_283' title='bbox 642 1810 754 1864; x_wconf 88' lang='lat' dir='ltr'><strong>venerit</strong></span> <span class='ocrx_word' id='word_1_284' title='bbox 767 1809 801 1864; x_wconf 93' lang='lat' dir='ltr'><strong>ad</strong></span> <span class='ocrx_word' id='word_1_285' title='bbox 820 1821 881 1875; x_wconf 78' lang='lat' dir='ltr'><strong>noa,</strong></span> <span class='ocrx_word' id='word_1_286' title='bbox 937 1826 969 1868; x_wconf 89' lang='lat' dir='ltr'><strong>ea</strong></span> <span class='ocrx_word' id='word_1_287' title='bbox 985 1811 1076 1868; x_wconf 85' lang='lat' dir='ltr'><strong>tuisse</strong></span> <span class='ocrx_word' id='word_1_288' title='bbox 1088 1813 1230 1868; x_wconf 86' lang='lat' dir='ltr'><strong>sententia</strong></span> <span class='ocrx_word' id='word_1_289' title='bbox 1245 1811 1418 1882; x_wconf 77' lang='lat' dir='ltr'><strong>cyprianum</strong></span> <span class='ocrx_word' id='word_1_290' title='bbox 1431 1817 1463 1865; x_wconf 88' lang='lat' dir='ltr'><strong>ut</strong></span> <span class='ocrx_word' id='word_1_291' title='bbox 1475 1810 1602 1865; x_wconf 92' lang='lat' dir='ltr'><strong>crederet</strong></span> <span class='ocrx_word' id='word_1_292' title='bbox 1616 1808 1651 1863; x_wconf 92' lang='lat' dir='ltr'><strong>de</strong></span> <span class='ocrx_word' id='word_1_293' title='bbox 1663 1805 1760 1861; x_wconf 92' lang='lat' dir='ltr'><strong>disci-</strong></span> 
     </span>
    </p>
   </div>
   <div class='ocr_carea' id='block_1_11' title="bbox 55 1879 887 2810">
    <p class='ocr_par' dir='ltr' id='par_1_13' title="bbox 55 1879 883 2023">
     <span class='ocr_line' id='line_1_42' title="bbox 55 1879 883 1949; baseline -0.008 -9"><span class='ocrx_word' id='word_1_294' title='bbox 55 1883 135 1939; x_wconf 90' lang='lat' dir='ltr'><strong>nibll</strong></span> <span class='ocrx_word' id='word_1_295' title='bbox 153 1883 314 1946; x_wconf 86' lang='lat' dir='ltr'><strong>innovetur,</strong></span> <span class='ocrx_word' id='word_1_296' title='bbox 333 1881 390 1935; x_wconf 88' lang='lat' dir='ltr'><strong>nisi</strong></span> <span class='ocrx_word' id='word_1_297' title='bbox 407 1882 481 1949; x_wconf 94' lang='lat' dir='ltr'><strong>quod</strong></span> <span class='ocrx_word' id='word_1_298' title='bbox 507 1879 645 1936; x_wconf 87' lang='lat' dir='ltr'><strong>traditum</strong></span> <span class='ocrx_word' id='word_1_299' title='bbox 665 1886 717 1949; x_wconf 91' lang='lat' dir='ltr'><strong>est,</strong></span> <span class='ocrx_word' id='word_1_300' title='bbox 733 1885 765 1937; x_wconf 92' lang='lat' dir='ltr'><strong>nt</strong></span> <span class='ocrx_word' id='word_1_301' title='bbox 780 1891 883 1935; x_wconf 90' lang='lat' dir='ltr'><strong>manus</strong></span> 
     </span>
     <span class='ocr_line' id='line_1_43' title="bbox 56 1951 594 2023; baseline -0.019 -11"><span class='ocrx_word' id='word_1_302' title='bbox 56 1956 106 2012; x_wconf 92' lang='lat' dir='ltr'><strong>illi</strong></span> <span class='ocrx_word' id='word_1_303' title='bbox 122 1956 288 2023; x_wconf 89' lang='lat' dir='ltr'><strong>imponatur</strong></span> <span class='ocrx_word' id='word_1_304' title='bbox 303 1952 335 2007; x_wconf 91' lang='lat' dir='ltr'><strong>ad</strong></span> <span class='ocrx_word' id='word_1_305' title='bbox 355 1951 562 2021; x_wconf 79' lang='lat' dir='ltr'><strong>penitentiam.</strong></span> <span class='ocrx_word' id='word_1_306' title='bbox 580 1968 594 2001; x_wconf 79' lang='lat' dir='ltr'><strong>a</strong></span> 
     </span>
    </p>

    <p class='ocr_par' dir='ltr' id='par_1_14' title="bbox 56 2019 887 2810">
     <span class='ocr_line' id='line_1_44' title="bbox 94 2019 884 2096; baseline -0.01 -14"><span class='ocrx_word' id='word_1_307' title='bbox 94 2024 256 2096; x_wconf 84' lang='lat' dir='ltr'><strong>optandum</strong></span> <span class='ocrx_word' id='word_1_308' title='bbox 273 2035 453 2091; x_wconf 90' lang='lat' dir='ltr'><strong>summopere</strong></span> <span class='ocrx_word' id='word_1_309' title='bbox 469 2021 582 2091; x_wconf 87' lang='lat' dir='ltr'><strong>luisset,</strong></span> <span class='ocrx_word' id='word_1_310' title='bbox 599 2022 743 2077; x_wconf 78' lang='lat' dir='ltr'><strong>utdsiani</strong></span> <span class='ocrx_word' id='word_1_311' title='bbox 757 2025 785 2077; x_wconf 89' lang='lat' dir='ltr'><strong>et</strong></span> <span class='ocrx_word' id='word_1_312' title='bbox 802 2019 884 2076; x_wconf 82' lang='lat' dir='ltr'><strong>Airi-</strong></span> 
     </span>
     <span class='ocr_line' id='line_1_45' title="bbox 56 2093 884 2164; baseline -0.008 -10"><span class='ocrx_word' id='word_1_313' title='bbox 56 2100 125 2155; x_wconf 88' lang='lat' dir='ltr'><strong>cani</strong></span> <span class='ocrx_word' id='word_1_314' title='bbox 138 2096 193 2152; x_wconf 91' lang='lat' dir='ltr'><strong>sibl</strong></span> <span class='ocrx_word' id='word_1_315' title='bbox 208 2108 264 2164; x_wconf 88' lang='lat' dir='ltr'><strong>pre</strong></span> <span class='ocrx_word' id='word_1_316' title='bbox 277 2094 370 2149; x_wconf 90' lang='lat' dir='ltr'><strong>oculis</strong></span> <span class='ocrx_word' id='word_1_317' title='bbox 382 2107 485 2163; x_wconf 89' lang='lat' dir='ltr'><strong>ponere</strong></span> <span class='ocrx_word' id='word_1_318' title='bbox 497 2093 806 2162; x_wconf 89' lang='lat' dir='ltr'><strong>voluissentmajorum</strong></span> <span class='ocrx_word' id='word_1_319' title='bbox 819 2105 884 2148; x_wconf 92' lang='lat' dir='ltr'><strong>suo·</strong></span> 
     </span>
     <span class='ocr_line' id='line_1_46' title="bbox 58 2163 884 2234; baseline -0.008 -10"><span class='ocrx_word' id='word_1_320' title='bbox 58 2181 126 2224; x_wconf 92' lang='lat' dir='ltr'><strong>rum</strong></span> <span class='ocrx_word' id='word_1_321' title='bbox 142 2165 300 2222; x_wconf 92' lang='lat' dir='ltr'><strong>sententias</strong></span> <span class='ocrx_word' id='word_1_322' title='bbox 314 2166 349 2221; x_wconf 94' lang='lat' dir='ltr'><strong>de</strong></span> <span class='ocrx_word' id='word_1_323' title='bbox 368 2165 535 2234; x_wconf 85' lang='lat' dir='ltr'><strong>traditione,</strong></span> <span class='ocrx_word' id='word_1_324' title='bbox 552 2167 636 2234; x_wconf 84' lang='lat' dir='ltr'><strong>cujus</strong></span> <span class='ocrx_word' id='word_1_325' title='bbox 648 2163 823 2234; x_wconf 90' lang='lat' dir='ltr'><strong>depositaria</strong></span> <span class='ocrx_word' id='word_1_326' title='bbox 840 2169 884 2218; x_wconf 90' lang='lat' dir='ltr'><strong>est</strong></span> 
     </span>
     <span class='ocr_line' id='line_1_47' title="bbox 56 2235 882 2306; baseline -0.011 -10"><span class='ocrx_word' id='word_1_327' title='bbox 56 2239 138 2296; x_wconf 88' lang='lat' dir='ltr'><strong>Petri</strong></span> <span class='ocrx_word' id='word_1_328' title='bbox 150 2239 241 2305; x_wconf 90' lang='lat' dir='ltr'><strong>sedes,</strong></span> <span class='ocrx_word' id='word_1_329' title='bbox 267 2249 372 2306; x_wconf 92' lang='lat' dir='ltr'><strong>easque</strong></span> <span class='ocrx_word' id='word_1_330' title='bbox 385 2236 457 2291; x_wconf 90' lang='lat' dir='ltr'><strong>salis</strong></span> <span class='ocrx_word' id='word_1_331' title='bbox 479 2235 638 2305; x_wconf 75' lang='lat' dir='ltr'><strong>explicatas</strong></span> <span class='ocrx_word' id='word_1_332' title='bbox 653 2235 726 2303; x_wconf 90' lang='lat' dir='ltr'><strong>apud</strong></span> <span class='ocrx_word' id='word_1_333' title='bbox 746 2237 882 2291; x_wconf 80' lang='lat' dir='ltr'><strong>irenaeum</strong></span> 
     </span>
     <span class='ocr_line' id='line_1_48' title="bbox 59 2305 883 2377; baseline -0.007 -11"><span class='ocrx_word' id='word_1_334' title='bbox 59 2308 281 2377; x_wconf 86' lang='lat' dir='ltr'><strong>interilsianos,</strong></span> <span class='ocrx_word' id='word_1_335' title='bbox 293 2307 403 2376; x_wconf 89' lang='lat' dir='ltr'><strong>etapud</strong></span> <span class='ocrx_word' id='word_1_336' title='bbox 417 2306 628 2363; x_wconf 89' lang='lat' dir='ltr'><strong>Tertullianum</strong></span> <span class='ocrx_word' id='word_1_337' title='bbox 640 2305 883 2373; x_wconf 77' lang='lat' dir='ltr'><strong>interdlrioanoS,</strong></span> 
     </span>
     <span class='ocr_line' id='line_1_49' title="bbox 59 2377 883 2447; baseline -0.007 -9"><span class='ocrx_word' id='word_1_338' title='bbox 59 2386 152 2439; x_wconf 90' lang='lat' dir='ltr'><strong>testes</strong></span> <span class='ocrx_word' id='word_1_339' title='bbox 166 2386 377 2436; x_wconf 84' lang='lat' dir='ltr'><strong>conterraneos.</strong></span> <span class='ocrx_word' id='word_1_340' title='bbox 400 2379 482 2434; x_wconf 91' lang='lat' dir='ltr'><strong>Prior</strong></span> <span class='ocrx_word' id='word_1_341' title='bbox 501 2391 535 2433; x_wconf 86' lang='lat' dir='ltr'><strong>ex</strong></span> <span class='ocrx_word' id='word_1_342' title='bbox 551 2379 598 2433; x_wconf 89' lang='lat' dir='ltr'><strong>bis</strong></span> <span class='ocrx_word' id='word_1_343' title='bbox 610 2380 735 2433; x_wconf 85' lang='lat' dir='ltr'><strong>ireneus</strong></span> <span class='ocrx_word' id='word_1_344' title='bbox 747 2377 883 2447; x_wconf 87' lang='lat' dir='ltr'><strong>declarat,</strong></span> 
     </span>
     <span class='ocr_line' id='line_1_50' title="bbox 59 2449 885 2522; baseline -0.01 -12"><span class='ocrx_word' id='word_1_345' title='bbox 59 2455 97 2511; x_wconf 91' lang='lat' dir='ltr'><strong>ad</strong></span> <span class='ocrx_word' id='word_1_346' title='bbox 116 2451 325 2522; x_wconf 90' lang='lat' dir='ltr'><strong>impediendam</strong></span> <span class='ocrx_word' id='word_1_347' title='bbox 338 2450 551 2519; x_wconf 87' lang='lat' dir='ltr'><strong>corruptionem</strong></span> <span class='ocrx_word' id='word_1_348' title='bbox 570 2449 720 2514; x_wconf 85' lang='lat' dir='ltr'><strong>doctrine,</strong></span> <span class='ocrx_word' id='word_1_349' title='bbox 741 2460 774 2503; x_wconf 89' lang='lat' dir='ltr'><strong>ac</strong></span> <span class='ocrx_word' id='word_1_350' title='bbox 787 2449 885 2504; x_wconf 88' lang='lat' dir='ltr'><strong>rerin-</strong></span> 
     </span>
     <span class='ocr_line' id='line_1_51' title="bbox 60 2519 886 2592; baseline -0.011 -10"><span class='ocrx_word' id='word_1_351' title='bbox 60 2524 171 2582; x_wconf 88' lang='lat' dir='ltr'><strong>cendos</strong></span> <span class='ocrx_word' id='word_1_352' title='bbox 191 2536 302 2579; x_wconf 91' lang='lat' dir='ltr'><strong>errores</strong></span> <span class='ocrx_word' id='word_1_353' title='bbox 316 2521 446 2578; x_wconf 87' lang='lat' dir='ltr'><strong>adbiberi</strong></span> <span class='ocrx_word' id='word_1_354' title='bbox 461 2536 477 2576; x_wconf 91' lang='lat' dir='ltr'><strong>a</strong></span> <span class='ocrx_word' id='word_1_355' title='bbox 493 2521 627 2592; x_wconf 77' lang='lat' dir='ltr'><strong>genuinis</strong></span> <span class='ocrx_word' id='word_1_356' title='bbox 657 2519 791 2575; x_wconf 81' lang='lat' dir='ltr'><strong>Ecclesia</strong></span> <span class='ocrx_word' id='word_1_357' title='bbox 814 2519 886 2575; x_wconf 86' lang='lat' dir='ltr'><strong>liliis</strong></span> 
     </span>
     <span class='ocr_line' id='line_1_52' title="bbox 60 2592 887 2660; baseline -0.008 -8"><span class='ocrx_word' id='word_1_358' title='bbox 60 2608 212 2652; x_wconf 88' lang='lat' dir='ltr'><strong>recursum</strong></span> <span class='ocrx_word' id='word_1_359' title='bbox 226 2593 260 2650; x_wconf 89' lang='lat' dir='ltr'><strong>ad</strong></span> <span class='ocrx_word' id='word_1_360' title='bbox 277 2606 338 2648; x_wconf 88' lang='lat' dir='ltr'><strong>eam</strong></span> <span class='ocrx_word' id='word_1_361' title='bbox 354 2593 538 2648; x_wconf 89' lang='lat' dir='ltr'><strong>traditionem</strong></span> <span class='ocrx_word' id='word_1_362' title='bbox 553 2604 585 2647; x_wconf 91' lang='lat' dir='ltr'><strong>ac</strong></span> <span class='ocrx_word' id='word_1_363' title='bbox 606 2592 699 2658; x_wconf 89' lang='lat' dir='ltr'><strong>iidem,</strong></span> <span class='ocrx_word' id='word_1_364' title='bbox 716 2604 801 2660; x_wconf 89' lang='lat' dir='ltr'><strong>quam</strong></span> <span class='ocrx_word' id='word_1_365' title='bbox 827 2592 887 2646; x_wconf 89' lang='lat' dir='ltr'><strong>llo-</strong></span> 
     </span>
     <span class='ocr_line' id='line_1_53' title="bbox 59 2660 887 2733; baseline -0.007 -11"><span class='ocrx_word' id='word_1_366' title='bbox 59 2679 145 2723; x_wconf 90' lang='lat' dir='ltr'><strong>mana</strong></span> <span class='ocrx_word' id='word_1_367' title='bbox 157 2665 282 2721; x_wconf 88' lang='lat' dir='ltr'><strong>Ecclesia</strong></span> <span class='ocrx_word' id='word_1_368' title='bbox 298 2664 420 2718; x_wconf 83' lang='lat' dir='ltr'><strong>maxima</strong></span> <span class='ocrx_word' id='word_1_369' title='bbox 435 2672 463 2719; x_wconf 90' lang='lat' dir='ltr'><strong>et</strong></span> <span class='ocrx_word' id='word_1_370' title='bbox 480 2663 694 2733; x_wconf 88' lang='lat' dir='ltr'><strong>antiquissima,</strong></span> <span class='ocrx_word' id='word_1_371' title='bbox 715 2660 887 2717; x_wconf 89' lang='lat' dir='ltr'><strong>etomnibus</strong></span> 
     </span>
     <span class='ocr_line' id='line_1_54' title="bbox 60 2731 887 2810; baseline -0.007 -16"><span class='ocrx_word' id='word_1_372' title='bbox 60 2738 192 2810; x_wconf 86' lang='lat' dir='ltr'><strong>cognita,</strong></span> <span class='ocrx_word' id='word_1_373' title='bbox 216 2742 314 2806; x_wconf 89' lang='lat' dir='ltr'><strong>utpote</strong></span> <span class='ocrx_word' id='word_1_374' title='bbox 325 2734 360 2790; x_wconf 90' lang='lat' dir='ltr'><strong>ab</strong></span> <span class='ocrx_word' id='word_1_375' title='bbox 372 2734 512 2803; x_wconf 89' lang='lat' dir='ltr'><strong>apostolis</strong></span> <span class='ocrx_word' id='word_1_376' title='bbox 523 2736 605 2790; x_wconf 91' lang='lat' dir='ltr'><strong>Petro</strong></span> <span class='ocrx_word' id='word_1_377' title='bbox 617 2739 644 2789; x_wconf 91' lang='lat' dir='ltr'><strong>et</strong></span> <span class='ocrx_word' id='word_1_378' title='bbox 664 2733 751 2789; x_wconf 90' lang='lat' dir='ltr'><strong>Paulo</strong></span> <span class='ocrx_word' id='word_1_379' title='bbox 768 2731 887 2789; x_wconf 85' lang='lat' dir='ltr'><strong>tundata</strong></span> 
     </span>
    </p>
   </div>
   <div class='ocr_carea' id='block_1_12' title="bbox 938 1876 1764 2807">
    <p class='ocr_par' dir='ltr' id='par_1_15' title="bbox 938 1876 1761 2239">
     <span class='ocr_line' id='line_1_55' title="bbox 938 1876 1760 1953; baseline -0.012 -14"><span class='ocrx_word' id='word_1_380' title='bbox 938 1884 1018 1953; x_wconf 91' lang='lat' dir='ltr'><strong>plina</strong></span> <span class='ocrx_word' id='word_1_381' title='bbox 1031 1884 1229 1939; x_wconf 91' lang='lat' dir='ltr'><strong>tantummodo</strong></span> <span class='ocrx_word' id='word_1_382' title='bbox 1245 1888 1313 1938; x_wconf 90' lang='lat' dir='ltr'><strong>tunc</strong></span> <span class='ocrx_word' id='word_1_383' title='bbox 1323 1881 1401 1937; x_wconf 90' lang='lat' dir='ltr'><strong>litem</strong></span> <span class='ocrx_word' id='word_1_384' title='bbox 1418 1880 1520 1947; x_wconf 86' lang='lat' dir='ltr'><strong>luisse,</strong></span> <span class='ocrx_word' id='word_1_385' title='bbox 1532 1893 1589 1951; x_wconf 95' lang='lat' dir='ltr'><strong>quo</strong></span> <span class='ocrx_word' id='word_1_386' title='bbox 1605 1876 1716 1934; x_wconf 91' lang='lat' dir='ltr'><strong>scilicet</strong></span> <span class='ocrx_word' id='word_1_387' title='bbox 1729 1876 1760 1930; x_wconf 93' lang='lat' dir='ltr'><strong>in</strong></span> 
     </span>
     <span class='ocr_line' id='line_1_56' title="bbox 938 1948 1761 2027; baseline -0.012 -16"><span class='ocrx_word' id='word_1_388' title='bbox 938 1968 1040 2027; x_wconf 89' lang='lat' dir='ltr'><strong>genere</strong></span> <span class='ocrx_word' id='word_1_389' title='bbox 1053 1955 1244 2024; x_wconf 73' lang='lat' dir='ltr'><strong>quaestionum</strong></span> <span class='ocrx_word' id='word_1_390' title='bbox 1260 1955 1362 2024; x_wconf 81' lang='lat' dir='ltr'><strong>dogma</strong></span> <span class='ocrx_word' id='word_1_391' title='bbox 1378 1966 1434 2008; x_wconf 93' lang='lat' dir='ltr'><strong>non</strong></span> <span class='ocrx_word' id='word_1_392' title='bbox 1450 1951 1666 2021; x_wconf 88' lang='lat' dir='ltr'><strong>attingentium,</strong></span> <span class='ocrx_word' id='word_1_393' title='bbox 1683 1948 1761 2003; x_wconf 85' lang='lat' dir='ltr'><strong>inte-</strong></span> 
     </span>
     <span class='ocr_line' id='line_1_57' title="bbox 939 2016 1760 2099; baseline -0.011 -18"><span class='ocrx_word' id='word_1_394' title='bbox 939 2041 1020 2099; x_wconf 90' lang='lat' dir='ltr'><strong>grum</strong></span> <span class='ocrx_word' id='word_1_395' title='bbox 1041 2026 1146 2097; x_wconf 92' lang='lat' dir='ltr'><strong>cuique</strong></span> <span class='ocrx_word' id='word_1_396' title='bbox 1159 2025 1231 2083; x_wconf 85' lang='lat' dir='ltr'><strong>soret</strong></span> <span class='ocrx_word' id='word_1_397' title='bbox 1247 2025 1401 2095; x_wconf 87' lang='lat' dir='ltr'><strong>provincie</strong></span> <span class='ocrx_word' id='word_1_398' title='bbox 1414 2038 1473 2080; x_wconf 85' lang='lat' dir='ltr'><strong>sue</strong></span> <span class='ocrx_word' id='word_1_399' title='bbox 1488 2022 1618 2080; x_wconf 92' lang='lat' dir='ltr'><strong>moribus</strong></span> <span class='ocrx_word' id='word_1_400' title='bbox 1641 2016 1760 2076; x_wconf 81' lang='lat' dir='ltr'><strong>contor-</strong></span> 
     </span>
     <span class='ocr_line' id='line_1_58' title="bbox 939 2097 1759 2166; baseline -0.009 -14"><span class='ocrx_word' id='word_1_401' title='bbox 939 2099 1023 2166; x_wconf 89' lang='lat' dir='ltr'><strong>mari,</strong></span> <span class='ocrx_word' id='word_1_402' title='bbox 1039 2097 1129 2154; x_wconf 91' lang='lat' dir='ltr'><strong>donec</strong></span> <span class='ocrx_word' id='word_1_403' title='bbox 1142 2097 1261 2153; x_wconf 89' lang='lat' dir='ltr'><strong>solemni</strong></span> <span class='ocrx_word' id='word_1_404' title='bbox 1277 2097 1408 2152; x_wconf 81' lang='lat' dir='ltr'><strong>examine</strong></span> <span class='ocrx_word' id='word_1_405' title='bbox 1433 2101 1607 2151; x_wconf 90' lang='lat' dir='ltr'><strong>statueretur</strong></span> <span class='ocrx_word' id='word_1_406' title='bbox 1630 2103 1759 2163; x_wconf 86' lang='lat' dir='ltr'><strong>qaenam</strong></span> 
     </span>
     <span class='ocr_line' id='line_1_59' title="bbox 938 2168 1536 2239; baseline -0.01 -14"><span class='ocrx_word' id='word_1_407' title='bbox 938 2174 1050 2225; x_wconf 88' lang='lat' dir='ltr'><strong>vetusta</strong></span> <span class='ocrx_word' id='word_1_408' title='bbox 1065 2175 1140 2224; x_wconf 91' lang='lat' dir='ltr'><strong>esset</strong></span> <span class='ocrx_word' id='word_1_409' title='bbox 1158 2182 1190 2223; x_wconf 91' lang='lat' dir='ltr'><strong>ac</strong></span> <span class='ocrx_word' id='word_1_410' title='bbox 1207 2168 1335 2239; x_wconf 89' lang='lat' dir='ltr'><strong>legitima</strong></span> <span class='ocrx_word' id='word_1_411' title='bbox 1348 2168 1536 2224; x_wconf 91' lang='lat' dir='ltr'><strong>consuetudo.</strong></span> 
     </span>
    </p>

    <p class='ocr_par' dir='ltr' id='par_1_16' title="bbox 940 2232 1764 2807">
     <span class='ocr_line' id='line_1_60' title="bbox 973 2232 1761 2308; baseline -0.011 -13"><span class='ocrx_word' id='word_1_412' title='bbox 973 2240 1061 2295; x_wconf 88' lang='lat' dir='ltr'><strong>Caute</strong></span> <span class='ocrx_word' id='word_1_413' title='bbox 1084 2241 1276 2306; x_wconf 90' lang='lat' dir='ltr'><strong>attendamus,</strong></span> <span class='ocrx_word' id='word_1_414' title='bbox 1300 2252 1335 2294; x_wconf 93' lang='lat' dir='ltr'><strong>ne</strong></span> <span class='ocrx_word' id='word_1_415' title='bbox 1358 2240 1520 2308; x_wconf 88' lang='lat' dir='ltr'><strong>opinemur,</strong></span> <span class='ocrx_word' id='word_1_416' title='bbox 1538 2240 1669 2292; x_wconf 89' lang='lat' dir='ltr'><strong>sanctum</strong></span> <span class='ocrx_word' id='word_1_417' title='bbox 1688 2232 1761 2301; x_wconf 88' lang='lat' dir='ltr'><strong>ilip-</strong></span> 
     </span>
     <span class='ocr_line' id='line_1_61' title="bbox 940 2302 1761 2382; baseline -0.01 -16"><span class='ocrx_word' id='word_1_418' title='bbox 940 2311 1193 2382; x_wconf 87' lang='lat' dir='ltr'><strong>poneepiscopum</strong></span> <span class='ocrx_word' id='word_1_419' title='bbox 1206 2312 1273 2366; x_wconf 94' lang='lat' dir='ltr'><strong>dum</strong></span> <span class='ocrx_word' id='word_1_420' title='bbox 1284 2309 1671 2380; x_wconf 86' lang='lat' dir='ltr'><strong>cucusatCartlraginenscm,</strong></span> <span class='ocrx_word' id='word_1_421' title='bbox 1681 2302 1761 2359; x_wconf 85' lang='lat' dir='ltr'><strong>amr-</strong></span> 
     </span>
     <span class='ocr_line' id='line_1_62' title="bbox 940 2374 1760 2452; baseline -0.01 -14"><span class='ocrx_word' id='word_1_422' title='bbox 940 2396 1021 2438; x_wconf 89' lang='lat' dir='ltr'><strong>mans</strong></span> <span class='ocrx_word' id='word_1_423' title='bbox 1037 2383 1196 2452; x_wconf 90' lang='lat' dir='ltr'><strong>plenarium</strong></span> <span class='ocrx_word' id='word_1_424' title='bbox 1222 2381 1377 2438; x_wconf 91' lang='lat' dir='ltr'><strong>concilium</strong></span> <span class='ocrx_word' id='word_1_425' title='bbox 1403 2381 1596 2437; x_wconf 91' lang='lat' dir='ltr'><strong>necessarium</strong></span> <span class='ocrx_word' id='word_1_426' title='bbox 1612 2376 1704 2433; x_wconf 84' lang='lat' dir='ltr'><strong>luisse</strong></span> <span class='ocrx_word' id='word_1_427' title='bbox 1724 2374 1760 2431; x_wconf 89' lang='lat' dir='ltr'><strong>ad</strong></span> 
     </span>
     <span class='ocr_line' id='line_1_63' title="bbox 941 2449 1760 2521; baseline -0.011 -12"><span class='ocrx_word' id='word_1_428' title='bbox 941 2453 1148 2510; x_wconf 89' lang='lat' dir='ltr'><strong>terminandam</strong></span> <span class='ocrx_word' id='word_1_429' title='bbox 1159 2453 1396 2509; x_wconf 87' lang='lat' dir='ltr'><strong>controversiam:</strong></span> <span class='ocrx_word' id='word_1_430' title='bbox 1412 2466 1447 2508; x_wconf 91' lang='lat' dir='ltr'><strong>ne</strong></span> <span class='ocrx_word' id='word_1_431' title='bbox 1457 2453 1618 2521; x_wconf 86' lang='lat' dir='ltr'><strong>opinemur,</strong></span> <span class='ocrx_word' id='word_1_432' title='bbox 1632 2449 1760 2517; x_wconf 90' lang='lat' dir='ltr'><strong>inquam,</strong></span> 
     </span>
     <span class='ocr_line' id='line_1_64' title="bbox 943 2518 1763 2595; baseline -0.01 -14"><span class='ocrx_word' id='word_1_433' title='bbox 943 2523 1559 2595; x_wconf 88' lang='lat' dir='ltr'><strong>pronuntiarealiquidcontraauctoritatem</strong></span> <span class='ocrx_word' id='word_1_434' title='bbox 1572 2525 1677 2576; x_wconf 80' lang='lat' dir='ltr'><strong>sanctae</strong></span> <span class='ocrx_word' id='word_1_435' title='bbox 1684 2518 1763 2575; x_wconf 89' lang='lat' dir='ltr'><strong>sedis</strong></span> 
     </span>
     <span class='ocr_line' id='line_1_65' title="bbox 942 2589 1764 2663; baseline -0.011 -11"><span class='ocrx_word' id='word_1_436' title='bbox 942 2598 972 2652; x_wconf 88' lang='lat' dir='ltr'><strong>in</strong></span> <span class='ocrx_word' id='word_1_437' title='bbox 992 2596 1161 2652; x_wconf 90' lang='lat' dir='ltr'><strong>decidendis</strong></span> <span class='ocrx_word' id='word_1_438' title='bbox 1182 2594 1397 2659; x_wconf 80' lang='lat' dir='ltr'><strong>controuersiis,</strong></span> <span class='ocrx_word' id='word_1_439' title='bbox 1417 2608 1501 2663; x_wconf 91' lang='lat' dir='ltr'><strong>quam</strong></span> <span class='ocrx_word' id='word_1_440' title='bbox 1526 2592 1576 2649; x_wconf 91' lang='lat' dir='ltr'><strong>ille</strong></span> <span class='ocrx_word' id='word_1_441' title='bbox 1599 2589 1764 2661; x_wconf 88' lang='lat' dir='ltr'><strong>recognovit</strong></span> 
     </span>
     <span class='ocr_line' id='line_1_66' title="bbox 942 2666 1763 2737; baseline -0.011 -13"><span class='ocrx_word' id='word_1_442' title='bbox 942 2667 1012 2724; x_wconf 86' lang='lat' dir='ltr'><strong>adeo</strong></span> <span class='ocrx_word' id='word_1_443' title='bbox 1026 2666 1197 2733; x_wconf 88' lang='lat' dir='ltr'><strong>luculenter,</strong></span> <span class='ocrx_word' id='word_1_444' title='bbox 1212 2666 1451 2737; x_wconf 91' lang='lat' dir='ltr'><strong>quemadmodum</strong></span> <span class='ocrx_word' id='word_1_445' title='bbox 1464 2678 1517 2720; x_wconf 91' lang='lat' dir='ltr'><strong>suo</strong></span> <span class='ocrx_word' id='word_1_446' title='bbox 1531 2670 1656 2732; x_wconf 84' lang='lat' dir='ltr'><strong>tempore</strong></span> <span class='ocrx_word' id='word_1_447' title='bbox 1671 2674 1763 2725; x_wconf 78' lang='lat' dir='ltr'><strong>expo-</strong></span> 
     </span>
     <span class='ocr_line' id='line_1_67' title="bbox 943 2733 1763 2807; baseline -0.011 -13"><span class='ocrx_word' id='word_1_448' title='bbox 943 2753 1052 2794; x_wconf 85' lang='lat' dir='ltr'><strong>nemus.</strong></span> <span class='ocrx_word' id='word_1_449' title='bbox 1069 2738 1199 2793; x_wconf 87' lang='lat' dir='ltr'><strong>Declarat</strong></span> <span class='ocrx_word' id='word_1_450' title='bbox 1214 2738 1302 2806; x_wconf 89' lang='lat' dir='ltr'><strong>enim,</strong></span> <span class='ocrx_word' id='word_1_451' title='bbox 1319 2737 1394 2807; x_wconf 93' lang='lat' dir='ltr'><strong>quod</strong></span> <span class='ocrx_word' id='word_1_452' title='bbox 1417 2738 1451 2793; x_wconf 92' lang='lat' dir='ltr'><strong>ad</strong></span> <span class='ocrx_word' id='word_1_453' title='bbox 1467 2736 1526 2791; x_wconf 89' lang='lat' dir='ltr'><strong>bec</strong></span> <span class='ocrx_word' id='word_1_454' title='bbox 1546 2735 1659 2801; x_wconf 89' lang='lat' dir='ltr'><strong>attinet,</strong></span> <span class='ocrx_word' id='word_1_455' title='bbox 1675 2733 1763 2790; x_wconf 89' lang='lat' dir='ltr'><strong>etiam</strong></span> 
     </span>
    </p>
   </div>
   <div class='ocr_carea' id='block_1_13' title="bbox 60 2804 888 3092">
    <p class='ocr_par' dir='ltr' id='par_1_17' title="bbox 60 2804 888 3092">
     <span class='ocr_line' id='line_1_68' title="bbox 60 2804 885 2876; baseline -0.01 -10"><span class='ocrx_word' id='word_1_456' title='bbox 60 2805 666 2876; x_wconf 87' lang='lat' dir='ltr'><strong>etconstituta,abapostollsacceptamper</strong></span> <span class='ocrx_word' id='word_1_457' title='bbox 675 2804 885 2860; x_wconf 88' lang='lat' dir='ltr'><strong>successionem</strong></span> 
     </span>
     <span class='ocr_line' id='line_1_69' title="bbox 62 2876 888 2949; baseline -0.01 -12"><span class='ocrx_word' id='word_1_458' title='bbox 62 2880 266 2949; x_wconf 89' lang='lat' dir='ltr'><strong>episcoporum</strong></span> <span class='ocrx_word' id='word_1_459' title='bbox 279 2879 438 2933; x_wconf 91' lang='lat' dir='ltr'><strong>venientem</strong></span> <span class='ocrx_word' id='word_1_460' title='bbox 453 2877 592 2947; x_wconf 89' lang='lat' dir='ltr'><strong>usquead</strong></span> <span class='ocrx_word' id='word_1_461' title='bbox 608 2889 660 2931; x_wconf 96' lang='lat' dir='ltr'><strong>nos</strong></span> <span class='ocrx_word' id='word_1_462' title='bbox 675 2889 740 2931; x_wconf 93' lang='lat' dir='ltr'><strong>cum</strong></span> <span class='ocrx_word' id='word_1_463' title='bbox 755 2876 888 2931; x_wconf 88' lang='lat' dir='ltr'><strong>auctori-</strong></span> 
     </span>
     <span class='ocr_line' id='line_1_70' title="bbox 61 2946 887 3021; baseline -0.008 -13"><span class='ocrx_word' id='word_1_464' title='bbox 61 2959 123 3008; x_wconf 88' lang='lat' dir='ltr'><strong>tate</strong></span> <span class='ocrx_word' id='word_1_465' title='bbox 140 2948 294 3021; x_wconf 86' lang='lat' dir='ltr'><strong>principali</strong></span> <span class='ocrx_word' id='word_1_466' title='bbox 312 2962 368 3019; x_wconf 90' lang='lat' dir='ltr'><strong>qua</strong></span> <span class='ocrx_word' id='word_1_467' title='bbox 389 2947 476 3017; x_wconf 91' lang='lat' dir='ltr'><strong>pollet</strong></span> <span class='ocrx_word' id='word_1_468' title='bbox 499 2947 680 3003; x_wconf 84' lang='lat' dir='ltr'><strong>con‘unctam</strong></span> <span class='ocrx_word' id='word_1_469' title='bbox 700 2952 728 3001; x_wconf 94' lang='lat' dir='ltr'><strong>et</strong></span> <span class='ocrx_word' id='word_1_470' title='bbox 747 2946 887 3017; x_wconf 87' lang='lat' dir='ltr'><strong>integram</strong></span> 
     </span>
     <span class='ocr_line' id='line_1_71' title="bbox 63 2962 887 3092; baseline -0.007 -14"><span class='ocrx_word' id='word_1_471' title='bbox 63 3021 249 3092; x_wconf 72' lang='lat' dir='ltr'><strong>preservavit</strong></span> <span class='ocrx_word' id='word_1_472' title='bbox 262 3039 269 3087; x_wconf 78' lang='lat'>3</span> <span class='ocrx_word' id='word_1_473' title='bbox 283 3018 422 3075; x_wconf 89' lang='lat' dir='ltr'><strong>Ecclesiis</strong></span> <span class='ocrx_word' id='word_1_474' title='bbox 434 3026 462 3074; x_wconf 91' lang='lat' dir='ltr'><strong>et</strong></span> <span class='ocrx_word' id='word_1_475' title='bbox 476 2962 611 3074; x_wconf 69' lang='lat' dir='ltr'><strong>adelsius</strong></span> <span class='ocrx_word' id='word_1_476' title='bbox 622 3017 731 3087; x_wconf 94' lang='lat' dir='ltr'><strong>ubique</strong></span> <span class='ocrx_word' id='word_1_477' title='bbox 744 3022 887 3073; x_wconf 91' lang='lat' dir='ltr'><strong>terrarum</strong></span> 
     </span>
    </p>
   </div>
   <div class='ocr_carea' id='block_1_14' title="bbox 62 2802 1769 4654">
    <p class='ocr_par' dir='ltr' id='par_1_18' title="bbox 62 2802 1765 3659">
     <span class='ocr_line' id='line_1_72' title="bbox 942 2802 1765 2879; baseline -0.009 -14"><span class='ocrx_word' id='word_1_478' title='bbox 942 2810 1066 2866; x_wconf 87' lang='lat' dir='ltr'><strong>concilia</strong></span> <span class='ocrx_word' id='word_1_479' title='bbox 1095 2811 1156 2879; x_wconf 89' lang='lat' dir='ltr'><strong>ipsa</strong></span> <span class='ocrx_word' id='word_1_480' title='bbox 1177 2809 1304 2878; x_wconf 89' lang='lat' dir='ltr'><strong>plenaria</strong></span> <span class='ocrx_word' id='word_1_481' title='bbox 1328 2822 1402 2877; x_wconf 89' lang='lat' dir='ltr'><strong>saepe</strong></span> <span class='ocrx_word' id='word_1_482' title='bbox 1427 2808 1522 2877; x_wconf 90' lang='lat' dir='ltr'><strong>priora</strong></span> <span class='ocrx_word' id='word_1_483' title='bbox 1555 2802 1765 2875; x_wconf 86' lang='lat' dir='ltr'><strong>posterioribus</strong></span> 
     </span>
     <span class='ocr_line' id='line_1_73' title="bbox 942 2874 1764 2944; baseline -0.01 -8"><span class='ocrx_word' id='word_1_484' title='bbox 942 2881 1087 2937; x_wconf 89' lang='lat' dir='ltr'><strong>emendari</strong></span> <span class='ocrx_word' id='word_1_485' title='bbox 1096 2880 1184 2936; x_wconf 89' lang='lat' dir='ltr'><strong>certis</strong></span> <span class='ocrx_word' id='word_1_486' title='bbox 1198 2881 1227 2934; x_wconf 93' lang='lat' dir='ltr'><strong>in</strong></span> <span class='ocrx_word' id='word_1_487' title='bbox 1236 2879 1362 2944; x_wconf 87' lang='lat' dir='ltr'><strong>casibus,</strong></span> <span class='ocrx_word' id='word_1_488' title='bbox 1374 2882 1447 2934; x_wconf 89' lang='lat' dir='ltr'><strong>citra</strong></span> <span class='ocrx_word' id='word_1_489' title='bbox 1459 2874 1764 2934; x_wconf 86' lang='lat' dir='ltr'><strong>lesionemauctorita·</strong></span> 
     </span>
     <span class='ocr_line' id='line_1_74' title="bbox 944 2943 1762 3075; baseline -0.01 -69"><span class='ocrx_word' id='word_1_490' title='bbox 944 2952 980 3008; x_wconf 92' lang='lat' dir='ltr'><strong>tis</strong></span> <span class='ocrx_word' id='word_1_491' title='bbox 995 2952 1111 3020; x_wconf 90' lang='lat' dir='ltr'><strong>utrique</strong></span> <span class='ocrx_word' id='word_1_492' title='bbox 1125 2953 1241 3075; x_wconf 54' lang='lat' dir='ltr'><strong>integrae</strong></span> <span class='ocrx_word' id='word_1_493' title='bbox 1255 2951 1465 3020; x_wconf 87' lang='lat' dir='ltr'><strong>permanentis:</strong></span> <span class='ocrx_word' id='word_1_494' title='bbox 1476 2943 1762 3017; x_wconf 87' lang='lat' dir='ltr'><strong>quoetiampleuaria</strong></span> 
     </span>
     <span class='ocr_line' id='line_1_75' title="bbox 120 3018 1761 3104; baseline -0.009 -20"><span class='ocrx_word' id='word_1_495' title='bbox 120 3093 151 3104; x_wconf 92' lang='lat'><strong>..</strong></span> <span class='ocrx_word' id='word_1_496' title='bbox 560 3090 565 3100; x_wconf 40' lang='lat'>‚</span> <span class='ocrx_word' id='word_1_497' title='bbox 944 3021 1172 3091; x_wconf 84' lang='lat' dir='ltr'><strong>prolerrepotuit</strong></span> <span class='ocrx_word' id='word_1_498' title='bbox 1205 3022 1229 3076; x_wconf 93' lang='lat' dir='ltr'><strong>is</strong></span> <span class='ocrx_word' id='word_1_499' title='bbox 1242 3021 1272 3075; x_wconf 90' lang='lat' dir='ltr'><strong>in</strong></span> <span class='ocrx_word' id='word_1_500' title='bbox 1292 3020 1399 3076; x_wconf 87' lang='lat' dir='ltr'><strong>eisdem</strong></span> <span class='ocrx_word' id='word_1_501' title='bbox 1419 3018 1545 3080; x_wconf 88' lang='lat' dir='ltr'><strong>casibus,</strong></span> <span class='ocrx_word' id='word_1_502' title='bbox 1564 3018 1649 3073; x_wconf 92' lang='lat' dir='ltr'><strong>etiam</strong></span> <span class='ocrx_word' id='word_1_503' title='bbox 1675 3028 1761 3071; x_wconf 91' lang='lat' dir='ltr'><strong>sensu</strong></span> 
     </span>
     <span class='ocr_line' id='line_1_76' title="bbox 63 3089 1763 3165; baseline -0.005 -15"><span class='ocrx_word' id='word_1_504' title='bbox 63 3100 170 3165; x_wconf 80' lang='lat' dir='ltr'><strong>positis</strong></span> <span class='ocrx_word' id='word_1_505' title='bbox 178 3093 212 3148; x_wconf 91' lang='lat' dir='ltr'><strong>ad</strong></span> <span class='ocrx_word' id='word_1_506' title='bbox 224 3092 297 3146; x_wconf 89' lang='lat' dir='ltr'><strong>hanc</strong></span> <span class='ocrx_word' id='word_1_507' title='bbox 309 3103 454 3146; x_wconf 92' lang='lat' dir='ltr'><strong>recurrere</strong></span> <span class='ocrx_word' id='word_1_508' title='bbox 466 3103 531 3146; x_wconf 93' lang='lat' dir='ltr'><strong>cum</strong></span> <span class='ocrx_word' id='word_1_509' title='bbox 542 3095 583 3145; x_wconf 93' lang='grc' dir='ltr'><strong>ειι</strong></span> <span class='ocrx_word' id='word_1_510' title='bbox 597 3102 720 3158; x_wconf 83' lang='grc' dir='ltr'><strong>ιιεεεεεε,</strong></span> <span class='ocrx_word' id='word_1_511' title='bbox 732 3096 759 3144; x_wconf 88' lang='grc' dir='ltr'><strong>ει</strong></span> <span class='ocrx_word' id='word_1_512' title='bbox 772 3093 888 3158; x_wconf 90' lang='lat' dir='ltr'><strong>propter</strong></span> <span class='ocrx_word' id='word_1_513' title='bbox 903 3102 927 3165; x_wconf 74' lang='lat' dir='ltr'><strong>G</strong></span> <span class='ocrx_word' id='word_1_514' title='bbox 942 3093 1064 3148; x_wconf 87' lang='lat' dir='ltr'><strong>concilia</strong></span> <span class='ocrx_word' id='word_1_515' title='bbox 1079 3092 1113 3148; x_wconf 89' lang='lat' dir='ltr'><strong>ad</strong></span> <span class='ocrx_word' id='word_1_516' title='bbox 1141 3105 1257 3147; x_wconf 83' lang='lat' dir='ltr'><strong>examen</strong></span> <span class='ocrx_word' id='word_1_517' title='bbox 1278 3105 1409 3147; x_wconf 88' lang='lat' dir='ltr'><strong>revocare</strong></span> <span class='ocrx_word' id='word_1_518' title='bbox 1425 3091 1553 3160; x_wconf 89' lang='lat' dir='ltr'><strong>potuisse</strong></span> <span class='ocrx_word' id='word_1_519' title='bbox 1576 3089 1691 3158; x_wconf 89' lang='lat' dir='ltr'><strong>negotia</strong></span> <span class='ocrx_word' id='word_1_520' title='bbox 1712 3098 1763 3154; x_wconf 91' lang='lat' dir='ltr'><strong>per</strong></span> 
     </span>
     <span class='ocr_line' id='line_1_77' title="bbox 63 3158 1760 3244; baseline -0.005 -26"><span class='ocrx_word' id='word_1_521' title='bbox 63 3164 257 3244; x_wconf 85' lang='lat' dir='ltr'><strong>potentiorem</strong></span> <span class='ocrx_word' id='word_1_522' title='bbox 271 3161 512 3233; x_wconf 90' lang='lat' dir='ltr'><strong>principalitatem</strong></span> <span class='ocrx_word' id='word_1_523' title='bbox 530 3161 692 3242; x_wconf 80' lang='lat' dir='ltr'><strong>convenire.</strong></span> <span class='ocrx_word' id='word_1_524' title='bbox 713 3161 740 3214; x_wconf 88' lang='lat' dir='ltr'><strong>S.</strong></span> <span class='ocrx_word' id='word_1_525' title='bbox 763 3162 886 3214; x_wconf 75' lang='lat' dir='ltr'><strong>ireneus</strong></span> <span class='ocrx_word' id='word_1_526' title='bbox 941 3164 969 3219; x_wconf 89' lang='lat' dir='ltr'><strong>S.</strong></span> <span class='ocrx_word' id='word_1_527' title='bbox 985 3164 1079 3220; x_wconf 92' lang='lat' dir='ltr'><strong>sedem</strong></span> <span class='ocrx_word' id='word_1_528' title='bbox 1094 3161 1212 3218; x_wconf 77' lang='lat' dir='ltr'><strong>delinita</strong></span> <span class='ocrx_word' id='word_1_529' title='bbox 1223 3163 1295 3217; x_wconf 91' lang='lat' dir='ltr'><strong>citra</strong></span> <span class='ocrx_word' id='word_1_530' title='bbox 1304 3163 1480 3217; x_wconf 90' lang='lat' dir='ltr'><strong>eversionem</strong></span> <span class='ocrx_word' id='word_1_531' title='bbox 1497 3160 1624 3229; x_wconf 83' lang='lat' dir='ltr'><strong>ejusdem</strong></span> <span class='ocrx_word' id='word_1_532' title='bbox 1637 3158 1760 3226; x_wconf 83' lang='lat' dir='ltr'><strong>jurium.</strong></span> 
     </span>
     <span class='ocr_line' id='line_1_78' title="bbox 62 3230 1761 3302; baseline -0.005 -11"><span class='ocrx_word' id='word_1_533' title='bbox 62 3235 129 3292; x_wconf 90' lang='lat' dir='ltr'><strong>adv.</strong></span> <span class='ocrx_word' id='word_1_534' title='bbox 145 3235 211 3289; x_wconf 83' lang='lat' dir='ltr'><strong>ber.</strong></span> <span class='ocrx_word' id='word_1_535' title='bbox 238 3233 291 3288; x_wconf 87' lang='lat' dir='ltr'><strong>lrb.</strong></span> <span class='ocrx_word' id='word_1_536' title='bbox 317 3247 360 3302; x_wconf 91' lang='grc' dir='ltr'><strong>ιιι,</strong></span> <span class='ocrx_word' id='word_1_537' title='bbox 381 3246 442 3301; x_wconf 88' lang='lat' dir='ltr'><strong>cap.</strong></span> <span class='ocrx_word' id='word_1_538' title='bbox 458 3231 475 3286; x_wconf 91' lang='lat'><strong>3</strong></span> <span class='ocrx_word' id='word_1_539' title='bbox 490 3232 583 3300; x_wconf 82' lang='lat' dir='ltr'><strong>(cuyus</strong></span> <span class='ocrx_word' id='word_1_540' title='bbox 607 3230 691 3285; x_wconf 87' lang='lat' dir='ltr'><strong>verba</strong></span> <span class='ocrx_word' id='word_1_541' title='bbox 720 3244 808 3298; x_wconf 87' lang='lat' dir='ltr'><strong>supra</strong></span> <span class='ocrx_word' id='word_1_542' title='bbox 828 3231 884 3298; x_wconf 89' lang='lat' dir='ltr'><strong>jam</strong></span> <span class='ocrx_word' id='word_1_543' title='bbox 940 3237 1118 3290; x_wconf 85' lang='lat' dir='ltr'><strong>suntantem</strong></span> <span class='ocrx_word' id='word_1_544' title='bbox 1134 3246 1219 3289; x_wconf 90' lang='lat' dir='ltr'><strong>casus</strong></span> <span class='ocrx_word' id='word_1_545' title='bbox 1240 3233 1295 3298; x_wconf 89' lang='lat' dir='ltr'><strong>illi,</strong></span> <span class='ocrx_word' id='word_1_546' title='bbox 1322 3247 1356 3288; x_wconf 84' lang='grc' dir='ltr'><strong>ει</strong></span> <span class='ocrx_word' id='word_1_547' title='bbox 1372 3233 1447 3288; x_wconf 90' lang='lat' dir='ltr'><strong>beati</strong></span> <span class='ocrx_word' id='word_1_548' title='bbox 1467 3230 1593 3288; x_wconf 88' lang='lat' dir='ltr'><strong>doctoris</strong></span> <span class='ocrx_word' id='word_1_549' title='bbox 1608 3230 1761 3298; x_wconf 87' lang='lat' dir='ltr'><strong>sententia,</strong></span> 
     </span>
     <span class='ocr_line' id='line_1_79' title="bbox 62 3301 1762 3383; baseline -0.004 -22"><span class='ocrx_word' id='word_1_550' title='bbox 62 3305 198 3363; x_wconf 89' lang='lat' dir='ltr'><strong>dedimus</strong></span> <span class='ocrx_word' id='word_1_551' title='bbox 222 3305 252 3359; x_wconf 94' lang='lat' dir='ltr'><strong>in</strong></span> <span class='ocrx_word' id='word_1_552' title='bbox 272 3304 350 3359; x_wconf 87' lang='lat' dir='ltr'><strong>notis</strong></span> <span class='ocrx_word' id='word_1_553' title='bbox 375 3304 452 3357; x_wconf 84' lang='lat' dir='ltr'><strong>ads.</strong></span> <span class='ocrx_word' id='word_1_554' title='bbox 475 3301 673 3383; x_wconf 73' lang='lat' dir='ltr'><strong>dlernentemi:</strong></span> <span class='ocrx_word' id='word_1_555' title='bbox 705 3321 718 3353; x_wconf 79' lang='lat' dir='ltr'><strong>a</strong></span> <span class='ocrx_word' id='word_1_556' title='bbox 745 3301 887 3381; x_wconf 83' lang='lat' dir='ltr'><strong>Habemus</strong></span> <span class='ocrx_word' id='word_1_557' title='bbox 942 3305 1070 3376; x_wconf 87' lang='lat' dir='ltr'><strong>quedam</strong></span> <span class='ocrx_word' id='word_1_558' title='bbox 1085 3305 1202 3359; x_wconf 88' lang='lat' dir='ltr'><strong>latentia</strong></span> <span class='ocrx_word' id='word_1_559' title='bbox 1217 3310 1244 3360; x_wconf 91' lang='lat' dir='ltr'><strong>et</strong></span> <span class='ocrx_word' id='word_1_560' title='bbox 1258 3303 1389 3372; x_wconf 90' lang='lat' dir='ltr'><strong>obscura,</strong></span> <span class='ocrx_word' id='word_1_561' title='bbox 1407 3318 1470 3374; x_wconf 86' lang='lat' dir='ltr'><strong>que</strong></span> <span class='ocrx_word' id='word_1_562' title='bbox 1485 3315 1636 3373; x_wconf 88' lang='lat' dir='ltr'><strong>progressu</strong></span> <span class='ocrx_word' id='word_1_563' title='bbox 1653 3309 1762 3368; x_wconf 88' lang='lat' dir='ltr'><strong>tempo·</strong></span> 
     </span>
     <span class='ocr_line' id='line_1_80' title="bbox 62 3372 1763 3499; baseline -0.006 -66"><span class='ocrx_word' id='word_1_564' title='bbox 62 3378 182 3433; x_wconf 86' lang='lat' dir='ltr'><strong>llomam</strong></span> <span class='ocrx_word' id='word_1_565' title='bbox 195 3374 246 3447; x_wconf 82' lang='lat' dir='ltr'><strong>(ait</strong></span> <span class='ocrx_word' id='word_1_566' title='bbox 257 3372 717 3499; x_wconf 47' lang='lat' dir='ltr'><strong>Africanuspnndenobisquoqnc</strong></span> <span class='ocrx_word' id='word_1_567' title='bbox 728 3376 886 3427; x_wconf 83' lang='lat' dir='ltr'><strong>auctoritas</strong></span> <span class='ocrx_word' id='word_1_568' title='bbox 942 3391 1006 3432; x_wconf 86' lang='lat' dir='ltr'><strong>rum</strong></span> <span class='ocrx_word' id='word_1_569' title='bbox 1022 3383 1049 3431; x_wconf 86' lang='lat' dir='ltr'><strong>et</strong></span> <span class='ocrx_word' id='word_1_570' title='bbox 1064 3376 1257 3445; x_wconf 81' lang='lat' dir='ltr'><strong>experimento</strong></span> <span class='ocrx_word' id='word_1_571' title='bbox 1272 3376 1445 3447; x_wconf 88' lang='lat' dir='ltr'><strong>deteguntur</strong></span> <span class='ocrx_word' id='word_1_572' title='bbox 1461 3393 1467 3428; x_wconf 92' lang='lat'>:</span> <span class='ocrx_word' id='word_1_573' title='bbox 1485 3394 1497 3426; x_wconf 77' lang='lat' dir='ltr'><strong>a</strong></span> <span class='ocrx_word' id='word_1_574' title='bbox 1513 3372 1583 3441; x_wconf 88' lang='lat' dir='ltr'><strong>Quis</strong></span> <span class='ocrx_word' id='word_1_575' title='bbox 1598 3377 1692 3428; x_wconf 86' lang='lat' dir='ltr'><strong>autem</strong></span> <span class='ocrx_word' id='word_1_576' title='bbox 1710 3384 1763 3425; x_wconf 87' lang='lat' dir='ltr'><strong>ue-</strong></span> 
     </span>
     <span class='ocr_line' id='line_1_81' title="bbox 65 3442 1764 3528; baseline -0.009 -17"><span class='ocrx_word' id='word_1_577' title='bbox 65 3453 171 3519; x_wconf 77' lang='lat' dir='ltr'><strong>ptaeslo</strong></span> <span class='ocrx_word' id='word_1_578' title='bbox 191 3454 234 3502; x_wconf 90' lang='lat' dir='ltr'><strong>est</strong></span> <span class='ocrx_word' id='word_1_579' title='bbox 248 3444 356 3528; x_wconf 77' lang='lat' dir='ltr'><strong>iulum.</strong></span> <span class='ocrx_word' id='word_1_580' title='bbox 373 3446 408 3500; x_wconf 80' lang='lat' dir='ltr'><strong>Fe</strong></span> <span class='ocrx_word' id='word_1_581' title='bbox 422 3460 452 3526; x_wconf 48' lang='lat' dir='ltr'><strong>tt,</strong></span> <span class='ocrx_word' id='word_1_582' title='bbox 462 3444 598 3511; x_wconf 77' lang='lat' dir='ltr'><strong>Ecclesia,</strong></span> <span class='ocrx_word' id='word_1_583' title='bbox 612 3444 660 3499; x_wconf 74' lang='lat' dir='ltr'><strong>cui</strong></span> <span class='ocrx_word' id='word_1_584' title='bbox 672 3449 760 3498; x_wconf 90' lang='lat' dir='ltr'><strong>totam</strong></span> <span class='ocrx_word' id='word_1_585' title='bbox 773 3442 887 3498; x_wconf 79' lang='lat' dir='ltr'><strong>doctri·</strong></span> <span class='ocrx_word' id='word_1_586' title='bbox 942 3447 1112 3517; x_wconf 90' lang='lat' dir='ltr'><strong>scit,inquit</strong></span> <span class='ocrx_word' id='word_1_587' title='bbox 1136 3446 1328 3515; x_wconf 88' lang='lat' dir='ltr'><strong>conciliaipsa</strong></span> <span class='ocrx_word' id='word_1_588' title='bbox 1340 3445 1548 3517; x_wconf 88' lang='lat' dir='ltr'><strong>plenariasepe</strong></span> <span class='ocrx_word' id='word_1_589' title='bbox 1560 3444 1656 3513; x_wconf 89' lang='lat' dir='ltr'><strong>priora</strong></span> <span class='ocrx_word' id='word_1_590' title='bbox 1666 3448 1764 3511; x_wconf 90' lang='lat' dir='ltr'><strong>poste-</strong></span> 
     </span>
     <span class='ocr_line' id='line_1_82' title="bbox 63 3513 1763 3586; baseline -0.005 -12"><span class='ocrx_word' id='word_1_591' title='bbox 63 3532 130 3575; x_wconf 91' lang='lat' dir='ltr'><strong>uam</strong></span> <span class='ocrx_word' id='word_1_592' title='bbox 142 3515 263 3584; x_wconf 81' lang='lat' dir='ltr'><strong>apostoli</strong></span> <span class='ocrx_word' id='word_1_593' title='bbox 276 3530 340 3572; x_wconf 95' lang='lat' dir='ltr'><strong>cum</strong></span> <span class='ocrx_word' id='word_1_594' title='bbox 352 3529 492 3586; x_wconf 82' lang='lat' dir='ltr'><strong>sanguine</strong></span> <span class='ocrx_word' id='word_1_595' title='bbox 503 3530 555 3571; x_wconf 91' lang='lat' dir='ltr'><strong>suo</strong></span> <span class='ocrx_word' id='word_1_596' title='bbox 567 3513 772 3584; x_wconf 91' lang='lat' dir='ltr'><strong>proluderuntl</strong></span> <span class='ocrx_word' id='word_1_597' title='bbox 787 3514 885 3583; x_wconf 78' lang='lat' dir='ltr'><strong>rlTer-</strong></span> <span class='ocrx_word' id='word_1_598' title='bbox 943 3518 1072 3574; x_wconf 90' lang='lat' dir='ltr'><strong>rioribus</strong></span> <span class='ocrx_word' id='word_1_599' title='bbox 1087 3517 1243 3572; x_wconf 89' lang='lat' dir='ltr'><strong>emendari.</strong></span> <span class='ocrx_word' id='word_1_600' title='bbox 1265 3531 1329 3572; x_wconf 94' lang='lat' dir='ltr'><strong>cum</strong></span> <span class='ocrx_word' id='word_1_601' title='bbox 1346 3517 1445 3586; x_wconf 88' lang='lat' dir='ltr'><strong>aliquo</strong></span> <span class='ocrx_word' id='word_1_602' title='bbox 1460 3517 1763 3586; x_wconf 81' lang='lat' dir='ltr'><strong>experimentorerum</strong></span> 
     </span>
     <span class='ocr_line' id='line_1_83' title="bbox 64 3583 1764 3659; baseline -0.009 -6"><span class='ocrx_word' id='word_1_603' title='bbox 64 3589 185 3646; x_wconf 73' lang='lat' dir='ltr'><strong>tullian·</strong></span> <span class='ocrx_word' id='word_1_604' title='bbox 200 3588 249 3644; x_wconf 79' lang='lat' dir='ltr'><strong>lib·</strong></span> <span class='ocrx_word' id='word_1_605' title='bbox 266 3588 462 3656; x_wconf 68' lang='lat' dir='ltr'><strong>dePraescript·</strong></span> <span class='ocrx_word' id='word_1_606' title='bbox 482 3593 544 3657; x_wconf 80' lang='lat' dir='ltr'><strong>posi</strong></span> <span class='ocrx_word' id='word_1_607' title='bbox 560 3585 644 3656; x_wconf 84' lang='lat' dir='ltr'><strong>med.)</strong></span> <span class='ocrx_word' id='word_1_608' title='bbox 943 3589 1072 3659; x_wconf 87' lang='lat' dir='ltr'><strong>aperitur</strong></span> <span class='ocrx_word' id='word_1_609' title='bbox 1083 3588 1156 3657; x_wconf 91' lang='lat' dir='ltr'><strong>quod</strong></span> <span class='ocrx_word' id='word_1_610' title='bbox 1169 3587 1300 3644; x_wconf 91' lang='lat' dir='ltr'><strong>clausum</strong></span> <span class='ocrx_word' id='word_1_611' title='bbox 1311 3595 1382 3650; x_wconf 81' lang='lat' dir='ltr'><strong>eat,</strong></span> <span class='ocrx_word' id='word_1_612' title='bbox 1394 3597 1421 3642; x_wconf 88' lang='lat' dir='ltr'><strong>et</strong></span> <span class='ocrx_word' id='word_1_613' title='bbox 1434 3587 1618 3658; x_wconf 83' lang='lat' dir='ltr'><strong>cognoscitur</strong></span> <span class='ocrx_word' id='word_1_614' title='bbox 1631 3584 1705 3655; x_wconf 86' lang='lat' dir='ltr'><strong>quad</strong></span> <span class='ocrx_word' id='word_1_615' title='bbox 1717 3583 1764 3638; x_wconf 91' lang='lat' dir='ltr'><strong>la-</strong></span> 
     </span>
    </p>

    <p class='ocr_par' dir='ltr' id='par_1_19' title="bbox 62 3654 1769 4654">
     <span class='ocr_line' id='line_1_84' title="bbox 100 3654 1764 3729; baseline -0.005 -13"><span class='ocrx_word' id='word_1_616' title='bbox 100 3659 218 3716; x_wconf 81' lang='lat' dir='ltr'><strong>Asianis</strong></span> <span class='ocrx_word' id='word_1_617' title='bbox 230 3657 412 3714; x_wconf 81' lang='lat' dir='ltr'><strong>ordirieanis</strong></span> <span class='ocrx_word' id='word_1_618' title='bbox 430 3658 525 3712; x_wconf 89' lang='lat' dir='ltr'><strong>minus</strong></span> <span class='ocrx_word' id='word_1_619' title='bbox 542 3656 698 3711; x_wconf 89' lang='lat' dir='ltr'><strong>inlelioiter</strong></span> <span class='ocrx_word' id='word_1_620' title='bbox 712 3655 740 3710; x_wconf 94' lang='lat' dir='ltr'><strong>id</strong></span> <span class='ocrx_word' id='word_1_621' title='bbox 752 3656 886 3723; x_wconf 86' lang='lat' dir='ltr'><strong>contigit,</strong></span> <span class='ocrx_word' id='word_1_622' title='bbox 943 3660 1045 3715; x_wconf 84' lang='lat' dir='ltr'><strong>tebati</strong></span> <span class='ocrx_word' id='word_1_623' title='bbox 1061 3679 1073 3708; x_wconf 74' lang='lat' dir='ltr'><strong>r</strong></span> <span class='ocrx_word' id='word_1_624' title='bbox 1092 3659 1184 3726; x_wconf 61' lang='lat' dir='ltr'><strong>libid,</strong></span> <span class='ocrx_word' id='word_1_625' title='bbox 1199 3658 1250 3713; x_wconf 86' lang='lat' dir='ltr'><strong>lib.</strong></span> <span class='ocrx_word' id='word_1_626' title='bbox 1268 3673 1299 3726; x_wconf 91' lang='grc' dir='ltr'><strong>ιι,</strong></span> <span class='ocrx_word' id='word_1_627' title='bbox 1312 3672 1374 3729; x_wconf 90' lang='lat' dir='ltr'><strong>cap.</strong></span> <span class='ocrx_word' id='word_1_628' title='bbox 1385 3657 1578 3729; x_wconf 84' lang='lat' dir='ltr'><strong>3.)0by‘ectum</strong></span> <span class='ocrx_word' id='word_1_629' title='bbox 1592 3658 1692 3726; x_wconf 91' lang='lat' dir='ltr'><strong>dequo</strong></span> <span class='ocrx_word' id='word_1_630' title='bbox 1707 3654 1764 3709; x_wconf 92' lang='lat' dir='ltr'><strong>dis·</strong></span> 
     </span>
     <span class='ocr_line' id='line_1_85' title="bbox 63 3725 1765 3810; baseline -0.005 -23"><span class='ocrx_word' id='word_1_631' title='bbox 63 3732 143 3803; x_wconf 91' lang='lat' dir='ltr'><strong>quod</strong></span> <span class='ocrx_word' id='word_1_632' title='bbox 155 3728 545 3810; x_wconf 80' lang='lat' dir='ltr'><strong>opinarenturquestionem,</strong></span> <span class='ocrx_word' id='word_1_633' title='bbox 562 3729 761 3795; x_wconf 88' lang='lat' dir='ltr'><strong>ipsosinterac</strong></span> <span class='ocrx_word' id='word_1_634' title='bbox 774 3727 888 3796; x_wconf 83' lang='lat' dir='ltr'><strong>Stepba-</strong></span> <span class='ocrx_word' id='word_1_635' title='bbox 945 3730 1100 3801; x_wconf 89' lang='lat' dir='ltr'><strong>putabatur</strong></span> <span class='ocrx_word' id='word_1_636' title='bbox 1122 3731 1330 3786; x_wconf 91' lang='lat' dir='ltr'><strong>numerandum</strong></span> <span class='ocrx_word' id='word_1_637' title='bbox 1347 3737 1407 3785; x_wconf 91' lang='lat' dir='ltr'><strong>erat</strong></span> <span class='ocrx_word' id='word_1_638' title='bbox 1430 3731 1567 3785; x_wconf 89' lang='lat' dir='ltr'><strong>intereos</strong></span> <span class='ocrx_word' id='word_1_639' title='bbox 1589 3741 1684 3782; x_wconf 88' lang='lat' dir='ltr'><strong>casus.</strong></span> <span class='ocrx_word' id='word_1_640' title='bbox 1698 3725 1765 3780; x_wconf 86' lang='lat' dir='ltr'><strong>Ste-</strong></span> 
     </span>
     <span class='ocr_line' id='line_1_86' title="bbox 64 3795 1763 3872; baseline -0.004 -15"><span class='ocrx_word' id='word_1_641' title='bbox 64 3816 134 3858; x_wconf 91' lang='lat' dir='ltr'><strong>num</strong></span> <span class='ocrx_word' id='word_1_642' title='bbox 147 3803 303 3867; x_wconf 89' lang='lat' dir='ltr'><strong>subortam,</strong></span> <span class='ocrx_word' id='word_1_643' title='bbox 321 3814 376 3856; x_wconf 94' lang='lat' dir='ltr'><strong>non</strong></span> <span class='ocrx_word' id='word_1_644' title='bbox 388 3814 496 3855; x_wconf 82' lang='lat' dir='ltr'><strong>uersam</strong></span> <span class='ocrx_word' id='word_1_645' title='bbox 512 3813 588 3854; x_wconf 90' lang='lat' dir='ltr'><strong>crrca</strong></span> <span class='ocrx_word' id='word_1_646' title='bbox 607 3800 718 3869; x_wconf 89' lang='lat' dir='ltr'><strong>dogma,</strong></span> <span class='ocrx_word' id='word_1_647' title='bbox 736 3799 783 3853; x_wconf 87' lang='lat' dir='ltr'><strong>sed</strong></span> <span class='ocrx_word' id='word_1_648' title='bbox 811 3810 889 3853; x_wconf 81' lang='lat' dir='ltr'><strong>circa</strong></span> <span class='ocrx_word' id='word_1_649' title='bbox 944 3802 1057 3871; x_wconf 90' lang='lat' dir='ltr'><strong>pbanus</strong></span> <span class='ocrx_word' id='word_1_650' title='bbox 1071 3802 1148 3855; x_wconf 91' lang='lat' dir='ltr'><strong>circa</strong></span> <span class='ocrx_word' id='word_1_651' title='bbox 1159 3802 1304 3872; x_wconf 91' lang='lat' dir='ltr'><strong>negotium</strong></span> <span class='ocrx_word' id='word_1_652' title='bbox 1317 3799 1453 3871; x_wconf 88' lang='lat' dir='ltr'><strong>baptismi</strong></span> <span class='ocrx_word' id='word_1_653' title='bbox 1464 3800 1674 3867; x_wconf 76' lang='lat' dir='ltr'><strong>hereticorum,</strong></span> <span class='ocrx_word' id='word_1_654' title='bbox 1688 3795 1763 3866; x_wconf 92' lang='lat' dir='ltr'><strong>quod</strong></span> 
     </span>
     <span class='ocr_line' id='line_1_87' title="bbox 62 3869 1763 3943; baseline -0.004 -14"><span class='ocrx_word' id='word_1_655' title='bbox 62 3873 263 3943; x_wconf 88' lang='lat' dir='ltr'><strong>disciplinam,</strong></span> <span class='ocrx_word' id='word_1_656' title='bbox 278 3870 652 3935; x_wconf 85' lang='lat' dir='ltr'><strong>etoeconomiamEcclesie,</strong></span> <span class='ocrx_word' id='word_1_657' title='bbox 669 3869 889 3938; x_wconf 89' lang='lat' dir='ltr'><strong>proutabutris·</strong></span> <span class='ocrx_word' id='word_1_658' title='bbox 945 3873 1077 3943; x_wconf 88' lang='lat' dir='ltr'><strong>probibet</strong></span> <span class='ocrx_word' id='word_1_659' title='bbox 1101 3873 1211 3939; x_wconf 88' lang='lat' dir='ltr'><strong>iterari,</strong></span> <span class='ocrx_word' id='word_1_660' title='bbox 1231 3873 1375 3928; x_wconf 89' lang='lat' dir='ltr'><strong>decretum</strong></span> <span class='ocrx_word' id='word_1_661' title='bbox 1393 3871 1478 3928; x_wconf 87' lang='lat' dir='ltr'><strong>relert</strong></span> <span class='ocrx_word' id='word_1_662' title='bbox 1495 3871 1530 3927; x_wconf 89' lang='lat' dir='ltr'><strong>ad</strong></span> <span class='ocrx_word' id='word_1_663' title='bbox 1557 3870 1763 3927; x_wconf 86' lang='lat' dir='ltr'><strong>traditionem:</strong></span> 
     </span>
     <span class='ocr_line' id='line_1_88' title="bbox 65 3939 1766 4016; baseline -0.004 -17"><span class='ocrx_word' id='word_1_664' title='bbox 65 3958 123 4016; x_wconf 91' lang='lat' dir='ltr'><strong>que</strong></span> <span class='ocrx_word' id='word_1_665' title='bbox 138 3944 312 3999; x_wconf 89' lang='lat' dir='ltr'><strong>declaratum</strong></span> <span class='ocrx_word' id='word_1_666' title='bbox 329 3943 394 3998; x_wconf 87' lang='lat' dir='ltr'><strong>luit.</strong></span> <span class='ocrx_word' id='word_1_667' title='bbox 407 3942 593 3997; x_wconf 85' lang='lat' dir='ltr'><strong>Eirmilranus</strong></span> <span class='ocrx_word' id='word_1_668' title='bbox 603 3941 677 3996; x_wconf 91' lang='lat' dir='ltr'><strong>euim</strong></span> <span class='ocrx_word' id='word_1_669' title='bbox 687 3941 886 4010; x_wconf 82' lang='lat' dir='ltr'><strong>conqueritur,</strong></span> <span class='ocrx_word' id='word_1_670' title='bbox 943 3945 1021 4000; x_wconf 80' lang='lat' dir='ltr'><strong>iiiiii</strong></span> <span class='ocrx_word' id='word_1_671' title='bbox 1031 3946 1181 4005; x_wconf 77' lang='lat' dir='ltr'><strong>innovator,</strong></span> <span class='ocrx_word' id='word_1_672' title='bbox 1196 3946 1252 3997; x_wconf 83' lang='lat' dir='ltr'><strong>nisi</strong></span> <span class='ocrx_word' id='word_1_673' title='bbox 1266 3943 1339 4013; x_wconf 86' lang='lat' dir='ltr'><strong>qood</strong></span> <span class='ocrx_word' id='word_1_674' title='bbox 1356 3944 1489 3998; x_wconf 85' lang='lat' dir='ltr'><strong>traditum</strong></span> <span class='ocrx_word' id='word_1_675' title='bbox 1504 3947 1543 3996; x_wconf 87' lang='lat' dir='ltr'><strong>est</strong></span> <span class='ocrx_word' id='word_1_676' title='bbox 1553 3960 1561 3996; x_wconf 72' lang='grc' dir='ltr'><strong>ε</strong></span> <span class='ocrx_word' id='word_1_677' title='bbox 1572 3942 1606 3997; x_wconf 87' lang='lat' dir='ltr'><strong>ad</strong></span> <span class='ocrx_word' id='word_1_678' title='bbox 1626 3939 1766 3995; x_wconf 91' lang='lat' dir='ltr'><strong>traditio-</strong></span> 
     </span>
     <span class='ocr_line' id='line_1_89' title="bbox 64 4011 1767 4087; baseline -0.004 -16"><span class='ocrx_word' id='word_1_679' title='bbox 64 4016 143 4087; x_wconf 93' lang='lat' dir='ltr'><strong>quod</strong></span> <span class='ocrx_word' id='word_1_680' title='bbox 159 4015 321 4084; x_wconf 83' lang='lat' dir='ltr'><strong>Stephanus</strong></span> <span class='ocrx_word' id='word_1_681' title='bbox 346 4015 481 4069; x_wconf 89' lang='lat' dir='ltr'><strong>decernat</strong></span> <span class='ocrx_word' id='word_1_682' title='bbox 495 4026 543 4068; x_wconf 89' lang='lat' dir='ltr'><strong>eos</strong></span> <span class='ocrx_word' id='word_1_683' title='bbox 559 4025 691 4081; x_wconf 89' lang='lat' dir='ltr'><strong>separare</strong></span> <span class='ocrx_word' id='word_1_684' title='bbox 714 4011 750 4065; x_wconf 92' lang='lat' dir='ltr'><strong>ab</strong></span> <span class='ocrx_word' id='word_1_685' title='bbox 776 4012 889 4066; x_wconf 89' lang='lat' dir='ltr'><strong>unitate</strong></span> <span class='ocrx_word' id='word_1_686' title='bbox 945 4029 1007 4071; x_wconf 93' lang='lat' dir='ltr'><strong>nem</strong></span> <span class='ocrx_word' id='word_1_687' title='bbox 1019 4014 1131 4070; x_wconf 89' lang='lat' dir='ltr'><strong>scilicet</strong></span> <span class='ocrx_word' id='word_1_688' title='bbox 1143 4014 1225 4082; x_wconf 81' lang='lat' dir='ltr'><strong>jutta</strong></span> <span class='ocrx_word' id='word_1_689' title='bbox 1238 4014 1403 4084; x_wconf 89' lang='lat' dir='ltr'><strong>opinionem</strong></span> <span class='ocrx_word' id='word_1_690' title='bbox 1414 4014 1570 4086; x_wconf 76' lang='lat' dir='ltr'><strong>Augustini</strong></span> <span class='ocrx_word' id='word_1_691' title='bbox 1584 4019 1644 4068; x_wconf 89' lang='lat' dir='ltr'><strong>tum</strong></span> <span class='ocrx_word' id='word_1_692' title='bbox 1658 4017 1767 4079; x_wconf 91' lang='lat' dir='ltr'><strong>tempo·</strong></span> 
     </span>
     <span class='ocr_line' id='line_1_90' title="bbox 64 4083 1767 4153; baseline -0.004 -11"><span class='ocrx_word' id='word_1_693' title='bbox 64 4084 392 4146; x_wconf 81' lang='lat' dir='ltr'><strong>unirersalisEcclesie,</strong></span> <span class='ocrx_word' id='word_1_694' title='bbox 409 4083 458 4153; x_wconf 93' lang='lat' dir='ltr'><strong>qui</strong></span> <span class='ocrx_word' id='word_1_695' title='bbox 466 4084 600 4152; x_wconf 82' lang='lat' dir='ltr'><strong>justisde</strong></span> <span class='ocrx_word' id='word_1_696' title='bbox 613 4083 710 4139; x_wconf 89' lang='lat' dir='ltr'><strong>causis</strong></span> <span class='ocrx_word' id='word_1_697' title='bbox 725 4083 813 4152; x_wconf 93' lang='lat' dir='ltr'><strong>recipi</strong></span> <span class='ocrx_word' id='word_1_698' title='bbox 829 4096 844 4137; x_wconf 89' lang='lat' dir='ltr'><strong>a</strong></span> <span class='ocrx_word' id='word_1_699' title='bbox 859 4096 889 4138; x_wconf 90' lang='lat' dir='ltr'><strong>se</strong></span> <span class='ocrx_word' id='word_1_700' title='bbox 944 4088 986 4142; x_wconf 90' lang='lat' dir='ltr'><strong>ris</strong></span> <span class='ocrx_word' id='word_1_701' title='bbox 1001 4086 1041 4141; x_wconf 91' lang='lat' dir='ltr'><strong>ita</strong></span> <span class='ocrx_word' id='word_1_702' title='bbox 1067 4085 1222 4140; x_wconf 87' lang='lat' dir='ltr'><strong>involutam</strong></span> <span class='ocrx_word' id='word_1_703' title='bbox 1247 4092 1275 4140; x_wconf 95' lang='lat' dir='ltr'><strong>et</strong></span> <span class='ocrx_word' id='word_1_704' title='bbox 1295 4087 1457 4151; x_wconf 92' lang='lat' dir='ltr'><strong>obscuram,</strong></span> <span class='ocrx_word' id='word_1_705' title='bbox 1474 4091 1507 4140; x_wconf 93' lang='lat' dir='ltr'><strong>ut</strong></span> <span class='ocrx_word' id='word_1_706' title='bbox 1532 4084 1615 4153; x_wconf 91' lang='lat' dir='ltr'><strong>plane</strong></span> <span class='ocrx_word' id='word_1_707' title='bbox 1635 4087 1767 4137; x_wconf 88' lang='lat' dir='ltr'><strong>constare</strong></span> 
     </span>
     <span class='ocr_line' id='line_1_91' title="bbox 64 4153 1768 4240; baseline -0.004 -27"><span class='ocrx_word' id='word_1_708' title='bbox 64 4170 124 4240; x_wconf 82' lang='lat' dir='ltr'><strong>non</strong></span> <span class='ocrx_word' id='word_1_709' title='bbox 132 4155 234 4212; x_wconf 89' lang='lat' dir='ltr'><strong>debere</strong></span> <span class='ocrx_word' id='word_1_710' title='bbox 245 4155 384 4237; x_wconf 86' lang='lat' dir='ltr'><strong>putabant</strong></span> <span class='ocrx_word' id='word_1_711' title='bbox 396 4154 550 4237; x_wconf 82' lang='lat' dir='ltr'><strong>nonnullas</strong></span> <span class='ocrx_word' id='word_1_712' title='bbox 563 4154 789 4237; x_wconf 69' lang='lat' dir='ltr'><strong>connsuetudines</strong></span> <span class='ocrx_word' id='word_1_713' title='bbox 797 4154 890 4210; x_wconf 90' lang='lat' dir='ltr'><strong>Eccle·</strong></span> <span class='ocrx_word' id='word_1_714' title='bbox 945 4171 1001 4214; x_wconf 92' lang='lat' dir='ltr'><strong>mon</strong></span> <span class='ocrx_word' id='word_1_715' title='bbox 1016 4170 1098 4227; x_wconf 91' lang='lat' dir='ltr'><strong>posse</strong></span> <span class='ocrx_word' id='word_1_716' title='bbox 1109 4157 1255 4213; x_wconf 86' lang='lat' dir='ltr'><strong>rideretur</strong></span> <span class='ocrx_word' id='word_1_717' title='bbox 1271 4158 1306 4213; x_wconf 91' lang='lat' dir='ltr'><strong>de</strong></span> <span class='ocrx_word' id='word_1_718' title='bbox 1322 4157 1404 4212; x_wconf 91' lang='lat' dir='ltr'><strong>illius</strong></span> <span class='ocrx_word' id='word_1_719' title='bbox 1423 4157 1577 4221; x_wconf 89' lang='lat' dir='ltr'><strong>evidentia,</strong></span> <span class='ocrx_word' id='word_1_720' title='bbox 1596 4153 1653 4210; x_wconf 93' lang='lat' dir='ltr'><strong>nisi</strong></span> <span class='ocrx_word' id='word_1_721' title='bbox 1670 4158 1768 4209; x_wconf 90' lang='lat' dir='ltr'><strong>coacto</strong></span> 
     </span>
     <span class='ocr_line' id='line_1_92' title="bbox 65 4225 1768 4312; baseline -0.003 -29"><span class='ocrx_word' id='word_1_722' title='bbox 65 4242 119 4285; x_wconf 83' lang='lat' dir='ltr'><strong>suae</strong></span> <span class='ocrx_word' id='word_1_723' title='bbox 127 4229 258 4312; x_wconf 24' lang='lat' dir='ltr'><strong>lllomauae</strong></span> <span class='ocrx_word' id='word_1_724' title='bbox 269 4240 410 4297; x_wconf 70' lang='lat' dir='ltr'><strong>proprias</strong></span> <span class='ocrx_word' id='word_1_725' title='bbox 427 4225 889 4296; x_wconf 86' lang='lat' dir='ltr'><strong>quedrscrplrnamtantummodo</strong></span> <span class='ocrx_word' id='word_1_726' title='bbox 946 4229 1074 4299; x_wconf 90' lang='lat' dir='ltr'><strong>plenario</strong></span> <span class='ocrx_word' id='word_1_727' title='bbox 1090 4226 1228 4284; x_wconf 86' lang='lat' dir='ltr'><strong>concilio:</strong></span> <span class='ocrx_word' id='word_1_728' title='bbox 1245 4229 1301 4284; x_wconf 92' lang='lat' dir='ltr'><strong>imo</strong></span> <span class='ocrx_word' id='word_1_729' title='bbox 1316 4228 1409 4296; x_wconf 86' lang='lat' dir='ltr'><strong>talem,</strong></span> <span class='ocrx_word' id='word_1_730' title='bbox 1422 4234 1455 4284; x_wconf 94' lang='lat' dir='ltr'><strong>ut</strong></span> <span class='ocrx_word' id='word_1_731' title='bbox 1466 4228 1551 4283; x_wconf 87' lang='lat' dir='ltr'><strong>etiam</strong></span> <span class='ocrx_word' id='word_1_732' title='bbox 1564 4225 1692 4296; x_wconf 89' lang='lat' dir='ltr'><strong>plenaria</strong></span> <span class='ocrx_word' id='word_1_733' title='bbox 1704 4237 1768 4280; x_wconf 91' lang='lat' dir='ltr'><strong>con·</strong></span> 
     </span>
     <span class='ocr_line' id='line_1_93' title="bbox 66 4295 1767 4369; baseline -0.003 -16"><span class='ocrx_word' id='word_1_734' title='bbox 66 4297 279 4369; x_wconf 76' lang='lat' dir='ltr'><strong>respiciebtn13</strong></span> <span class='ocrx_word' id='word_1_735' title='bbox 295 4311 360 4353; x_wconf 92' lang='lat' dir='ltr'><strong>cum</strong></span> <span class='ocrx_word' id='word_1_736' title='bbox 385 4311 467 4352; x_wconf 93' lang='lat' dir='ltr'><strong>nemo</strong></span> <span class='ocrx_word' id='word_1_737' title='bbox 484 4310 517 4351; x_wconf 83' lang='lat' dir='ltr'><strong>ex</strong></span> <span class='ocrx_word' id='word_1_738' title='bbox 530 4295 731 4352; x_wconf 87' lang='lat' dir='ltr'><strong>decessoribus</strong></span> <span class='ocrx_word' id='word_1_739' title='bbox 752 4295 888 4366; x_wconf 85' lang='lat' dir='ltr'><strong>Stephani</strong></span> <span class='ocrx_word' id='word_1_740' title='bbox 945 4301 1015 4356; x_wconf 89' lang='lat' dir='ltr'><strong>cilia</strong></span> <span class='ocrx_word' id='word_1_741' title='bbox 1036 4300 1071 4355; x_wconf 92' lang='lat' dir='ltr'><strong>de</strong></span> <span class='ocrx_word' id='word_1_742' title='bbox 1101 4299 1184 4354; x_wconf 92' lang='lat' dir='ltr'><strong>illius</strong></span> <span class='ocrx_word' id='word_1_743' title='bbox 1208 4301 1413 4369; x_wconf 89' lang='lat' dir='ltr'><strong>perspicuitate</strong></span> <span class='ocrx_word' id='word_1_744' title='bbox 1436 4312 1467 4354; x_wconf 94' lang='lat' dir='ltr'><strong>se</strong></span> <span class='ocrx_word' id='word_1_745' title='bbox 1481 4299 1625 4369; x_wconf 90' lang='lat' dir='ltr'><strong>corrigere</strong></span> <span class='ocrx_word' id='word_1_746' title='bbox 1648 4295 1767 4351; x_wconf 91' lang='lat' dir='ltr'><strong>invicem</strong></span> 
     </span>
     <span class='ocr_line' id='line_1_94' title="bbox 64 4365 1769 4452; baseline -0.005 -25"><span class='ocrx_word' id='word_1_747' title='bbox 64 4370 276 4452; x_wconf 78' lang='lat' dir='ltr'><strong>arcendosesse</strong></span> <span class='ocrx_word' id='word_1_748' title='bbox 285 4369 500 4438; x_wconf 78' lang='lat' dir='ltr'><strong>judicasseteos</strong></span> <span class='ocrx_word' id='word_1_749' title='bbox 512 4370 562 4438; x_wconf 91' lang='lat' dir='ltr'><strong>qui</strong></span> <span class='ocrx_word' id='word_1_750' title='bbox 574 4368 684 4450; x_wconf 85' lang='lat' dir='ltr'><strong>similia</strong></span> <span class='ocrx_word' id='word_1_751' title='bbox 698 4368 832 4449; x_wconf 78' lang='lat' dir='ltr'><strong>instituta</strong></span> <span class='ocrx_word' id='word_1_752' title='bbox 850 4381 890 4423; x_wconf 91' lang='lat' dir='ltr'><strong>se·</strong></span> <span class='ocrx_word' id='word_1_753' title='bbox 948 4377 1073 4441; x_wconf 92' lang='lat' dir='ltr'><strong>possent,</strong></span> <span class='ocrx_word' id='word_1_754' title='bbox 1088 4371 1166 4426; x_wconf 88' lang='lat' dir='ltr'><strong>aitS.</strong></span> <span class='ocrx_word' id='word_1_755' title='bbox 1183 4371 1291 4428; x_wconf 91' lang='lat' dir='ltr'><strong>doctor.</strong></span> <span class='ocrx_word' id='word_1_756' title='bbox 1306 4371 1385 4426; x_wconf 87' lang='lat' dir='ltr'><strong>Talis</strong></span> <span class='ocrx_word' id='word_1_757' title='bbox 1398 4370 1472 4426; x_wconf 89' lang='lat' dir='ltr'><strong>enim</strong></span> <span class='ocrx_word' id='word_1_758' title='bbox 1488 4377 1596 4425; x_wconf 88' lang='lat' dir='ltr'><strong>nature</strong></span> <span class='ocrx_word' id='word_1_759' title='bbox 1610 4365 1769 4422; x_wconf 88' lang='lat' dir='ltr'><strong>habebatur</strong></span> 
     </span>
     <span class='ocr_line' id='line_1_95' title="bbox 65 4438 1767 4521; baseline -0.011 -13"><span class='ocrx_word' id='word_1_760' title='bbox 65 4456 119 4514; x_wconf 72' lang='lat'>(1¹1¹</span> <span class='ocrx_word' id='word_1_761' title='bbox 140 4447 328 4521; x_wconf 81' lang='lat' dir='ltr'><strong>recusassent.</strong></span> <span class='ocrx_word' id='word_1_762' title='bbox 344 4440 529 4495; x_wconf 68' lang='lat' dir='ltr'><strong>“Secundum</strong></span> <span class='ocrx_word' id='word_1_763' title='bbox 544 4440 619 4509; x_wconf 76' lang='lat' dir='ltr'><strong>quod</strong></span> <span class='ocrx_word' id='word_1_764' title='bbox 637 4452 667 4493; x_wconf 79' lang='lat' dir='ltr'><strong>tlt</strong></span> <span class='ocrx_word' id='word_1_765' title='bbox 682 4445 793 4494; x_wconf 71' lang='lat' dir='ltr'><strong>caelerts</strong></span> <span class='ocrx_word' id='word_1_766' title='bbox 814 4453 889 4508; x_wconf 81' lang='lat' dir='ltr'><strong>quo·</strong></span> <span class='ocrx_word' id='word_1_767' title='bbox 947 4448 980 4499; x_wconf 93' lang='lat' dir='ltr'><strong>ut</strong></span> <span class='ocrx_word' id='word_1_768' title='bbox 993 4441 1382 4513; x_wconf 82' lang='lat' dir='ltr'><strong>planedelinirinequaquam</strong></span> <span class='ocrx_word' id='word_1_769' title='bbox 1398 4441 1506 4496; x_wconf 91' lang='lat' dir='ltr'><strong>valeret</strong></span> <span class='ocrx_word' id='word_1_770' title='bbox 1522 4442 1550 4495; x_wconf 95' lang='lat' dir='ltr'><strong>in</strong></span> <span class='ocrx_word' id='word_1_771' title='bbox 1564 4438 1692 4508; x_wconf 90' lang='lat' dir='ltr'><strong>plenario</strong></span> <span class='ocrx_word' id='word_1_772' title='bbox 1703 4447 1767 4491; x_wconf 92' lang='lat' dir='ltr'><strong>con·</strong></span> 
     </span>
     <span class='ocr_line' id='line_1_96' title="bbox 67 4504 1768 4594; baseline -0.005 -26"><span class='ocrx_word' id='word_1_773' title='bbox 67 4526 125 4584; x_wconf 92' lang='lat' dir='ltr'><strong>que</strong></span> <span class='ocrx_word' id='word_1_774' title='bbox 140 4510 276 4594; x_wconf 82' lang='lat' dir='ltr'><strong>plurumis</strong></span> <span class='ocrx_word' id='word_1_775' title='bbox 292 4511 448 4592; x_wconf 84' lang='lat' dir='ltr'><strong>provinciis</strong></span> <span class='ocrx_word' id='word_1_776' title='bbox 461 4510 550 4565; x_wconf 90' lang='lat' dir='ltr'><strong>multa</strong></span> <span class='ocrx_word' id='word_1_777' title='bbox 565 4524 615 4580; x_wconf 93' lang='lat' dir='ltr'><strong>pro</strong></span> <span class='ocrx_word' id='word_1_778' title='bbox 630 4509 792 4565; x_wconf 90' lang='lat' dir='ltr'><strong>locorumet</strong></span> <span class='ocrx_word' id='word_1_779' title='bbox 803 4508 889 4564; x_wconf 88' lang='lat' dir='ltr'><strong>bomi·</strong></span> <span class='ocrx_word' id='word_1_780' title='bbox 903 4515 931 4577; x_wconf 87' lang='grc' dir='ltr'><strong>Ι)</strong></span> <span class='ocrx_word' id='word_1_781' title='bbox 946 4514 1016 4569; x_wconf 90' lang='lat' dir='ltr'><strong>cilio</strong></span> <span class='ocrx_word' id='word_1_782' title='bbox 1030 4519 1181 4584; x_wconf 87' lang='lat' dir='ltr'><strong>antequam</strong></span> <span class='ocrx_word' id='word_1_783' title='bbox 1195 4514 1324 4569; x_wconf 89' lang='lat' dir='ltr'><strong>discussa</strong></span> <span class='ocrx_word' id='word_1_784' title='bbox 1340 4510 1474 4568; x_wconf 82' lang='lat' dir='ltr'><strong>funditus</strong></span> <span class='ocrx_word' id='word_1_785' title='bbox 1486 4519 1513 4566; x_wconf 89' lang='lat' dir='ltr'><strong>et</strong></span> <span class='ocrx_word' id='word_1_786' title='bbox 1527 4508 1679 4565; x_wconf 82' lang='lat' dir='ltr'><strong>eventilata</strong></span> <span class='ocrx_word' id='word_1_787' title='bbox 1694 4504 1768 4561; x_wconf 83' lang='lat' dir='ltr'><strong>foret</strong></span> 
     </span>
     <span class='ocr_line' id='line_1_97' title="bbox 65 4579 1766 4654; baseline -0.006 -14"><span class='ocrx_word' id='word_1_788' title='bbox 65 4596 138 4640; x_wconf 91' lang='lat' dir='ltr'><strong>num</strong></span> <span class='ocrx_word' id='word_1_789' title='bbox 153 4582 321 4638; x_wconf 80' lang='lat' dir='ltr'><strong>diversitate</strong></span> <span class='ocrx_word' id='word_1_790' title='bbox 335 4588 486 4637; x_wconf 82' lang='lat' dir='ltr'><strong>variantur</strong></span> <span class='ocrx_word' id='word_1_791' title='bbox 504 4599 511 4648; x_wconf 77' lang='lat'>3</span> <span class='ocrx_word' id='word_1_792' title='bbox 528 4594 579 4636; x_wconf 92' lang='lat' dir='ltr'><strong>nec</strong></span> <span class='ocrx_word' id='word_1_793' title='bbox 592 4586 684 4636; x_wconf 90' lang='lat' dir='ltr'><strong>tamen</strong></span> <span class='ocrx_word' id='word_1_794' title='bbox 700 4588 815 4650; x_wconf 90' lang='lat' dir='ltr'><strong>propter</strong></span> <span class='ocrx_word' id='word_1_795' title='bbox 837 4581 891 4637; x_wconf 90' lang='lat' dir='ltr'><strong>boc</strong></span> <span class='ocrx_word' id='word_1_796' title='bbox 948 4587 976 4640; x_wconf 94' lang='lat' dir='ltr'><strong>in</strong></span> <span class='ocrx_word' id='word_1_797' title='bbox 989 4583 1417 4654; x_wconf 89' lang='lat' dir='ltr'><strong>pluribusdisputationibuset</strong></span> <span class='ocrx_word' id='word_1_798' title='bbox 1427 4580 1633 4637; x_wconf 89' lang='lat' dir='ltr'><strong>collationibus</strong></span> <span class='ocrx_word' id='word_1_799' title='bbox 1644 4579 1766 4645; x_wconf 88' lang='lat' dir='ltr'><strong>particu-</strong></span> 
     </span>
    </p>
   </div>
   <div class='ocr_carea' id='block_1_15' title="bbox 63 4652 893 5863">
    <p class='ocr_par' dir='ltr' id='par_1_20' title="bbox 63 4652 893 5579">
     <span class='ocr_line' id='line_1_98' title="bbox 63 4652 891 4723; baseline -0.004 -12"><span class='ocrx_word' id='word_1_800' title='bbox 63 4654 104 4711; x_wconf 88' lang='lat' dir='ltr'><strong>ab</strong></span> <span class='ocrx_word' id='word_1_801' title='bbox 116 4654 253 4710; x_wconf 78' lang='lat' dir='ltr'><strong>Ecclesiae</strong></span> <span class='ocrx_word' id='word_1_802' title='bbox 265 4653 414 4708; x_wconf 84' lang='lat' dir='ltr'><strong>catholice</strong></span> <span class='ocrx_word' id='word_1_803' title='bbox 427 4667 493 4722; x_wconf 90' lang='lat' dir='ltr'><strong>pace</strong></span> <span class='ocrx_word' id='word_1_804' title='bbox 509 4658 596 4723; x_wconf 89' lang='lat' dir='ltr'><strong>atque</strong></span> <span class='ocrx_word' id='word_1_805' title='bbox 609 4654 719 4708; x_wconf 89' lang='lat' dir='ltr'><strong>unitate</strong></span> <span class='ocrx_word' id='word_1_806' title='bbox 733 4652 891 4722; x_wconf 86' lang='lat' dir='ltr'><strong>aliquando</strong></span> 
     </span>
     <span class='ocr_line' id='line_1_99' title="bbox 64 4722 890 4792; baseline -0.006 -10"><span class='ocrx_word' id='word_1_807' title='bbox 64 4726 227 4783; x_wconf 92' lang='lat' dir='ltr'><strong>discessum</strong></span> <span class='ocrx_word' id='word_1_808' title='bbox 241 4731 294 4780; x_wconf 91' lang='lat' dir='ltr'><strong>est.</strong></span> <span class='ocrx_word' id='word_1_809' title='bbox 310 4723 484 4792; x_wconf 86' lang='lat' dir='ltr'><strong>Quodnunc</strong></span> <span class='ocrx_word' id='word_1_810' title='bbox 500 4724 663 4792; x_wconf 81' lang='lat' dir='ltr'><strong>Stephanus</strong></span> <span class='ocrx_word' id='word_1_811' title='bbox 678 4735 768 4777; x_wconf 92' lang='lat' dir='ltr'><strong>ausus</strong></span> <span class='ocrx_word' id='word_1_812' title='bbox 783 4730 826 4778; x_wconf 91' lang='lat' dir='ltr'><strong>est</strong></span> <span class='ocrx_word' id='word_1_813' title='bbox 845 4722 890 4778; x_wconf 89' lang='lat' dir='ltr'><strong>ia-</strong></span> 
     </span>
     <span class='ocr_line' id='line_1_100' title="bbox 66 4796 892 4865; baseline -0.006 -11"><span class='ocrx_word' id='word_1_814' title='bbox 66 4810 143 4865; x_wconf 90' lang='lat' dir='ltr'><strong>cere,</strong></span> <span class='ocrx_word' id='word_1_815' title='bbox 160 4809 296 4865; x_wconf 89' lang='lat' dir='ltr'><strong>rumpens</strong></span> <span class='ocrx_word' id='word_1_816' title='bbox 318 4796 455 4851; x_wconf 90' lang='lat' dir='ltr'><strong>adversus</strong></span> <span class='ocrx_word' id='word_1_817' title='bbox 480 4808 528 4850; x_wconf 89' lang='lat' dir='ltr'><strong>vos</strong></span> <span class='ocrx_word' id='word_1_818' title='bbox 545 4806 650 4864; x_wconf 88' lang='lat' dir='ltr'><strong>pacem,</strong></span> <span class='ocrx_word' id='word_1_819' title='bbox 671 4806 755 4862; x_wconf 90' lang='lat' dir='ltr'><strong>quam</strong></span> <span class='ocrx_word' id='word_1_820' title='bbox 780 4806 892 4862; x_wconf 92' lang='lat' dir='ltr'><strong>semper</strong></span> 
     </span>
     <span class='ocr_line' id='line_1_101' title="bbox 65 4864 891 4936; baseline -0.005 -12"><span class='ocrx_word' id='word_1_821' title='bbox 65 4874 265 4924; x_wconf 89' lang='lat' dir='ltr'><strong>antecessores</strong></span> <span class='ocrx_word' id='word_1_822' title='bbox 278 4868 341 4936; x_wconf 91' lang='lat' dir='ltr'><strong>ey&#39;us</strong></span> <span class='ocrx_word' id='word_1_823' title='bbox 353 4867 501 4922; x_wconf 90' lang='lat' dir='ltr'><strong>vobiscum</strong></span> <span class='ocrx_word' id='word_1_824' title='bbox 517 4878 612 4920; x_wconf 91' lang='lat' dir='ltr'><strong>amore</strong></span> <span class='ocrx_word' id='word_1_825' title='bbox 624 4872 652 4919; x_wconf 89' lang='grc' dir='ltr'><strong>ει</strong></span> <span class='ocrx_word' id='word_1_826' title='bbox 668 4864 774 4919; x_wconf 91' lang='lat' dir='ltr'><strong>bonore</strong></span> <span class='ocrx_word' id='word_1_827' title='bbox 790 4875 891 4921; x_wconf 87' lang='lat' dir='ltr'><strong>mutuo</strong></span> 
     </span>
     <span class='ocr_line' id='line_1_102' title="bbox 65 4935 890 5009; baseline -0.004 -15"><span class='ocrx_word' id='word_1_828' title='bbox 65 4938 281 4996; x_wconf 88' lang='lat' dir='ltr'><strong>custodierunt.</strong></span> <span class='ocrx_word' id='word_1_829' title='bbox 298 4935 890 5009; x_wconf 69' lang='lat' dir='ltr'><strong>ulflpistolollirrniliuni,apudCyprianum</strong></span> 
     </span>
     <span class='ocr_line' id='line_1_103' title="bbox 64 5005 891 5080; baseline -0.004 -14"><span class='ocrx_word' id='word_1_830' title='bbox 64 5008 122 5080; x_wconf 80' lang='lat'><strong>75).</strong></span> <span class='ocrx_word' id='word_1_831' title='bbox 148 5009 254 5080; x_wconf 79' lang='lat' dir='ltr'><strong>synodi</strong></span> <span class='ocrx_word' id='word_1_832' title='bbox 275 5023 340 5065; x_wconf 91' lang='lat' dir='ltr'><strong>vero</strong></span> <span class='ocrx_word' id='word_1_833' title='bbox 364 5008 506 5064; x_wconf 81' lang='lat' dir='ltr'><strong>diricanae</strong></span> <span class='ocrx_word' id='word_1_834' title='bbox 521 5005 635 5063; x_wconf 84' lang='lat' dir='ltr'><strong>lucrant</strong></span> <span class='ocrx_word' id='word_1_835' title='bbox 650 5014 822 5078; x_wconf 84' lang='lat' dir='ltr'><strong>protestate,</strong></span> <span class='ocrx_word' id='word_1_836' title='bbox 838 5021 891 5063; x_wconf 92' lang='lat' dir='ltr'><strong>ne-</strong></span> 
     </span>
     <span class='ocr_line' id='line_1_104' title="bbox 65 5079 890 5152; baseline -0.004 -15"><span class='ocrx_word' id='word_1_837' title='bbox 65 5080 168 5137; x_wconf 88' lang='lat' dir='ltr'><strong>minia</strong></span> <span class='ocrx_word' id='word_1_838' title='bbox 181 5093 213 5135; x_wconf 91' lang='lat' dir='ltr'><strong>se</strong></span> <span class='ocrx_word' id='word_1_839' title='bbox 225 5080 313 5152; x_wconf 93' lang='lat' dir='ltr'><strong>legem</strong></span> <span class='ocrx_word' id='word_1_840' title='bbox 330 5081 406 5136; x_wconf 90' lang='lat' dir='ltr'><strong>dari:</strong></span> <span class='ocrx_word' id='word_1_841' title='bbox 421 5080 468 5136; x_wconf 89' lang='lat' dir='ltr'><strong>sed</strong></span> <span class='ocrx_word' id='word_1_842' title='bbox 484 5080 661 5149; x_wconf 62' lang='lat' dir='ltr'><strong>arbitrarigse</strong></span> <span class='ocrx_word' id='word_1_843' title='bbox 677 5079 818 5148; x_wconf 85' lang='lat' dir='ltr'><strong>integrum</strong></span> <span class='ocrx_word' id='word_1_844' title='bbox 832 5079 890 5134; x_wconf 90' lang='lat' dir='ltr'><strong>cui·</strong></span> 
     </span>
     <span class='ocr_line' id='line_1_105' title="bbox 66 5150 889 5224; baseline -0.004 -15"><span class='ocrx_word' id='word_1_845' title='bbox 66 5167 124 5224; x_wconf 91' lang='lat' dir='ltr'><strong>que</strong></span> <span class='ocrx_word' id='word_1_846' title='bbox 143 5150 215 5218; x_wconf 84' lang='lat' dir='ltr'><strong>lore,</strong></span> <span class='ocrx_word' id='word_1_847' title='bbox 227 5153 307 5206; x_wconf 91' lang='lat' dir='ltr'><strong>salva</strong></span> <span class='ocrx_word' id='word_1_848' title='bbox 322 5166 387 5207; x_wconf 90' lang='lat' dir='ltr'><strong>cum</strong></span> <span class='ocrx_word' id='word_1_849' title='bbox 400 5152 510 5208; x_wconf 86' lang='lat' dir='ltr'><strong>ceteris</strong></span> <span class='ocrx_word' id='word_1_850' title='bbox 522 5165 599 5221; x_wconf 87' lang='lat' dir='ltr'><strong>pace,</strong></span> <span class='ocrx_word' id='word_1_851' title='bbox 611 5151 693 5221; x_wconf 90' lang='lat' dir='ltr'><strong>sequi</strong></span> <span class='ocrx_word' id='word_1_852' title='bbox 707 5152 889 5208; x_wconf 85' lang='lat' dir='ltr'><strong>consuetudi·</strong></span> 
     </span>
     <span class='ocr_line' id='line_1_106' title="bbox 65 5223 893 5294; baseline -0.006 -13"><span class='ocrx_word' id='word_1_853' title='bbox 65 5238 131 5281; x_wconf 85' lang='lat' dir='ltr'><strong>item</strong></span> <span class='ocrx_word' id='word_1_854' title='bbox 145 5224 301 5294; x_wconf 87' lang='lat' dir='ltr'><strong>propriam.</strong></span> <span class='ocrx_word' id='word_1_855' title='bbox 319 5223 376 5289; x_wconf 81' lang='lat' dir='ltr'><strong>Quo</strong></span> <span class='ocrx_word' id='word_1_856' title='bbox 390 5225 419 5277; x_wconf 88' lang='lat' dir='ltr'><strong>in</strong></span> <span class='ocrx_word' id='word_1_857' title='bbox 438 5240 467 5278; x_wconf 88' lang='lat' dir='ltr'><strong>rc</strong></span> <span class='ocrx_word' id='word_1_858' title='bbox 481 5240 527 5278; x_wconf 80' lang='lat' dir='ltr'><strong>nec</strong></span> <span class='ocrx_word' id='word_1_859' title='bbox 542 5238 590 5276; x_wconf 87' lang='lat' dir='ltr'><strong>nos</strong></span> <span class='ocrx_word' id='word_1_860' title='bbox 602 5224 730 5291; x_wconf 84' lang='lat' dir='ltr'><strong>cuiquam</strong></span> <span class='ocrx_word' id='word_1_861' title='bbox 741 5225 795 5277; x_wconf 82' lang='lat' dir='ltr'><strong>airu</strong></span> <span class='ocrx_word' id='word_1_862' title='bbox 816 5226 893 5291; x_wconf 76' lang='lat' dir='ltr'><strong>foci-</strong></span> 
     </span>
     <span class='ocr_line' id='line_1_107' title="bbox 63 5291 890 5365; baseline -0.005 -14"><span class='ocrx_word' id='word_1_863' title='bbox 63 5311 127 5351; x_wconf 84' lang='lat' dir='ltr'><strong>mos</strong></span> <span class='ocrx_word' id='word_1_864' title='bbox 147 5300 197 5350; x_wconf 87' lang='lat' dir='ltr'><strong>nat</strong></span> <span class='ocrx_word' id='word_1_865' title='bbox 217 5296 301 5362; x_wconf 79' lang='lat' dir='ltr'><strong>legem</strong></span> <span class='ocrx_word' id='word_1_866' title='bbox 323 5296 420 5349; x_wconf 75' lang='lat' dir='ltr'><strong>darmcs</strong></span> <span class='ocrx_word' id='word_1_867' title='bbox 435 5294 520 5365; x_wconf 78' lang='lat' dir='ltr'><strong>(apud</strong></span> <span class='ocrx_word' id='word_1_868' title='bbox 541 5294 717 5363; x_wconf 86' lang='lat' dir='ltr'><strong>Cyprianum</strong></span> <span class='ocrx_word' id='word_1_869' title='bbox 740 5296 818 5361; x_wconf 82' lang='lat' dir='ltr'><strong>epist.</strong></span> <span class='ocrx_word' id='word_1_870' title='bbox 834 5291 890 5364; x_wconf 70' lang='lat' dir='ltr'><strong>ib).</strong></span> 
     </span>
     <span class='ocr_line' id='line_1_108' title="bbox 64 5366 889 5437; baseline -0.006 -12"><span class='ocrx_word' id='word_1_871' title='bbox 64 5367 214 5425; x_wconf 87' lang='lat' dir='ltr'><strong>Neminem</strong></span> <span class='ocrx_word' id='word_1_872' title='bbox 220 5367 476 5437; x_wconf 84' lang='lat' dir='ltr'><strong>judicantes,aula</strong></span> <span class='ocrx_word' id='word_1_873' title='bbox 485 5367 550 5434; x_wconf 86' lang='lat' dir='ltr'><strong>jure</strong></span> <span class='ocrx_word' id='word_1_874' title='bbox 560 5366 889 5434; x_wconf 82' lang='lat' dir='ltr'><strong>comrnunionisoliqucrn,</strong></span> 
     </span>
     <span class='ocr_line' id='line_1_109' title="bbox 65 5436 892 5579; baseline -0.007 -82"><span class='ocrx_word' id='word_1_875' title='bbox 65 5443 92 5498; x_wconf 87' lang='lat' dir='ltr'><strong>si</strong></span> <span class='ocrx_word' id='word_1_876' title='bbox 114 5439 260 5579; x_wconf 45' lang='lat' dir='ltr'><strong>citofacta)</strong></span> <span class='ocrx_word' id='word_1_877' title='bbox 280 5444 401 5503; x_wconf 79' lang='lat' dir='ltr'><strong>seraseaat,</strong></span> <span class='ocrx_word' id='word_1_878' title='bbox 424 5436 687 5505; x_wconf 66' lang='lat' dir='ltr'><strong>onroocntesiConc.</strong></span> <span class='ocrx_word' id='word_1_879' title='bbox 715 5437 840 5508; x_wconf 72' lang='lat' dir='ltr'><strong>cartag,</strong></span> <span class='ocrx_word' id='word_1_880' title='bbox 859 5437 892 5491; x_wconf 89' lang='lat' dir='ltr'><strong>cle</strong></span> 
     </span>
     <span class='ocr_line' id='line_1_110' title="bbox 65 5514 248 5570; baseline -0.033 -1"><span class='ocrx_word' id='word_1_881' title='bbox 65 5515 105 5570; x_wconf 84' lang='lat' dir='ltr'><strong>Ea</strong></span> <span class='ocrx_word' id='word_1_882' title='bbox 127 5515 148 5565; x_wconf 88' lang='lat' dir='ltr'><strong>t.</strong></span> <span class='ocrx_word' id='word_1_883' title='bbox 184 5514 248 5564; x_wconf 80' lang='lat' dir='ltr'><strong>eret</strong></span> 
     </span>
    </p>

    <p class='ocr_par' dir='ltr' id='par_1_21' title="bbox 63 5528 893 5863">
     <span class='ocr_line' id='line_1_111' title="bbox 98 5528 891 5650; baseline -0.006 -13"><span class='ocrx_word' id='word_1_884' title='bbox 98 5528 245 5637; x_wconf 65' lang='lat' dir='ltr'><strong>liramerito</strong></span> <span class='ocrx_word' id='word_1_885' title='bbox 257 5577 532 5650; x_wconf 88' lang='lat' dir='ltr'><strong>igiturtransiorunt</strong></span> <span class='ocrx_word' id='word_1_886' title='bbox 546 5577 657 5631; x_wconf 86' lang='lat' dir='ltr'><strong>inimici</strong></span> <span class='ocrx_word' id='word_1_887' title='bbox 669 5577 801 5631; x_wconf 84' lang='lat' dir='ltr'><strong>Romane</strong></span> <span class='ocrx_word' id='word_1_888' title='bbox 814 5578 891 5633; x_wconf 92' lang='lat' dir='ltr'><strong>sedis</strong></span> 
     </span>
     <span class='ocr_line' id='line_1_112' title="bbox 64 5647 892 5719; baseline -0.008 -10"><span class='ocrx_word' id='word_1_889' title='bbox 64 5647 892 5719; x_wconf 81' lang='lat' dir='ltr'><strong>vetustamhancdisprnauonemadconciliandamaucto·</strong></span> 
     </span>
     <span class='ocr_line' id='line_1_113' title="bbox 66 5717 892 5791; baseline -0.004 -14"><span class='ocrx_word' id='word_1_890' title='bbox 66 5726 183 5781; x_wconf 88' lang='lat' dir='ltr'><strong>ritatem</strong></span> <span class='ocrx_word' id='word_1_891' title='bbox 196 5723 279 5778; x_wconf 90' lang='lat' dir='ltr'><strong>novis</strong></span> <span class='ocrx_word' id='word_1_892' title='bbox 291 5721 432 5788; x_wconf 89' lang='lat' dir='ltr'><strong>dissidiis,</strong></span> <span class='ocrx_word' id='word_1_893' title='bbox 450 5721 558 5791; x_wconf 88' lang='lat' dir='ltr'><strong>quibus</strong></span> <span class='ocrx_word' id='word_1_894' title='bbox 582 5719 638 5789; x_wconf 91' lang='lat' dir='ltr'><strong>ipsi</strong></span> <span class='ocrx_word' id='word_1_895' title='bbox 656 5717 773 5774; x_wconf 91' lang='lat' dir='ltr'><strong>turbant</strong></span> <span class='ocrx_word' id='word_1_896' title='bbox 791 5719 892 5774; x_wconf 86' lang='lat' dir='ltr'><strong>Eccle·</strong></span> 
     </span>
     <span class='ocr_line' id='line_1_114' title="bbox 63 5788 893 5863; baseline -0.004 -12"><span class='ocrx_word' id='word_1_897' title='bbox 63 5798 152 5853; x_wconf 86' lang='lat' dir='ltr'><strong>siam.</strong></span> <span class='ocrx_word' id='word_1_898' title='bbox 166 5795 266 5851; x_wconf 91' lang='lat' dir='ltr'><strong>Nonne</strong></span> <span class='ocrx_word' id='word_1_899' title='bbox 276 5792 607 5863; x_wconf 82' lang='lat' dir='ltr'><strong>comprobaviterentus,</strong></span> <span class='ocrx_word' id='word_1_900' title='bbox 618 5789 793 5862; x_wconf 88' lang='lat' dir='ltr'><strong>propositam</strong></span> <span class='ocrx_word' id='word_1_901' title='bbox 802 5788 893 5850; x_wconf 89' lang='lat' dir='ltr'><strong>luisse</strong></span> 
     </span>
    </p>
   </div>
   <div class='ocr_carea' id='block_1_16' title="bbox 946 4647 1768 4852">
    <p class='ocr_par' dir='ltr' id='par_1_22' title="bbox 946 4647 1768 4852">
     <span class='ocr_line' id='line_1_115' title="bbox 946 4647 1768 4724; baseline -0.013 -13"><span class='ocrx_word' id='word_1_902' title='bbox 946 4654 1059 4711; x_wconf 86' lang='lat' dir='ltr'><strong>laribus</strong></span> <span class='ocrx_word' id='word_1_903' title='bbox 1085 4655 1299 4724; x_wconf 90' lang='lat' dir='ltr'><strong>episcoporum.</strong></span> <span class='ocrx_word' id='word_1_904' title='bbox 1316 4673 1329 4703; x_wconf 78' lang='lat' dir='ltr'><strong>o</strong></span> <span class='ocrx_word' id='word_1_905' title='bbox 1345 4653 1492 4722; x_wconf 86' lang='lat' dir='ltr'><strong>Quomodo</strong></span> <span class='ocrx_word' id='word_1_906' title='bbox 1507 4653 1594 4712; x_wconf 83' lang='lat' dir='ltr'><strong>enim,</strong></span> <span class='ocrx_word' id='word_1_907' title='bbox 1609 4650 1660 4718; x_wconf 90' lang='lat' dir='ltr'><strong>ait,</strong></span> <span class='ocrx_word' id='word_1_908' title='bbox 1673 4647 1768 4717; x_wconf 92' lang='lat' dir='ltr'><strong>potuit</strong></span> 
     </span>
     <span class='ocr_line' id='line_1_116' title="bbox 948 4720 1766 4788; baseline -0.01 -7"><span class='ocrx_word' id='word_1_909' title='bbox 948 4728 1001 4782; x_wconf 87' lang='lat' dir='ltr'><strong>ista</strong></span> <span class='ocrx_word' id='word_1_910' title='bbox 1012 4740 1055 4781; x_wconf 90' lang='lat' dir='ltr'><strong>res</strong></span> <span class='ocrx_word' id='word_1_911' title='bbox 1064 4725 1385 4780; x_wconf 87' lang='lat' dir='ltr'><strong>tantisaltercationum</strong></span> <span class='ocrx_word' id='word_1_912' title='bbox 1396 4722 1512 4779; x_wconf 87' lang='lat' dir='ltr'><strong>nebulis</strong></span> <span class='ocrx_word' id='word_1_913' title='bbox 1524 4722 1653 4779; x_wconf 86' lang='lat' dir='ltr'><strong>involuta</strong></span> <span class='ocrx_word' id='word_1_914' title='bbox 1665 4720 1700 4775; x_wconf 90' lang='lat' dir='ltr'><strong>ad</strong></span> <span class='ocrx_word' id='word_1_915' title='bbox 1713 4720 1766 4788; x_wconf 86' lang='lat' dir='ltr'><strong>ple</strong></span> 
     </span>
     <span class='ocr_line' id='line_1_117' title="bbox 947 4790 1767 4852; baseline -0.01 -1"><span class='ocrx_word' id='word_1_916' title='bbox 947 4797 1022 4852; x_wconf 90' lang='lat' dir='ltr'><strong>narii</strong></span> <span class='ocrx_word' id='word_1_917' title='bbox 1036 4795 1155 4851; x_wconf 90' lang='lat' dir='ltr'><strong>concilii</strong></span> <span class='ocrx_word' id='word_1_918' title='bbox 1171 4794 1346 4852; x_wconf 88' lang='lat' dir='ltr'><strong>luculentam</strong></span> <span class='ocrx_word' id='word_1_919' title='bbox 1367 4793 1589 4850; x_wconf 89' lang='lat' dir='ltr'><strong>illustrationem</strong></span> <span class='ocrx_word' id='word_1_920' title='bbox 1611 4790 1767 4848; x_wconf 86' lang='lat' dir='ltr'><strong>confirma-</strong></span> 
     </span>
    </p>
   </div>
   <div class='ocr_carea' id='block_1_17' title="bbox 946 4863 1873 4937">
    <p class='ocr_par' dir='ltr' id='par_1_23' title="bbox 946 4863 1873 4937">
     <span class='ocr_line' id='line_1_118' title="bbox 946 4863 1873 4937; baseline -0.004 -15"><span class='ocrx_word' id='word_1_921' title='bbox 946 4869 1111 4937; x_wconf 90' lang='lat' dir='ltr'><strong>tionemque</strong></span> <span class='ocrx_word' id='word_1_922' title='bbox 1123 4866 1252 4936; x_wconf 92' lang='lat' dir='ltr'><strong>perduci,</strong></span> <span class='ocrx_word' id='word_1_923' title='bbox 1265 4866 1322 4921; x_wconf 93' lang='lat' dir='ltr'><strong>nisi</strong></span> <span class='ocrx_word' id='word_1_924' title='bbox 1336 4866 1428 4935; x_wconf 90' lang='lat' dir='ltr'><strong>primo</strong></span> <span class='ocrx_word' id='word_1_925' title='bbox 1438 4865 1553 4921; x_wconf 90' lang='lat' dir='ltr'><strong>diutius</strong></span> <span class='ocrx_word' id='word_1_926' title='bbox 1563 4863 1767 4935; x_wconf 86' lang='lat' dir='ltr'><strong>perorbister-</strong></span> <span class='ocrx_word' id='word_1_927' title='bbox 1868 4907 1873 4918; x_wconf 94' lang='lat'>.</span> 
     </span>
    </p>
   </div>
   <div class='ocr_carea' id='block_1_18' title="bbox 943 4931 1769 5865">
    <p class='ocr_par' dir='ltr' id='par_1_24' title="bbox 943 4931 1769 5579">
     <span class='ocr_line' id='line_1_119' title="bbox 947 4931 1768 5010; baseline -0.012 -15"><span class='ocrx_word' id='word_1_928' title='bbox 947 4937 1287 5010; x_wconf 87' lang='lat' dir='ltr'><strong>rarumregionesmultis</strong></span> <span class='ocrx_word' id='word_1_929' title='bbox 1302 4935 1509 5007; x_wconf 88' lang='lat' dir='ltr'><strong>bicatqueillic</strong></span> <span class='ocrx_word' id='word_1_930' title='bbox 1519 4931 1768 5006; x_wconf 88' lang='lat' dir='ltr'><strong>disputationibus</strong></span> 
     </span>
     <span class='ocr_line' id='line_1_120' title="bbox 946 5002 1765 5078; baseline -0.018 -12"><span class='ocrx_word' id='word_1_931' title='bbox 946 5009 1390 5078; x_wconf 89' lang='lat' dir='ltr'><strong>eloollationlbusepiscoporum</strong></span> <span class='ocrx_word' id='word_1_932' title='bbox 1401 5014 1573 5078; x_wconf 88' lang='lat' dir='ltr'><strong>pertractata</strong></span> <span class='ocrx_word' id='word_1_933' title='bbox 1583 5002 1765 5062; x_wconf 76' lang='lat' dir='ltr'><strong>constaret‘ir</strong></span> 
     </span>
     <span class='ocr_line' id='line_1_121' title="bbox 957 5073 1769 5150; baseline -0.011 -14"><span class='ocrx_word' id='word_1_934' title='bbox 957 5083 1038 5142; x_wconf 78' lang='lat' dir='ltr'><strong>ibid,</strong></span> <span class='ocrx_word' id='word_1_935' title='bbox 1061 5094 1122 5149; x_wconf 93' lang='lat' dir='ltr'><strong>cap.</strong></span> <span class='ocrx_word' id='word_1_936' title='bbox 1140 5077 1177 5149; x_wconf 77' lang='lat' dir='ltr'><strong>i.)</strong></span> <span class='ocrx_word' id='word_1_937' title='bbox 1196 5081 1226 5135; x_wconf 90' lang='lat' dir='ltr'><strong>id</strong></span> <span class='ocrx_word' id='word_1_938' title='bbox 1250 5079 1400 5150; x_wconf 88' lang='lat' dir='ltr'><strong>perspicue</strong></span> <span class='ocrx_word' id='word_1_939' title='bbox 1424 5077 1595 5145; x_wconf 79' lang='lat' dir='ltr'><strong>manifestat,</strong></span> <span class='ocrx_word' id='word_1_940' title='bbox 1626 5073 1769 5147; x_wconf 83' lang='lat' dir='ltr'><strong>generalis</strong></span> 
     </span>
     <span class='ocr_line' id='line_1_122' title="bbox 946 5145 1767 5223; baseline -0.012 -14"><span class='ocrx_word' id='word_1_941' title='bbox 946 5151 1061 5209; x_wconf 88' lang='lat' dir='ltr'><strong>concilii</strong></span> <span class='ocrx_word' id='word_1_942' title='bbox 1072 5151 1196 5220; x_wconf 89' lang='lat' dir='ltr'><strong>opemab</strong></span> <span class='ocrx_word' id='word_1_943' title='bbox 1208 5145 1767 5223; x_wconf 81' lang='lat' dir='ltr'><strong>Augustinoreqaisitamsupernegotio</strong></span> 
     </span>
     <span class='ocr_line' id='line_1_123' title="bbox 947 5220 1766 5293; baseline -0.011 -13"><span class='ocrx_word' id='word_1_944' title='bbox 947 5225 981 5280; x_wconf 94' lang='lat' dir='ltr'><strong>de</strong></span> <span class='ocrx_word' id='word_1_945' title='bbox 994 5237 1050 5293; x_wconf 92' lang='lat' dir='ltr'><strong>quo</strong></span> <span class='ocrx_word' id='word_1_946' title='bbox 1061 5224 1182 5278; x_wconf 85' lang='lat' dir='ltr'><strong>maxime</strong></span> <span class='ocrx_word' id='word_1_947' title='bbox 1193 5223 1384 5293; x_wconf 73' lang='lat' dir='ltr'><strong>querebatur,</strong></span> <span class='ocrx_word' id='word_1_948' title='bbox 1395 5222 1515 5289; x_wconf 89' lang='lat' dir='ltr'><strong>versari,</strong></span> <span class='ocrx_word' id='word_1_949' title='bbox 1527 5222 1609 5290; x_wconf 77' lang='lat' dir='ltr'><strong>iuxta</strong></span> <span class='ocrx_word' id='word_1_950' title='bbox 1623 5220 1685 5289; x_wconf 88' lang='lat' dir='ltr'><strong>ejus</strong></span> <span class='ocrx_word' id='word_1_951' title='bbox 1698 5230 1766 5272; x_wconf 92' lang='lat' dir='ltr'><strong>sen-</strong></span> 
     </span>
     <span class='ocr_line' id='line_1_124' title="bbox 947 5289 1768 5363; baseline -0.009 -12"><span class='ocrx_word' id='word_1_952' title='bbox 947 5308 1021 5363; x_wconf 91' lang='lat' dir='ltr'><strong>sum,</strong></span> <span class='ocrx_word' id='word_1_953' title='bbox 1037 5295 1065 5349; x_wconf 90' lang='lat' dir='ltr'><strong>in</strong></span> <span class='ocrx_word' id='word_1_954' title='bbox 1082 5294 1198 5350; x_wconf 90' lang='lat' dir='ltr'><strong>cardine</strong></span> <span class='ocrx_word' id='word_1_955' title='bbox 1212 5293 1374 5363; x_wconf 85' lang='lat' dir='ltr'><strong>discipline</strong></span> <span class='ocrx_word' id='word_1_956' title='bbox 1384 5294 1461 5348; x_wconf 91' lang='lat' dir='ltr'><strong>circa</strong></span> <span class='ocrx_word' id='word_1_957' title='bbox 1473 5293 1660 5349; x_wconf 81' lang='lat' dir='ltr'><strong>ceconomlam</strong></span> <span class='ocrx_word' id='word_1_958' title='bbox 1673 5289 1768 5345; x_wconf 89' lang='lat' dir='ltr'><strong>eccle-</strong></span> 
     </span>
     <span class='ocr_line' id='line_1_125' title="bbox 947 5361 1768 5435; baseline -0.006 -14"><span class='ocrx_word' id='word_1_959' title='bbox 947 5367 1104 5431; x_wconf 88' lang='lat' dir='ltr'><strong>siasticam,</strong></span> <span class='ocrx_word' id='word_1_960' title='bbox 1135 5365 1164 5420; x_wconf 88' lang='lat' dir='ltr'><strong>in</strong></span> <span class='ocrx_word' id='word_1_961' title='bbox 1183 5379 1239 5434; x_wconf 91' lang='lat' dir='ltr'><strong>qua</strong></span> <span class='ocrx_word' id='word_1_962' title='bbox 1265 5366 1394 5435; x_wconf 90' lang='lat' dir='ltr'><strong>plenaria</strong></span> <span class='ocrx_word' id='word_1_963' title='bbox 1417 5377 1532 5434; x_wconf 90' lang='lat' dir='ltr'><strong>quoqne</strong></span> <span class='ocrx_word' id='word_1_964' title='bbox 1548 5363 1671 5419; x_wconf 90' lang='lat' dir='ltr'><strong>concilia</strong></span> <span class='ocrx_word' id='word_1_965' title='bbox 1696 5361 1768 5416; x_wconf 91' lang='lat' dir='ltr'><strong>citra</strong></span> 
     </span>
     <span class='ocr_line' id='line_1_126' title="bbox 948 5432 1769 5503; baseline -0.009 -10"><span class='ocrx_word' id='word_1_966' title='bbox 948 5443 1075 5493; x_wconf 91' lang='lat' dir='ltr'><strong>mutuam</strong></span> <span class='ocrx_word' id='word_1_967' title='bbox 1090 5436 1237 5492; x_wconf 82' lang='lat' dir='ltr'><strong>lesionem</strong></span> <span class='ocrx_word' id='word_1_968' title='bbox 1252 5443 1303 5491; x_wconf 88' lang='lat' dir='ltr'><strong>aut</strong></span> <span class='ocrx_word' id='word_1_969' title='bbox 1315 5435 1528 5492; x_wconf 89' lang='lat' dir='ltr'><strong>subversionem</strong></span> <span class='ocrx_word' id='word_1_970' title='bbox 1540 5434 1652 5503; x_wconf 80' lang='lat' dir='ltr'><strong>jurium</strong></span> <span class='ocrx_word' id='word_1_971' title='bbox 1663 5432 1769 5488; x_wconf 87' lang='lat' dir='ltr'><strong>asserit</strong></span> 
     </span>
     <span class='ocr_line' id='line_1_127' title="bbox 943 5507 1410 5579; baseline -0.002 -18"><span class='ocrx_word' id='word_1_972' title='bbox 943 5512 1041 5579; x_wconf 83' lang='lat' dir='ltr'><strong>priore</strong></span> <span class='ocrx_word' id='word_1_973' title='bbox 1054 5507 1250 5577; x_wconf 81' lang='lat' dir='ltr'><strong>posterioribus</strong></span> <span class='ocrx_word' id='word_1_974' title='bbox 1262 5507 1410 5561; x_wconf 82' lang='lat' dir='ltr'><strong>emendari.</strong></span> 
     </span>
    </p>

    <p class='ocr_par' dir='ltr' id='par_1_25' title="bbox 947 5576 1769 5865">
     <span class='ocr_line' id='line_1_128' title="bbox 983 5576 1767 5645; baseline -0.003 -11"><span class='ocrx_word' id='word_1_975' title='bbox 983 5579 1011 5634; x_wconf 94' lang='lat' dir='ltr'><strong>ld</strong></span> <span class='ocrx_word' id='word_1_976' title='bbox 1030 5577 1212 5635; x_wconf 82' lang='lat' dir='ltr'><strong>manifestius</strong></span> <span class='ocrx_word' id='word_1_977' title='bbox 1228 5579 1383 5640; x_wconf 89' lang='lat' dir='ltr'><strong>evincitur,</strong></span> <span class='ocrx_word' id='word_1_978' title='bbox 1399 5579 1424 5634; x_wconf 92' lang='lat' dir='ltr'><strong>si</strong></span> <span class='ocrx_word' id='word_1_979' title='bbox 1445 5576 1586 5645; x_wconf 85' lang='lat' dir='ltr'><strong>objectum</strong></span> <span class='ocrx_word' id='word_1_980' title='bbox 1604 5576 1767 5632; x_wconf 90' lang='lat' dir='ltr'><strong>iutueamur</strong></span> 
     </span>
     <span class='ocr_line' id='line_1_129' title="bbox 949 5648 1767 5719; baseline -0.001 -14"><span class='ocrx_word' id='word_1_981' title='bbox 949 5651 976 5705; x_wconf 93' lang='lat' dir='ltr'><strong>in</strong></span> <span class='ocrx_word' id='word_1_982' title='bbox 993 5664 1026 5706; x_wconf 91' lang='lat' dir='ltr'><strong>co</strong></span> <span class='ocrx_word' id='word_1_983' title='bbox 1048 5656 1198 5719; x_wconf 89' lang='lat' dir='ltr'><strong>prospectu</strong></span> <span class='ocrx_word' id='word_1_984' title='bbox 1214 5663 1246 5704; x_wconf 90' lang='lat' dir='ltr'><strong>ac</strong></span> <span class='ocrx_word' id='word_1_985' title='bbox 1260 5649 1369 5705; x_wconf 91' lang='lat' dir='ltr'><strong>lumine</strong></span> <span class='ocrx_word' id='word_1_986' title='bbox 1383 5649 1411 5704; x_wconf 92' lang='lat' dir='ltr'><strong>in</strong></span> <span class='ocrx_word' id='word_1_987' title='bbox 1427 5662 1483 5718; x_wconf 91' lang='lat' dir='ltr'><strong>quo</strong></span> <span class='ocrx_word' id='word_1_988' title='bbox 1493 5648 1614 5704; x_wconf 88' lang='lat' dir='ltr'><strong>collocat</strong></span> <span class='ocrx_word' id='word_1_989' title='bbox 1625 5649 1767 5719; x_wconf 74' lang='lat' dir='ltr'><strong>augusti-</strong></span> 
     </span>
     <span class='ocr_line' id='line_1_130' title="bbox 949 5719 1766 5792; baseline -0.006 -17"><span class='ocrx_word' id='word_1_990' title='bbox 949 5735 1015 5787; x_wconf 94' lang='lat' dir='ltr'><strong>nus,</strong></span> <span class='ocrx_word' id='word_1_991' title='bbox 1028 5722 1312 5792; x_wconf 89' lang='lat' dir='ltr'><strong>cumqueaudiamus</strong></span> <span class='ocrx_word' id='word_1_992' title='bbox 1324 5734 1381 5775; x_wconf 92' lang='lat' dir='ltr'><strong>rem</strong></span> <span class='ocrx_word' id='word_1_993' title='bbox 1392 5719 1524 5776; x_wconf 88' lang='lat' dir='ltr'><strong>lundilus</strong></span> <span class='ocrx_word' id='word_1_994' title='bbox 1537 5727 1766 5789; x_wconf 87' lang='lat' dir='ltr'><strong>pertractantem.</strong></span> 
     </span>
     <span class='ocr_line' id='line_1_131' title="bbox 947 5792 1769 5865; baseline -0.002 -16"><span class='ocrx_word' id='word_1_995' title='bbox 947 5792 1038 5864; x_wconf 82' lang='lat' dir='ltr'><strong>Nibil,</strong></span> <span class='ocrx_word' id='word_1_996' title='bbox 1066 5792 1171 5865; x_wconf 86' lang='lat' dir='ltr'><strong>inquit,</strong></span> <span class='ocrx_word' id='word_1_997' title='bbox 1199 5792 1417 5863; x_wconf 87' lang='lat' dir='ltr'><strong>opponebantur</strong></span> <span class='ocrx_word' id='word_1_998' title='bbox 1442 5792 1470 5847; x_wconf 85' lang='lat' dir='ltr'><strong>S.</strong></span> <span class='ocrx_word' id='word_1_999' title='bbox 1498 5792 1638 5862; x_wconf 78' lang='lat' dir='ltr'><strong>cypriano</strong></span> <span class='ocrx_word' id='word_1_1000' title='bbox 1667 5799 1769 5861; x_wconf 85' lang='lat' dir='ltr'><strong>preter</strong></span> 
     </span>
    </p>
   </div>
   <div class='ocr_carea' id='block_1_19' title="bbox 0 0 1961 6132">
    <p class='ocr_par' dir='ltr' id='par_1_26' title="bbox 0 0 1961 6132">
     <span class='ocr_line' id='line_1_132' title="bbox 0 0 1961 6132; baseline 0 0"><span class='ocrx_word' id='word_1_1001' title='bbox 0 0 1961 6132; x_wconf 95' lang='lat' dir='ltr'><strong> </strong></span> 
     </span>
    </p>
   </div>
  </div>
 </body>
</html>
