3892 6136
115 205 185 266 ⁴395
722 199 901 257 nunsrnsu
920 197 1193 258 niumoniincanti
1753 197 1822 258 ⁴396

116 337 293 397 Christianis
312 335 386 393 init·
404 349 469 393 curn
485 333 565 391 nulla
578 333 613 390 ad
628 345 725 390 eorum
741 333 866 389 levamen
879 328 977 403 legeA
993 333 1097 406 Pagius
1120 332 1282 390 rationibus
1301 333 1386 390 toties
1400 330 1568 404 propositis,
1591 333 1683 402 atque
1697 328 1750 387 hic
1776 341 1824 385 re-

115 410 239 539 geriam,
254 422 345 480 neque
359 377 658 475 aloritesuperiorum
673 404 836 475 principum
847 403 940 458 inter·
996 404 1125 475 petendis
1153 410 1180 459 ει
1206 403 1390 461 cumulandis
1418 417 1492 460 nora
1517 403 1687 460 accessione
1718 399 1823 471 proha-

138 483 205 550 icto,
216 481 402 551 magistratus
416 477 471 534 suh
484 477 569 533 Decio
581 477 690 533 assueti
703 482 828 531 extrema
842 479 941 531 contra
995 478 1106 533 tionum
1130 482 1158 533 et
1177 475 1383 547 exemplorum.
1402 474 1541 532 Liberalis
1563 479 1608 531 est
1626 473 1823 530 vicariatuum

76 594 79 598 -
119 567 172 610 nos
196 551 341 622 supplicia
362 550 514 606 decernere
536 562 570 604 ex
593 547 705 619 legibus
728 545 939 602 Antoninorum
995 548 1099 618 Pagius
1111 548 1165 604 suh
1186 549 1266 604 Petro
1290 547 1432 617 apostolo,
1457 546 1506 602 cui
1524 545 1632 602 Linum
1651 544 1824 615 perplures

118 636 267 694 nunquam
282 621 417 688 sublatis,
431 624 587 691 potuerunt
600 626 628 674 et
641 618 760 674 Lucium
786 630 897 688 papam,
913 623 940 671 et
996 632 1086 675 annos
1105 619 1243 675 vicarium
1267 620 1395 691 assignat
1416 631 1492 675 anno
1518 615 1565 688 65,
1589 630 1674 673 num.
1703 612 1734 672 2.
1762 615 1824 670 Pri-

117 695 280 765 complures
304 700 442 763 martyres
457 691 540 746 morti
563 690 705 756 addicere,
731 694 829 757 utpote
853 687 940 744 semei
997 704 1041 746 mo
1055 691 1146 762 igitur
1162 690 1277 759 saeculo,
1304 703 1337 746 ac
1354 690 1408 747 suh
1428 691 1493 760 ipsc
1517 687 1723 759 apostolorum
1746 687 1826 757 prin-

117 767 237 824 delatos.
264 765 335 821 Vide
356 777 443 835 supra
459 763 488 818 in
502 761 579 817 notis
591 762 624 816 ad
651 760 743 816 vitam
757 760 866 816 Soteris
877 758 935 815 col.
994 761 1057 830 cipe
1081 762 1214 817 Romanae
1234 761 1311 818 sedis
1325 760 1477 819 fundatore
1490 760 1669 817 vicariorum
1694 770 1825 815 ususre·

120 834 291 895 tait-tais.
308 837 401 891 Roma
416 847 482 890 vero
495 833 633 888 severitas
648 833 738 901 major
752 830 941 901 exspectanda
994 839 1095 903 ceptus
1109 832 1172 889 iiiit.
1190 833 1340 889 Retentum
1360 831 1485 890 latentur
1499 845 1619 888 necesse
1635 836 1682 887 est
1699 831 1731 886 in
1743 829 1827 886 Occi·

118 915 180 967 erat
193 910 222 966 in
239 906 476 980 magistratibus3
490 917 554 960 rum
570 903 941 972 Valeriusllaximusprm-
995 904 1120 961 dentalis
1140 904 1353 974 patriarchatus
1376 906 1510 961 terminis
1535 917 1624 960 usum
1650 902 1825 959 vicariorum

120 981 212 1038 lectus
224 979 292 1035 Urhi
306 990 381 1035 anno
392 974 456 1046 252,
472 982 500 1031 et
512 981 684 1032 memoratus
700 975 730 1030 in
740 974 813 1030 actis
827 973 855 1029 S.
868 973 941 1029 Cor·
995 976 1080 1032 etiarn
1094 983 1197 1047 quarto
1207 976 1311 1032 seculo
1321 995 1328 1031 ι
1338 989 1403 1033 cum
1413 976 1600 1048 Augustinus
1612 987 1702 1030 usum
1714 986 1826 1029 suoex-

119 1052 190 1108 nelii
205 1064 292 1120 papa,
310 1049 362 1104 hoc
375 1061 451 1104 anno
464 1044 528 1118 253,
543 1060 600 1117 quo
612 1045 731 1102 Lucium
747 1046 873 1101 dicimus
887 1057 941 1099 ex·
995 1045 1284 1117 emplodemonsrrei;
1299 1048 1471 1118 quinetiam
1485 1046 1563 1104 ultra
1578 1045 1694 1102 limites
1708 1044 1826 1116 legitimi

119 1123 239 1191 sulasse,
265 1120 445 1177 ordinarium
492 1123 583 1174 ereret
605 1117 797 1186 consulatum,
819 1122 848 1172 ει
865 1127 941 1171 anno
995 1119 1241 1175 ususinEcclesia
1252 1120 1428 1189 hipponensi
1440 1118 1563 1175 abusum
1576 1114 1827 1187 obrepsisseiacto

120 1195 250 1266 proxime
264 1197 418 1249 consecuto
431 1136 490 1246 Ei?
509 1187 704 1270 prefecturam
725 1187 811 1243 Urbis
835 1188 939 1242 iterum
996 1201 1049 1245 suo
1061 1190 1192 1246 ostendat
1207 1190 1333 1261 eligendi
1347 1191 1498 1260 episcopos
1512 1189 1645 1246 vicarios
1655 1187 1827 1245 cumlutnri

117 1264 333 1322 administraret
347 1262 401 1317 suh
417 1262 535 1317 initium
549 1260 662 1330 imperil
679 1259 855 1314 avaleriano
869 1272 940 1313 sus·
993 1261 1186 1317 successione:
1199 1262 1273 1331 quod
1285 1261 1340 1317 sihi
1351 1262 1483 1334 contigit,
1493 1261 1564 1318 dum
1574 1259 1826 1332 adiutoreligerc·

119 1351 150 1394 ce
172 1338 205 1402 ti,
220 1349 277 1406 qno
292 1347 409 1389 censore
431 1330 582 1402 praelectus
605 1330 688 1386 Urhis
703 1328 939 1399 mendaciisque
994 1336 1042 1387 tur
1055 1344 1071 1386 a
1086 1332 1207 1397 Valerio,
1221 1333 1328 1389 etdum
1343 1333 1504 1402 adjutorem
1517 1333 1668 1389 asciscere
1682 1331 1828 1393 Eradiun,

118 1352 227 1478 collega
243 1407 272 1463 iii
284 1404 401 1474 capitali
416 1405 558 1486 sententia
577 1401 692 1458 ferenda
710 1407 810 1457 contra
830 1401 939 1457 corne·
993 1402 1829 1476 quodinpuhlicisEcclesiaetabulasreierrianotariisius·

117 1479 200 1544 lium,
214 1484 247 1534 ul
260 1478 347 1546 huius
363 1488 506 1546 passionis
516 1475 584 1529 hcta
599 1473 805 1528 demonstrant.
821 1473 939 1528 Frustra
993 1473 1829 1546 sitepistolath,quamsupraretuliinnotisadS.Cletum

119 1563 185 1607 vero
196 1548 372 1620 suggillatur
381 1551 509 1603 actorum
522 1545 633 1600 ddesex
645 1544 794 1613 apparenti
803 1544 940 1598 aiiachro
993 1553 1021 1603 et
1031 1547 1065 1602 ad
1073 1547 1243 1602 Eraristum.
1253 1549 1332 1601 liunc
1342 1553 1435 1602 tamen
1446 1547 1570 1602 abusum
1579 1546 1714 1618 eligendi
1725 1546 1829 1616 adiuta

119 1622 215 1678 nismo
229 1621 257 1674 in
269 1618 456 1675 describendo
465 1615 592 1673 Cornelii
609 1616 745 1685 martyria
759 1615 788 1669 ln
803 1614 876 1670 Urbe
889 1615 941 1668 llo
997 1620 1037 1675 ris
1049 1619 1160 1673 vivente
1170 1617 1304 1688 episcopo
1314 1632 1378 1674 cnm
1390 1618 1489 1675 lutura
1501 1618 1698 1674 successione
1712 1619 1830 1674 lionam

119 1706 177 1756 mar
190 1704 253 1747 cum
267 1704 300 1746 ex
314 1687 563 1746 observationibus
580 1686 820 1756 anteaproductis
831 1685 940 1741 dissol-
961 1688 1121 1756 BEcclesia
1132 1689 1261 1745 omnium
1275 1689 1420 1760 magistra,
1445 1703 1539 1760 neque
1553 1690 1585 1744 in
1607 1702 1641 1744 se
1650 1696 1773 1759 experta
1783 1696 1829 1756 ast

119 1770 223 1819 rantur
247 1762 370 1818 dissidia
394 1767 563 1830 temporum,
585 1764 614 1814 et
636 1757 842 1813 confirmentur
863 1761 941 1838 gesta
995 1774 1087 1830 neque
1108 1760 1138 1814 in
1153 1760 1416 1817 cateristolerarit.
1430 1761 1483 1817 Sed
1502 1774 1590 1817 usum
1603 1760 1775 1832 legitimum
1788 1762 1831 1817 vi-

120 1834 265 1906 passionis
288 1847 322 1889 ex
351 1831 531 1890 documentis
555 1844 573 1886 a
594 1828 797 1885 schelestratio
821 1828 941 1900 prolatis
995 1832 1209 1900 cariicitrajus
1232 1833 1608 1889 successionisassumcndi
1628 1846 1684 1902 pro
1704 1832 1830 1889 Ecclesia

120 1907 236 1962 dissert.
247 1903 265 1961 ι
275 1905 413 1975 antiquit.
427 1902 534 1958 Eccles.
545 1915 606 1970 cap.
620 1898 648 1967 6,
663 1913 741 1956 num.
752 1897 780 1956 7.
997 1904 1126 1961 utilitate
1140 1903 1176 1959 ad
1190 1903 1367 1973 pontificalia
1380 1904 1465 1960 etiam
1485 1917 1611 1961 munera
1625 1903 1766 1960 obeunda
1785 1905 1830 1960 ad-

153 1978 270 2034 Constat
290 1977 381 2047 igitur
396 1982 556 2044 temporum
575 1977 604 2028 et
620 1971 751 2028 historiar
778 1970 852 2028 ratio
876 1984 941 2027 cum

120 2049 248 2105 numeris
258 2048 452 2119 catalogorum
465 2045 685 2114 precipuorum,
697 2049 723 2099 et
739 2055 804 2100 cum
821 2043 943 2113 picturis

120 2120 250 2176 hacilicae
269 2120 296 2175 S.
313 2118 412 2187 Pauli3
427 2118 452 2173 si
463 2117 593 2173 dicamus
603 2115 777 2184 Stephanum
792 2113 943 2170 archidia-

120 2205 225 2249 conum
238 2190 319 2247 Lucii
334 2189 425 2246 luisse
439 2188 604 2246 ordinatum
622 2187 799 2256 episcopum,
821 2191 853 2241 ut
867 2186 945 2241 vices

121 2263 250 2331 eiusdem
268 2261 415 2332 suppleret
438 2260 568 2332 proxime
591 2257 726 2315 abeuntis
750 2257 780 2312 in
794 2257 943 2327 exsilium,

121 2334 279 2390 volusiano
291 2348 311 2388 ii
327 2339 355 2388 et
367 2333 490 2389 niaximo
504 2329 676 2387 consulibus
688 2328 846 2454 (catalogus
859 2327 946 2385 Lihe-

122 2407 225 2462 rianus
238 2406 422 2460 discriminum
436 2404 540 2459 vitiose
558 2400 719 2472 expressit),
734 2401 783 2456 die
820 2401 946 2456 ominica

122 2474 679 2543 Pentecostes23llaii,1‘uxtasummam
699 2472 811 2529 dierum
822 2471 946 2553 catalogi

122 2548 309 2620 Bergomatis,
324 2547 366 2601 vei
381 2545 429 2601 die
443 2544 628 2600 ascensionis
641 2543 796 2599 [lominica
816 2540 852 2598 PE
866 2543 945 2610 hlaii,

120 2620 204 2689 iuxta
227 2617 388 2687 catalogum
404 2616 511 2671 hiberii
536 2615 598 2670 dies
616 2612 647 2669 at
676 2618 881 2681 numerantem,
902 2612 946 2668 vel

123 2689 172 2745 die
187 2694 285 2743 octava
307 2686 493 2742 ascensionis
518 2692 547 2739 et
562 2690 627 2740 ante
641 2686 823 2741 Pentecosten
850 2685 945 2740 tertia.

120 2760 204 2829 iuxta
229 2764 347 2813 caeteros
360 2755 515 2825 catalogos,
531 2755 667 2823 Stephani
689 2754 947 2824 episcopatusdies

998 1976 1089 2043 misit,
1107 1975 1263 2045 presertim
1291 1980 1407 2058 urgente
1421 1977 1638 2046 persecutione,
1665 1989 1703 2031 ac
1719 1975 1831 2032 retinuit

997 2049 1083 2105 etiam
1098 2048 1128 2101 in
1148 2059 1216 2116 pace
1231 2046 1361 2102 Ecclesia
1374 2047 1558 2117 gravissimis
1571 2060 1609 2102 ex
1637 2048 1744 2103 causis
1756 2055 1831 2118 atque

999 2118 1163 2177 transmisit
1176 2118 1210 2173 ad
1226 2124 1379 2189 sequentes
1388 2125 1495 2186 aetates,
1518 2123 1552 2173 ut
1567 2119 1662 2175 etiarn
1680 2126 1780 2174 nostra
1792 2131 1830 2173 ax·

1000 2191 1138 2262 perimor.
1151 2189 1313 2245 Mirandum
1328 2188 1411 2258 plane
1423 2196 1465 2245 est
1475 2191 1598 2245 doctum
1610 2190 1712 2246 virum
1728 2190 1768 2245 ita
1779 2203 1830 2245 sno

999 2262 1147 2319 censuisse
1156 2260 1273 2316 vicariis
1285 2260 1426 2330 episcopis
1435 2274 1483 2330 per
1493 2261 1664 2316 secundum
1676 2274 1712 2317 ac
1723 2261 1829 2317 tertium

999 2332 1137 2391 sacculum
1147 2330 1265 2403 (quihus
1277 2336 1369 2387 tamen
1386 2337 1497 2387 constat
1511 2332 1729 2388 continuatum
1746 2346 1828 2397 usum,

1000 2407 1025 2462 si
1039 2406 1153 2474 epocha
1167 2404 1350 2472 episcopatus
1362 2402 1391 2457 in
1407 2402 1535 2474 singulis
1549 2409 1666 2459 attente
1679 2404 1830 2475 expendan-

1001 2475 1078 2546 turi:
1094 2489 1159 2531 cum
1176 2474 1327 2530 admittere
1341 2479 1459 2544 cogatur
1472 2473 1588 2530 christi
1610 2474 1736 2530 saeculis
1750 2476 1829 2544 primo

1001 2554 1029 2605 et
1039 2553 1152 2618 quarto,
1162 2559 1194 2600 ac
1207 2544 1531 2615 subsequentibushanc
1542 2546 1680 2602 camdem
1690 2552 1830 2602 consuetu·

1001 2620 1097 2676 dinem
1125 2617 1224 2672 vicarii
1240 2616 1366 2686 episcopi
1383 2617 1551 2671 assumendi
1572 2623 1666 2687 atque
1682 2616 1830 2672 adhibendi

1002 2691 1088 2746 etiam
1109 2689 1245 2743 intractu
1271 2686 1482 2755 patriarchatus
1510 2686 1603 2757 hujus
1630 2689 1767 2756 Romani,
1787 2701 1830 2742 scu

1002 2760 1205 2829 Occidentalis,
1219 2757 1268 2813 uhi
1290 2759 1445 2815 necessitas
1455 2763 1507 2815 aut
1522 2759 1700 2815 necessitati
1713 2759 1830 2828 proxima

123 2842 161 2885 xv
188 2829 380 2900 exprimentes
403 2839 491 2896 supra
514 2837 605 2881 anuos
629 2830 763 2895 quatuor,
788 2832 816 2880 et
838 2839 948 2883 menses

123 2900 197 2957 duos
1003 2827 1829 2900 utilitasitasuaderet.Addonunc,Pagiumlitterisheiti

1002 2902 1138 2973 Cypriani
1161 2902 1291 2957 adactum
1316 2913 1378 2957 esse
1400 2902 1435 2957 ad
1458 2900 1590 2957 vicarios
1610 2903 1768 2972 episcopos
1786 2901 1831 2957 ad-

161 2966 313 3037 hnnoEil,
329 2982 402 3025 coss.
418 2966 569 3024 valeriano
587 2966 718 3095 Augusto
732 2980 753 3023 ιι
768 2966 948 3037 etGailieno,
1005 2974 1159 3030 mittendos
1176 2973 1262 3028 tertio
1274 2971 1360 3027 etiam
1376 2972 1491 3040 seculo,
1508 2979 1537 3028 et
1551 2972 1608 3028 hac
1622 2974 1692 3043 ipsa
1703 2973 1831 3038 cornelii,

125 3045 233 3101 Lucius
248 3041 385 3112 martyrio
400 3045 554 3095 coronatur
567 3039 615 3094 die

127 3117 235 3173 tionem
249 3113 327 3170 sedis
337 3113 448 3194 (¹19le
460 3107 504 3192 35,
519 3111 602 3190 juxta
616 3109 731 3167 Librum
743 3110 948 3183 Pontilicalem,
1006 3123 1100 3173 tractu
1109 3115 1323 3170 Patriarchatus
1333 3112 1539 3183 Occidentalis,
1553 3116 1585 3171 in
1597 3130 1663 3186 quo
1677 3122 1787 3173 certum
1795 3122 1832 3171 cst

122 3186 282 3256 Stephanus
296 3198 330 3240 ex
344 3184 453 3238 vicario
464 3181 583 3263 eligitur
597 3195 750 3264 successor¹
761 3182 840 3238 Lucii
853 3190 881 3237 ct
899 3197 952 3239 ca·
1004 3187 1167 3244 Africanam
1184 3185 1337 3242 Ecclesiam
1357 3187 1511 3242 contineri.
1534 3186 1620 3242 Ultro
1637 3188 1720 3243 enim
1732 3199 1832 3258 cogno·

123 3258 252 3315 thedram
264 3257 418 3312 Romanam
433 3251 565 3308 ascendit
579 3253 787 3309 dieDominica
800 3254 950 3311 Passionis
1005 3260 1061 3315 scit
1071 3272 1134 3314 cum
1147 3257 1311 3312 Baronioad
1322 3270 1428 3312 annum
1443 3254 1508 3323 aad,
1523 3271 1606 3313 num.
1618 3255 1669 3324 36,
1681 3273 1766 3315 snum
1777 3269 1833 3312 reru

125 3328 143 3385 9
161 3328 281 3398 Aprilis,
297 3321 579 3404 utPascnaliauiesta
592 3330 749 3396 perageret,
764 3337 797 3380 eo
809 3338 885 3382 anno
901 3327 951 3382 in·
1003 3328 1067 3392 250,
1084 3342 1162 3384 num.
1181 3325 1224 3396 ti,
1240 3328 1401 3383 caldonium
1420 3337 1448 3384 et
1470 3328 1670 3384 herculanum
1693 3330 1833 3401 episcopos

125 3400 252 3456 cidcntia
272 3397 393 3453 indiam
412 3394 517 3464 aprilis
529 3392 574 3450 23.

160 3470 292 3525 Proximo
318 3465 470 3522 consulatu
495 3464 639 3520 Valeriani
663 3479 696 3520 ιιι
718 3473 747 3521 ct
767 3464 893 3522 Gallieni
915 3481 948 3535 ii,

662 3039 769 3106 Martii,
783 3041 850 3095 Post
864 3054 950 3096 vaca·
966 3049 990 3112 c
1005 3045 1098 3112 Lucii,
1117 3044 1253 3113 Stephani
1273 3048 1365 3113 atate,
1389 3045 1424 3100 de
1438 3057 1494 3112 qua
1514 3050 1561 3100 est
1582 3057 1696 3115 sermo,
1711 3045 1793 3100 etiam
1807 3044 1830 3098 iii

1004 3408 1032 3457 et
1042 3398 1165 3471 collegas
1176 3413 1245 3455 suos
1256 3412 1320 3454 cuin
1332 3399 1476 3455 Numidico
1487 3399 1676 3470 presbytero,
1690 3415 1772 3470 quem
1785 3414 1833 3455 nu·

373 3535 385 3551 υ
651 3536 657 3547 ⁸
715 3537 720 3548 ⁸
1006 3486 1055 3543 per
1077 3470 1154 3526 clero
1179 3469 1601 3540 Carthaginensiadjunxerat,
1638 3472 1832 3544 Carthaginem

124 3541 233 3597 Christi
260 3551 335 3620 anno
353 3535 416 3606 ass,
446 3536 608 3618 Stephanus
631 3539 949 3620 ricariumconstituit
1006 3543 1083 3599 mitti
1096 3542 1149 3597 aS.
1161 3541 1301 3612 cypriano
1312 3541 1555 3609 tuncexsulante,
1568 3544 1833 3615 eosqneicnmito

123 3613 252 3669 sixtum:
265 3625 314 3681 qui
327 3608 507 3679 postmodum
519 3607 564 3664 illi
576 3614 726 3679 successit,
740 3614 770 3663 ut
780 3622 810 3664 in
821 3609 949 3677 ejusdem
1004 3616 1117 3683 purione
1140 3613 1229 3668 vicem
1253 3625 1333 3667 suam
1348 3619 1464 3668 acturos
1477 3615 1601 3669 vicarios
1631 3615 1785 3677 constitui,
1808 3620 1833 3668 ut

126 3697 246 3741 numero
260 3682 453 3764 ostendemus.
578 3751 584 3762 ι
838 3751 843 3762 Ι
1006 3685 1190 3741 necessitates
1203 3682 1324 3738 fratrum
1338 3684 1503 3754 sumptibus
1517 3694 1739 3758 expungerent,
1757 3683 1833 3742 simul

161 3756 243 3810 rinno
261 3753 387 3822 denique
406 3746 470 3820 aar,
492 3750 643 3807 valeriano
668 3764 695 3806 ιι
718 3755 745 3805 et
769 3749 900 3808 Gallieno
917 3765 949 3808 ιιι
1005 3758 1091 3812 atiani
1103 3761 1131 3811 et
1145 3761 1242 3811 aetates
1256 3768 1366 3821 eorum,
1381 3762 1410 3810 et
1425 3755 1527 3810 merita
1542 3757 1764 3827 discernerent,
1776 3764 1831 3821 eac,

68 3877 71 3884 .
127 3841 211 3893 coss,
224 3824 386 3893 Stephanus
396 3822 424 3876 in
438 3822 504 3877 sede
514 3836 566 3877 sua
578 3821 732 3877 considens
746 3823 780 3878 ad
798 3822 952 3879 Galacum·
1006 3826 1152 3883 elicietur
1170 3838 1294 3896 quoqne,
1305 3825 1477 3895 Cypriorum
1492 3827 1627 3884 scrihere
1643 3829 1680 3885 ad
1701 3829 1753 3885 hos
1767 3829 1832 3882 uici·

127 3898 188 3962 has,
215 3897 244 3949 in
268 3895 431 3950 coemeterio
444 3892 568 3954 Callisti,
589 3894 682 3962 capite
695 3900 843 3950 truncatur
872 3893 951 3951 diei
1006 3901 1131 3953 mosaicos
1142 3897 1291 3968 epistolam
1306 3893 1350 3966 it,
1361 3897 1484 3953 Pamelio
1495 3893 1543 3963 37,
1560 3913 1623 3970 qua
1638 3901 1705 3957 illis
1719 3902 1749 3956 in
1762 3911 1832 3955 man-

126 3965 251 4038 Augusti
262 3981 270 4033 ς
282 3977 347 4020 cum
362 3968 525 4046 numeraret
545 3962 580 4018 ah
595 3963 751 4046 episcopali
767 3966 950 4047 ordinatione
1005 3970 1082 4026 datis
1092 3971 1151 4051 dat,
1165 3976 1195 4024 ut
1208 3968 1418 4024 Felicissimnm
1428 3971 1701 4040 excommunicent,
1714 3990 1729 4022 ι
1740 3969 1832 4027 aicha

128 4051 219 4093 annos
232 4049 272 4104 iu,
293 4047 407 4116 menses·
430 4036 540 4117 ii,·dies
564 4048 612 4101 xv,
634 4042 716 4103 Juxta
732 4042 843 4105 potiora
858 4038 950 4093 docu-
1010 4042 1197 4112 igituretiam
1212 4038 1715 4099 tertiosaeculovicarinsadhihitos
1728 4044 1832 4113 episco-

129 4114 234 4171 menta,
254 4105 297 4188 uel
322 4118 351 4160 xi
377 4105 446 4187 dies
462 4111 544 4173 Juxta
567 4105 727 4178 catalogum
749 4108 951 4180 Bergomatem,
1009 4127 1060 4183 pos
1070 4111 1193 4182 collegas
1205 4110 1240 4166 ah
1250 4110 1384 4180 episcopo
1393 4111 1538 4180 Cypriano
1550 4111 1585 4168 ad
1602 4127 1728 4170 munera
1747 4120 1833 4183 pasto-

129 4178 174 4261 νει
189 4191 240 4232 xxi
255 4182 338 4258 Juxta
352 4175 552 4246 Liherranum3
568 4190 690 4258 quorum
705 4191 856 4260 annornm,
872 4192 954 4235 meii-
1009 4184 1049 4240 ris
1062 4185 1092 4238 in
1106 4196 1157 4239 sua
1170 4183 1287 4238 dioecesi
1299 4181 1360 4250 eins
1371 4182 1487 4238 nomine
1502 4186 1683 4254 peragenda.
1695 4187 1753 4240 iios
1764 4187 1832 4240 imai

129 4262 218 4331 sium,
232 4261 264 4302 ac
278 4246 389 4328 dierum
412 4252 518 4315 partem
536 4261 687 4302 maximam
704 4249 883 4317 impenderat
896 4264 952 4321 qua
1007 4255 1169 4326 cyprianus
1181 4255 1307 4318 sicarios,
1338 4253 1377 4308 ita
1393 4253 1541 4309 nominare
1561 4256 1702 4327 adigitur
1724 4255 1831 4325 Pagius.

129 4321 258 4404 vicarius
267 4319 360 4401 lucii,
375 4330 431 4399 qua
440 4330 605 4400 successor,
615 4318 656 4400 uli
668 4319 872 4387 explicuimus.
885 4391 890 4403 Ι
1008 4327 1148 4396 Excipiet,
1162 4325 1197 4380 ad
1209 4329 1392 4380 certosactus
1405 4323 1495 4380 inisse
1508 4327 1611 4393 potius
1622 4328 1744 4396 iudices
1764 4325 1834 4382 dele-

165 4392 230 4448 Scio
244 4391 291 4445 his
315 4387 514 4470 vicariatihus,
530 4389 667 4470 admissis
688 4402 704 4444 a
720 4390 911 4460 Papehrochio
924 4398 953 4448 et
1009 4405 1099 4469 gatos.
1111 4397 1237 4466 itepono,
1253 4395 1305 4451 hoc
1320 4396 1414 4464 ipsum
1439 4397 1543 4452 vicarii
1568 4412 1683 4456 munus
1697 4401 1832 4469 importat

130 4480 146 4521 a
158 4459 357 4544 compluribus
378 4459 507 4544 historia
523 4459 677 4543 pontificia
691 4461 884 4544 scriptoribus
904 4465 953 4519 in·
967 4448 993 4510 D
1009 4467 1242 4538 utitadelegatus
1256 4465 1437 4537 abepiscopo
1453 4466 1645 4541 intelligatur
1657 4485 1711 4541 pro
1723 4483 1776 4527 suo
1789 4467 1833 4523 bc-

130 4534 242 4593 lensum
258 4533 376 4605 Pagrum
390 4545 419 4587 in
432 4531 546 4614 Earonii
560 4537 662 4587 critica
674 4533 708 4589 ad
720 4533 852 4606 singulas
866 4534 954 4593 ferme
1009 4539 1152 4609 neplacito
1164 4540 1198 4594 ad
1215 4551 1246 4594 ea
1261 4539 1429 4608 peragenda,
1441 4553 1504 4609 quae
1516 4540 1585 4609 jure
1601 4554 1660 4597 suo
1677 4543 1742 4612 ipse
1764 4539 1834 4596 delc-

131 4609 251 4679 paginas
268 4604 370 4661 horum
391 4611 701 4685 prasertimuannoru'm
715 4617 763 4660 eos
784 4607 951 4677 suggillare.
1008 4611 1240 4684 gansepiscopus
1251 4608 1394 4665 iaceretin
1409 4611 1524 4681 propria
1539 4610 1665 4668 dioecesi
1679 4611 1833 4682 siccioris·

129 4680 212 4735 Nuda
227 4683 320 4733 tamen
335 4675 420 4730 veiha
444 4680 587 4757 proponit,
608 4682 636 4730 et
648 4674 803 4733 dictatoria
829 4681 952 4749 quadam
1007 4683 1156 4747 dictionis,
1172 4683 1232 4738 sive
1246 4682 1370 4750 ordinis,
1388 4695 1510 4751 quorum
1522 4686 1669 4751 sitcapax
1684 4685 1833 4756 delegatus,

130 4749 302 4833 auctoritate
316 4751 498 4829 pronuntiat:
518 4766 531 4798 i
545 4748 608 4828 Non·
621 4746 797 4829 audiendum
809 4750 952 4819 Papehro-
1007 4755 1098 4811 donec
1111 4753 1253 4836 delegatio
1269 4753 1323 4808 ista
1337 4753 1438 4807 vicarii
1458 4761 1632 4823 perseveret.
1650 4756 1754 4827 Neque
1768 4754 1833 4810 enin

130 4822 242 4877 chium:
256 4824 413 4900 vicariatus
423 4831 485 4900 esse
493 4823 709 4900 supposititios:
722 4820 756 4874 nd
768 4817 866 4876 idiem
884 4823 954 4878 hinr-
1008 4826 1083 4882 alios
1098 4826 1221 4881 vicarios
1239 4830 1387 4880 constante
1402 4824 1461 4881 rita
1474 4824 1627 4895 pontilicis
1655 4825 1833 4900 recognosci-

130 4893 165 4949 tii
179 4891 247 4949 anni
262 4886 500 4971 Phlhuciivilam
516 4895 782 4961 pertingereposse:
799 4891 954 4961 preteren-
1009 4911 1083 4960 mus,
1100 4896 1157 4951 nisi
1186 4896 1349 4963 hujusmodi
1370 4909 1435 4950 cum
1462 4894 1658 4954 facultatibus
1684 4899 1832 4970 delegatos.

130 4966 199 5022 dnm
215 4965 411 5043 Pearsonium,
433 4974 523 5017 ccum
540 4975 596 5030 qno
609 4961 694 5043 audet
708 4963 849 5018 divinare.
871 4966 952 5022 nullo
1009 4968 1089 5025 nullo
1097 4981 1161 5023 cnm
1173 4975 1324 5037 pactuaut
1329 4968 1394 5036 jure
1404 4968 1619 5024 successionis:
1632 4970 1705 5026 licet
1716 4970 1833 5041 plerum-

132 5037 234 5093 idoneo
249 5038 321 5089 teste
338 5033 364 5088 id
376 5038 530 5101 asserente,
544 5051 556 5082 ι
570 5032 718 5088 mensibus
727 5035 867 5105 quinque,
888 5037 953 5093 die-
1009 5054 1064 5112 que
1078 5039 1266 5109 contingeret,
1289 5045 1320 5093 ut
1332 5051 1513 5095 successores
1527 5038 1726 5107 eligerentur,
1740 5055 1756 5096 a
1768 5040 1833 5095 clero

130 5108 186 5164 hus
198 5107 294 5190 decem
307 5102 342 5158 alr
358 5102 538 5159 ordinatione
553 5111 685 5186 constare
697 5105 848 5187 'integrum
870 5109 952 5164 Lucii
1011 5112 1097 5168 iidem
1118 5110 1168 5180 qui
1184 5109 1340 5178 adiutores,
1368 5117 1396 5164 et
1419 5111 1521 5166 vicarii
1538 5082 1666 5184 delegati
1691 5111 1832 5170 ineranta

133 5178 367 5249 pontidcatum.»
384 5175 719 5231 ltaconhdenterscrihit
731 5178 881 5234 adannum
889 5177 954 5252 952,
1009 5184 1167 5251 decessore,
1184 5187 1281 5249 utpote
1294 5194 1416 5251 quorum
1434 5182 1618 5252 prudentiam
1635 5185 1832 5255 regiminis,et

131 5246 270 5306 numid.
443 5316 448 5326 ι
499 5316 533 5327 Η
621 5317 651 5330 Η
1010 5254 1131 5310 virtutes
1151 5253 1284 5322 episcopo
1298 5252 1401 5323 dignas
1425 5261 1612 5323 perceperant
1633 5259 1831 5326 experimento.

166 5324 202 5377 ht
228 5321 373 5375 honncum
387 5329 535 5372 reniaviri
546 5318 653 5400 eruditi
664 5319 816 5385 contendo,
826 5321 957 5378 vicaria·
1009 5327 1066 5382 Nec
1073 5338 1156 5380 secus
1166 5323 1288 5394 contigit
1298 5325 1384 5378 etiam
1397 5323 1425 5379 in
1437 5323 1571 5394 plniihus
1583 5326 1788 5385 Occidentalis
1798 5327 1832 5380 is·

133 5398 180 5449 tus
198 5399 227 5447 et
247 5405 301 5446 usu
322 5392 503 5471 reciprocat
522 5389 715 5447 admittendos
731 5404 808 5446 esse:
831 5392 957 5450 audien·
1011 5397 1071 5452 tius
1087 5395 1297 5465 patriarchatus
1312 5394 1460 5465 Ecclesiis,
1483 5409 1548 5451 cuin
1564 5397 1601 5453 ad
1627 5400 1831 5456 successionem

132 5465 200 5546 dum
216 5460 442 5545 Papeh'rochium
453 5471 501 5514 eos
511 5469 699 5544 asserentem:
716 5468 744 5517 et
754 5463 955 5532 producentem
1013 5472 1244 5538 promoverentur
1264 5466 1362 5522 aclcri
1379 5466 1527 5539 suffragiis
1543 5473 1609 5538 post
1625 5477 1752 5528 mortem
1779 5470 1833 5541 epi·

132 5539 220 5589 vitam
236 5535 315 5588 Lucu
330 5532 456 5615 addiein
472 5528 490 5585 E
508 5531 764 5603 Marmaricam,
779 5538 957 5593 etreceden-
1012 5539 1091 5609 scopi
1107 5537 1151 5593 iili
1167 5537 1322 5607 adjutores,
1336 5538 1386 5607 qui
1412 5539 1504 5594 eidem
1518 5539 1651 5608 jurando
1663 5541 1703 5598 ah
1715 5542 1833 5599 Ecclesia

131 5604 200 5682 dnm
215 5616 231 5658 a
243 5604 405 5672 Pearsonio,
417 5602 502 5658 aliter
514 5609 657 5660 statuente
671 5604 726 5660 suh
740 5606 831 5664 nullis
844 5608 958 5666 idoneis
1012 5612 1137 5666 Romana
1147 5609 1321 5677 transmissi,
1333 5615 1382 5664 aut
1392 5609 1428 5665 ah
1440 5611 1447 5665 i
1453 5623 1503 5678 pso
1513 5611 1654 5684 episcopo
1661 5613 1780 5670 fueraut
1791 5613 1833 5669 ad·

133 5671 304 5752 testibus..
393 5745 399 5757 ι
525 5745 530 5757 .
587 5747 592 5757 Ι
1010 5682 1088 5752 jecti.
1106 5680 1273 5750 Exemplum
1287 5679 1522 5736 illustreohtulit
1537 5691 1644 5754 quarto
1662 5686 1773 5742 saeculo
1788 5687 1833 5740 Ec-

168 5741 248 5812 Quod
261 5753 336 5796 curm
348 5749 451 5800 attinet
461 5745 495 5802 ad
506 5753 674 5820 vicariatus,
686 5751 856 5819 respondent
869 5751 955 5810 uelim
1013 5753 1101 5810 ciceia
1119 5752 1342 5808 mediolanensis
1362 5753 1392 5809 in
1407 5751 1561 5812 hmhrosio
1579 5767 1616 5812 ac
1636 5755 1833 5829 Simpliciano.
