3892 6136
68 271 137 329 luia
455 272 614 330 Bistonia
634 274 679 329 ult
698 274 786 329 vilis
808 271 891 328 uolt.
910 270 1009 328 PONT.
1030 301 1067 312 —
1085 271 1112 326 S.
1136 271 1379 328 annuutiamus.
1702 269 1772 328 lffla'i

68 408 129 451 nem
141 395 255 451 urbium
271 395 429 463 insignium
445 397 668 467 castigatissime
683 396 890 465 nupereditum
903 394 931 452 A
949 395 1080 451 Adriani.
1105 397 1175 450 Nam
1204 397 1356 466 inscriptio
1372 400 1482 465 reperta
1510 395 1539 449 in
1560 394 1622 451 ioro
1634 396 1772 461 Bomano,

66 480 82 520 a
104 468 134 521 V.
148 467 177 520 C.
195 467 273 521 loan.
288 467 403 522 lludson
415 474 490 522 tomo
503 468 538 522 lll
551 468 727 534 Scriptorum
746 469 890 522 minorum
947 468 1021 535 apud
1043 466 1195 522 Gruterum
1222 468 1299 522 edita
1316 466 1365 521 iol.
1377 480 1504 531 ccccnvu,
1517 479 1544 519 n.
1567 463 1593 531 B,
1608 466 1723 520 exhibet
1736 466 1772 518 ll.

64 537 772 608 veterisgeograpbiae,nbiEboraeumpraeiertur
791 537 892 592 Loudi·
949 538 1082 591 Pontium
1104 551 1138 590 m.
1168 537 1187 592 l.
1211 553 1278 607 prnp.
1301 538 1466 592 Laetiauum
1489 536 1618 591 Larcium
1635 536 1772 590 Sabinum

68 609 127 663 nio.
946 608 1094 663 consulem
1107 608 1174 662 trib.
1194 609 1267 677 pleb.
1284 609 1468 663 candidatum
1487 606 1555 676 imp.
1567 606 1626 660 diri
1641 606 1771 672 Adriani,

101 680 140 733 Be
157 678 277 734 londini
292 678 467 749 originibus,
481 684 509 734 et
525 680 699 735 incremento
714 685 777 748 post
790 680 890 735 Boma-
951 679 1000 747 uui
1017 678 1174 748 legationes
1191 680 1288 749 plures
1300 679 1439 745 obtinuit,
1460 683 1488 733 et
1502 683 1641 746 pratnras
1661 677 1688 730 in
1723 689 1774 730 ro-

64 762 169 805 nornm
191 751 218 803 in
243 763 350 805 cessum
366 750 461 805 serius
475 751 626 806 statuendo
640 752 699 806 bac
716 751 799 807 babet
821 749 890 804 Gale
947 750 1063 817 vinciis,
1080 755 1108 804 et
1123 750 1330 805 subintonino
1344 751 1404 814 Pio,
1422 752 1457 804 il.
1472 749 1600 810 nureiio,
1612 753 1640 801 et
1651 748 1678 800 L.
1691 691 1771 808 trem

66 833 130 890 pag.
145 816 199 875 ol:
216 765 277 873 fam
296 823 413 874 incertus
434 821 518 890 plone
543 822 639 884 baren,
664 826 704 876 ito
725 838 767 876 mc
788 823 888 876 ueritus
944 833 1038 875 comes
1067 821 1095 874 in
1121 821 1356 889 enpreditiouibns
1380 820 1473 875 iuerat
1496 818 1571 874 bello
1592 817 1772 885 Germanico,

64 897 146 956 umet,
167 893 212 944 cui
232 893 283 944 uiae
305 894 441 954 insistam,
456 897 488 944 ut
501 893 654 946 londinum
679 895 828 947 inueniam.
857 892 889 945 Et
943 889 1122 959 Armeniam,
1147 891 1287 957 Parthico,
1306 892 1391 955 hunc,
1422 892 1550 960 iuquam,
1577 888 1772 943 exnibetcum

66 961 365 1032 postquamindicarit
375 962 544 1017 Londinium
556 964 584 1017 in
594 964 729 1019 Cantiisa
740 964 888 1019 Ptolemaeo
945 960 1056 1030 legione
1072 976 1098 1014 rr
1109 963 1228 1017 victrice
1239 976 1273 1017 cx
1283 962 1436 1018 Germania
1448 962 1477 1015 in
1491 961 1668 1015 Britanniam
1683 966 1774 1012 trans-

63 1032 224 1087 collocari:
242 1034 688 1101 «Necpromptumestcredere,
707 1037 815 1105 inquit,
829 1035 888 1087 Pto·
943 1039 1055 1086 euntem
1082 1033 1229 1087 tribunum
1267 1033 1403 1088 militum.
1426 1033 1514 1086 TBlB.
1541 1031 1611 1085 llll..
1629 1030 1705 1085 LEG.
1729 1029 1772 1083 vl.

65 1103 362 1159 lemaeumoscitanter
373 1104 428 1157 ista
439 1103 603 1173 scripsisse,
617 1107 667 1175 qrri
684 1107 825 1161 llarinum
840 1103 890 1172 Ty·
943 1102 1030 1157 VlCT.
1052 1103 1132 1157 Cl'll.
1149 1103 1228 1172 Qvn.
1245 1105 1293 1158 EX
1306 1104 1414 1160 GBBll.
1431 1104 1467 1157 IN
1493 1102 1629 1157 BBleN.
1643 1099 1772 1154 TRANS-

64 1173 143 1229 rium
159 1173 194 1228 de
209 1174 268 1227 situ
288 1174 432 1245 Neomugi,
449 1180 476 1228 ct
489 1176 622 1231 Londinii
636 1185 691 1232 tam
706 1181 839 1232 accurate
853 1174 888 1229 ad
944 1173 999 1228 llT.
1026 1174 1165 1229 Bc'ductio
1183 1176 1271 1245 igitur
1295 1174 1422 1245 legiones
1436 1188 1460 1227 vr
1482 1180 1510 1228 et
1522 1171 1641 1227 coloniae
1661 1170 1772 1225 Ebora-

63 1257 181 1298 examen
191 1245 340 1298 vocaverit.
356 1244 543 1312 Expediendae
558 1246 834 1316 bnjnsdifficnltatis
848 1258 890 1298 ra·
944 1245 1040 1298 censis
1051 1259 1115 1299 cnm
1130 1246 1169 1299 sit
1184 1245 1305 1315 aqualis
1316 1245 1526 1300 antoninorum
1543 1239 1731 1311 temporibus,
1745 1243 1775 1295 et

66 1315 174 1369 tionem
188 1314 273 1369 aliam
290 1314 372 1381 plane
388 1315 495 1369 nnllam
510 1317 603 1382 rideo,
625 1331 709 1387 qnam
727 1323 758 1371 ut
776 1316 889 1371 credam
945 1327 1009 1368 cnm
1023 1315 1135 1370 colonia
1147 1316 1301 1371 Eboracum
1313 1317 1455 1387 dignitate
1469 1312 1651 1382 praeferretur
1663 1310 1775 1365 caeteris

62 1383 889 1455 cunabulaurbisLondinii(cuinuncsimilemorbisnon
946 1385 1070 1440 coloniis
1107 1387 1233 1454 eiusdem
1268 1388 1421 1454 provinciae
1454 1384 1619 1448 Britanniae,
1648 1381 1775 1438 declarat

64 1454 160 1525 babet)
176 1456 265 1524 quaeri
284 1463 413 1523 oportere
431 1457 459 1510 in
476 1458 600 1512 statione
621 1459 720 1528 aliqua
746 1458 891 1511 Bomano-
946 1457 1182 1511 constitutionem
1200 1458 1354 1526 provincia
1375 1456 1486 1511 civilem
1499 1462 1526 1509 et
1538 1453 1773 1518 eeclesiasticam,

63 1540 140 1588 rum,
165 1539 249 1595 quam
272 1526 306 1581 ad
330 1526 543 1582 meridionalem
564 1529 710 1583 Tnamesis
730 1529 832 1598 ripam,
855 1525 889 1580 ad
946 1524 1778 1597 necnonoriginemtriumsediumepiscopaliumvetnstio·

62 1597 259 1655 subditorum.
282 1596 400 1651 tutelam
422 1606 532 1652 mature
551 1598 738 1661 collocabant,
762 1597 892 1668 expulsis
948 1610 1009 1651 rum
1029 1598 1056 1652 in
1078 1612 1110 1653 ea
1124 1597 1305 1653 fundatarum
1324 1599 1430 1666 pariari
1442 1612 1505 1653 cum
1521 1603 1604 1651 aetate
1614 1594 1772 1650 Eleutherii

63 1667 133 1722 inde
147 1667 228 1735 prius
243 1668 397 1738 Britannis,
410 1669 793 1740 Bacstatioindagandaest
810 1668 892 1724 nobis
949 1680 1036 1736 papae,
1065 1668 1288 1734 Antoninorum,
1311 1677 1339 1724 et
1359 1669 1440 1723 Lucii
1475 1669 1562 1738 regis,
1587 1672 1615 1721 et
1650 1664 1772 1721 mirifice

61 1737 99 1794 ad
116 1737 202 1792 viam
215 1738 379 1792 militarem.
404 1740 481 1793 llanc
497 1739 581 1807 paulo
594 1748 659 1795 ante
679 1739 791 1795 ostendi
817 1739 892 1794 ultra
908 1761 934 1822 Β
947 1737 1112 1807 comprobat
1126 1753 1158 1793 ea
1174 1753 1236 1807 (puae
1248 1740 1283 1796 de
1295 1739 1460 1810 originibus
1474 1738 1675 1793 ecclesiasticae
1686 1736 1773 1805 buius

62 1808 350 1864 westmonasterium
382 1808 426 1880 (ad
450 1812 598 1878 trajectum
618 1811 891 1865 Thamesisdictum
948 1809 1102 1876 provinciae
1117 1810 1254 1865 hacteuus
1268 1810 1431 1865 dictasunt.

65 1878 116 1932 tlte
130 1880 323 1949 Borse-Berrp)
339 1893 388 1948 per
402 1881 514 1951 Regnos
525 1882 656 1936 Cantium
680 1882 854 1937 subintrare.
877 1897 890 1928 r
980 1880 1125 1949 Superest,
1142 1887 1174 1934 nt
1196 1881 1231 1935 de
1250 1881 1333 1934 lindi
1361 1881 1471 1935 Colonia
1485 1875 1618 1953 [lincoln]
1633 1890 1696 1947 quae
1711 1882 1773 1931 ter-

61 1946 160 2002 ueteri
188 1949 272 2018 plura
298 1952 484 2020 antiquitatis
499 1953 619 2022 vestigia
637 1952 741 2006 ibidem
769 1955 888 2020 reperta,
947 1951 986 2006 tia
1008 1951 1131 2005 Ecclesia
1146 1952 1272 2019 ejnsdem
1291 1952 1444 2021 pnrovinciae
1464 1957 1581 2021 apparet
1594 1950 1622 2004 in
1639 1947 1773 2003 subscri-

63 2018 155 2075 multa
176 2023 368 2075 Romanorum
384 2024 567 2088 numismata,
583 2036 668 2091 opera
685 2020 839 2086 tessellata,
854 2021 891 2074 la·
946 2021 1096 2092 ptionibus
1113 2021 1320 2092 episcoporum,
1345 2023 1461 2092 aliaque
1487 2020 1672 2090 proteramus.
1699 2016 1772 2073 blibi

61 2091 889 2163 teres,ruderaddditcastrnmeningston,vnlgcliinton
943 2092 1098 2148 neronibil
1123 2094 1313 2160 praestandum
1341 2098 1481 2162 superest,
1504 2106 1589 2162 quam
1616 2097 1646 2145 ut
1663 2089 1773 2145 Tbomae

62 2158 172 2215 ibidem
184 2160 750 2231 baberi,ubicarcerespubliei,aedilicia
763 2162 887 2233 puplica.
943 2162 1012 2217 Gale
1033 2163 1131 2218 doctas
1156 2177 1236 2234 arque
1259 2177 1291 2219 ac
1306 2164 1403 2220 breves
1424 2171 1507 2219 notas
1531 2160 1722 2218 transcribam
1737 2173 1772 2215 ex
1865 2235 1870 2246 ι

62 2231 201 2300 piscaria,
220 2232 371 2298 vivarium,
387 2238 415 2286 et
435 2246 594 2289 concursus
610 2235 698 2289 trium
721 2235 888 2290 semitarum
945 2248 1008 2305 pag.
1020 2232 1077 2288 96:

61 2301 268 2357 militariuma
293 2302 474 2366 Durobrivis,
491 2305 643 2376 Neomago,
668 2312 695 2360 et
714 2304 890 2361 Sulloniacis
981 2324 994 2355 u
1019 2305 1107 2359 liudo
1126 2301 1189 2378 [liu
1204 2302 1294 2379 Colne]
1322 2311 1487 2376 anonymus
1511 2299 1661 2358 Barennas
1688 2301 1773 2358 habet

61 2372 184 2428 stationi
200 2379 390 2442 opportunam
404 2375 509 2439 sedem,
522 2383 550 2430 et
562 2375 698 2431 Romanis
712 2377 818 2431 cultam
833 2388 890 2444 prae
944 2389 1076 2443 expresse
1093 2376 1210 2430 Lirrdum
1231 2378 1342 2431 Boionio
1367 2377 1419 2432 lroc
1435 2389 1493 2431 uno
1508 2374 1645 2430 vocabulo
1660 2373 1772 2442 adjecto

61 2444 175 2497 caeteris
189 2444 327 2498 indicant.
349 2445 379 2498 ln
395 2457 426 2498 ea
449 2446 540 2515 igitur
551 2455 593 2500 est
610 2448 763 2503 sententia.
779 2453 891 2501 utere-
946 2453 1083 2516 quantum
1098 2447 1173 2502 lucis
1184 2445 1287 2502 alludit
1298 2448 1346 2502 ille
1357 2444 1642 2516 bistoriaeantiquael
1658 2447 1772 2514 linguas

60 2513 122 2582 dat,
138 2513 242 2569 Aulum
263 2514 404 2568 Plautium
418 2523 564 2583 praetorem
587 2517 633 2571 bic
648 2516 814 2572 subsedisse
825 2528 889 2571 cum
946 2515 1072 2585 proiecto
1087 2519 1196 2587 gratias
1211 2518 1238 2573 ei
1253 2518 1400 2585 debemus,
1417 2518 1491 2587 quod
1509 2517 1621 2571 tandem
1638 2514 1773 2571 subscri-

61 2586 192 2639 exercitu
207 2585 332 2639 Romano
345 2585 379 2640 ad
404 2586 523 2640 durium
537 2587 709 2656 Titamesim,
723 2588 813 2643 donec
836 2586 892 2641 ad·
947 2588 1071 2656 ptionem
1082 2588 1200 2644 concilii
1216 2589 1392 2644 Arelatensis
1411 2587 1617 2657 intelligamus.
1629 2585 1772 2655 adelphus

60 2654 171 2710 volaret
182 2654 321 2710 Claudius
335 2656 488 2725 imperator
500 2655 536 2711 ab
548 2657 610 2726 ipso
627 2659 738 2713 accitus
753 2677 759 2712 :
776 2678 790 2709 ι
806 2657 891 2711 Clau·
946 2660 1115 2728 episcopatus
1128 2659 1279 2713 decivitate
1291 2659 1402 2714 Colonia
1418 2661 1513 2724 londi,
1530 2656 1605 2712 baud
1619 2654 1708 2712 dubie
1721 2668 1772 2723 pro

62 2725 133 2781 dius
147 2727 319 2781 transmittit
334 2727 561 2793 inBritanniam,
579 2730 620 2782 ait
632 2730 695 2796 Dio,
710 2728 779 2784 etad
793 2728 892 2796 copias
946 2729 1057 2784 Cotoneo
1081 2730 1174 2783 lindi.
1200 2731 1258 2785 Boc
1287 2730 1380 2798 ipsum
1403 2730 1475 2784 Beda
1504 2741 1572 2797 pene
1593 2726 1676 2794 vidit,
1706 2738 1772 2781 cum

62 2795 892 2871 seadTnamesimexspectantesperrerit,transgressus·
948 2797 1021 2854 hanc
1048 2799 1144 2854 urbem
1177 2800 1376 2854 Lindi-Cottion
1409 2798 1577 2855 nominavit.
1605 2797 1773 2852 Ptolemaeus

64 2880 121 2936 que
132 2866 244 2922 ilumem
265 2882 329 2923 cum
345 2869 492 2923 Britannis
505 2868 651 2935 condixit,
665 2870 890 2928 Camulodunum
949 2883 1062 2940 qnoque
1073 2871 1194 2926 Lindum
1205 2871 1292 2927 dinit.
1306 2872 1430 2925 Romana
1443 2871 1615 2924 numismata
1625 2867 1773 2936 incampis

61 2937 171 3007 regiam
190 2937 352 2993 Cincbelini
365 2940 450 3008 cepit,
466 2957 479 2988 ι
490 2945 545 2994 etc.
946 2940 980 2994 ad
996 2941 1110 2995 Boream
1125 2941 1348 3008 nujuscinitatis
1364 2941 1487 2995 inveniri
1501 2938 1729 2995 notatLelandus
1742 2939 1771 2994 in

102 3027 115 3057 u
138 3009 203 3063 Post
221 3009 298 3064 illam
314 3009 349 3063 de
370 3009 596 3065 Trinobantibus
612 3011 761 3067 victoriam
777 3002 890 3074 (subdit
948 3011 1137 3065 itinerario.»

63 3076 145 3146 Gale)
168 3079 285 3134 Bomani
303 3080 430 3144 castella,
446 3086 475 3135 et
495 3082 629 3149 praesidia
646 3083 722 3138 ultra
737 3083 930 3178 TisamesinC
981 3081 1164 3135 Commendat
1187 3082 1272 3136 etiam
1293 3079 1502 3136 ordinationem
1530 3079 1693 3148 provinciae,
1714 3081 1771 3132 tam

63 3149 277 3215 promovebant,
291 3151 487 3220 paulatimque
502 3152 652 3207 Britannos
663 3156 888 3208 versusBoream
945 3151 1052 3216 civilis,
1070 3165 1154 3220 qnam
1171 3152 1369 3206 ecclesiastica
1380 3152 1458 3218 justa
1474 3151 1592 3219 partitio
1616 3148 1771 3203 Britannias

60 3220 277 3298 protrudebant.
293 3222 330 3274 Ex
343 3220 396 3276 lroc
410 3222 558 3286 interiora,
584 3228 751 3292 tanquamin
771 3230 889 3278 tutone·
946 3222 975 3276 in
989 3235 1085 3292 aequas
1110 3220 1196 3276 lerme
1220 3223 1364 3290 portiones
1381 3233 1428 3288 per
1444 3221 1585 3288 triplicem
1605 3219 1677 3273 banc
1689 3216 1773 3300 colo-

59 3287 677 3412 ffig.colonirrcamalodunumdeducitur,
693 3293 886 3349 Verulamium
946 3293 1033 3356 niam,
1050 3298 1076 3346 et
1089 3292 1296 3361 episcopatum,
1324 3292 1456 3352 Eboraci,
1482 3289 1616 3354 londini,
1642 3296 1670 3343 et
1687 3289 1770 3343 Lmdi

93 3361 215 3428 unicipii
230 3362 344 3416 nomine
360 3363 529 3433 insignitur,
547 3377 610 3417 mor
627 3364 800 3419 Londinium
814 3371 889 3418 tem·
943 3363 1073 3417 colonia.
1101 3363 1241 3417 Dividunt
1266 3363 1342 3418 enim
1369 3362 1543 3432 provinciam
1569 3359 1673 3428 spatiis
1699 3360 1771 3415 satis

60 3442 131 3498 pore
142 3432 287 3486 Neronise
301 3432 426 3487 tenebris
436 3435 566 3505 emergit.
583 3435 666 3502 Copto
676 3438 884 3500 negotiatorum,
946 3435 1073 3501 proxime
1083 3434 1263 3501 annalibus:
1282 3433 1439 3502 praesertim
1455 3433 1480 3486 si
1496 3431 1618 3486 Eboraco
1633 3428 1771 3484 attribue

60 3504 89 3554 et
102 3506 295 3555 commeatuum
307 3506 423 3556 monime
431 3505 531 3557 celebre
545 3505 597 3574 (ait
611 3506 728 3560 Tacitus
749 3504 800 3560 liin.
819 3505 886 3573 niv),
944 3510 1023 3558 retur
1037 3517 1104 3573 pars
1118 3504 1168 3558 illa
1184 3504 1258 3559 ultra
1273 3505 1379 3559 vallum
1395 3501 1558 3556 Csrledoniis
1572 3504 1706 3556 restituta
1723 3513 1771 3570 per

60 3572 190 3626 nondum
202 3573 325 3641 colonia,
340 3575 387 3628 sed
401 3572 568 3642 praetectum
583 3593 589 3629 :
604 3577 829 3645 praetoriumuue
841 3574 888 3629 lra-
943 3575 1127 3635 caracallam,
1139 3588 1224 3643 quam
1240 3577 1336 3629 serius
1353 3575 1507 3627 Veientium
1524 3572 1699 3640 provinciam
1715 3583 1771 3639 ap-

62 3640 163 3696 buisse
178 3642 292 3697 videtur
306 3657 338 3698 eo
352 3645 380 3697 in
397 3646 471 3714 vico,
486 3644 535 3699 nbi
551 3645 624 3714 lapis
645 3645 885 3711 illeuotissimus,
943 3644 1059 3713 pellavit
1083 3645 1185 3700 notitia
1210 3645 1323 3714 imperii
1351 3644 1404 3700 sub
1418 3643 1626 3697 Valentiniano.
1638 3642 1719 3696 Certe
1734 3641 1769 3696 ad

59 3711 123 3766 sire
134 3711 315 3779 milliarium,
333 3717 392 3769 sive
406 3715 539 3770 columna
554 3715 732 3771 liercnrialis
749 3717 778 3771 in
794 3717 887 3785 capite
941 3715 1130 3770 Eboracensis
1157 3715 1287 3770 Ecclesia.
1316 3716 1475 3770 antistitem
1497 3726 1567 3768 cura
1594 3712 1771 3781 pertinuisse

58 3780 150 3848 Tlori,
167 3796 216 3852 per
232 3784 506 3853 multanrbislacta,
519 3792 547 3840 et
557 3786 887 3843 calamitateseluctatus
943 3786 1082 3840 censenda
1106 3792 1150 3839 est
1180 3786 1362 3853 promovendi
1386 3784 1578 3854 evarrgelicam
1607 3783 1769 3838 doctrinam

59 3858 116 3918 est,
132 3857 160 3908 et
187 3853 345 3910 immobilis
367 3869 477 3924 semper
504 3856 630 3925 perstitit
657 3864 792 3929 unquam
816 3858 888 3912 deus
942 3862 1023 3911 aetate
1037 3856 1196 3926 Commodi,
1212 3871 1244 3911 ac
1265 3857 1359 3911 Severi
1381 3855 1456 3910 ultra
1473 3853 1589 3921 vallum,
1605 3865 1694 3922 eaque
1709 3852 1771 3907 loca

58 3922 253 3980 Terminus.»
942 3927 976 3981 ad
990 3926 1135 3982 Cbristum
1161 3928 1344 3995 perducendi,
1365 3939 1427 3998 qua
1450 3924 1647 3979 Tertullianus
1664 3923 1770 3978 ibidem

97 3993 887 4066 apparetigiturerrecitatisohservationianGale,ac
944 3998 1143 4066 indicat,cum
1171 3998 1221 4058 ait.
1250 3999 1447 4052 Britannorum
1474 3997 1612 4050 inaccesso
1642 3995 1771 4049 Romanis

60 4069 189 4120 semrom
205 4068 389 4134 testimoniis,
409 4068 580 4136 Londinum,
604 4071 713 4124 Nerone
730 4071 888 4138 imperante
944 4070 1002 4122 locu
1011 4083 1067 4122 esse
1081 4068 1187 4123 Christo
1191 4070 1253 4136 jum
1265 4069 1386 4122 sutditu.
1401 4069 1464 4122 llaec
1477 4066 1591 4136 plenius
1607 4065 1772 4136 intelligun-

59 4136 190 4191 noudum
200 4137 353 4207 coloniam,
366 4138 414 4192 sed
429 4137 636 4207 proiecturam,
652 4142 797 4210 augmenti
809 4153 888 4195 occa·
945 4146 1002 4203 tur,
1019 4138 1044 4193 si
1065 4139 1204 4194 nonnulla
1220 4141 1415 4207 producantur
1430 4141 1459 4192 in
1477 4139 1691 4207 mediumque
1707 4149 1771 4190 ser‹

60 4204 172 4260 sionem
189 4209 298 4276 cepisse
315 4221 348 4263 ex
363 4209 466 4263 vicium
479 4209 598 4264 coloniae
620 4212 800 4264 Camuloduni
814 4210 889 4264 sub·
943 4217 1008 4264 vata
1032 4210 1162 4265 videmus
1188 4217 1270 4266 aetate
1296 4210 1503 4281 apostolorum,
1529 4214 1558 4263 et
1577 4208 1719 4277 proximis
1739 4207 1769 4261 in

61 4277 205 4343 versione,
217 4281 256 4333 ita
267 4281 397 4347 proxima
407 4294 466 4333 suae
476 4281 644 4336 deductiori
654 4282 889 4352 (quamdiximus
944 4279 1114 4335 fundatione
1127 4279 1237 4336 sedium
1253 4281 1471 4351 episcopalium.

60 4360 78 4399 a
92 4344 210 4403 Claudio
224 4355 364 4417 peractam
379 4350 573 4405 annoCbristi
588 4349 642 4418 Bt),
660 4358 693 4406 ut
706 4353 821 4407 nonnisi
841 4366 889 4421 per
979 4352 1009 4405 ln
1022 4350 1179 4407 laudandis
1191 4351 1576 4422 episcopatibnse-omplnres
1588 4349 1773 4418 erantdispo·

59 4415 234 4473 decennium
249 4421 422 4475 substiterit.
444 4422 514 4475 Tum
532 4434 596 4476 vero
612 4423 761 4476 leenorum
778 4425 886 4493 regina,
944 4422 1066 4477 sitiones
1092 4424 1295 4491 praemittenda
1321 4431 1407 4494 atque
1429 4422 1694 4488 attendendumque
1709 4427 1769 4474 tum

62 4486 220 4543 Britanniae
240 4489 366 4545 motibus
378 4491 530 4546 classicum
546 4504 661 4553 canens,
676 4494 776 4548 tandiu
791 4493 929 4561 Roma-D
945 4492 1078 4548 Ecclesiae
1095 4494 1177 4549 illius
1187 4495 1356 4565 singularis,
1367 4503 1426 4549 tom
1442 4489 1615 4546 universalis
1626 4489 1700 4544 bono
1710 4500 1771 4557 pro·

63 4570 117 4613 taos
145 4561 283 4624 exercuit,
306 4563 396 4616 donec
412 4563 576 4630 vespasiani
593 4569 684 4630 aetate,
710 4578 743 4619 ac
762 4563 887 4619 illiorum
945 4565 1096 4646 spicereut.
1108 4566 1176 4618 dum
1191 4578 1260 4618 nova
1272 4565 1353 4619 sedes
1366 4561 1539 4632 episcopalis
1547 4561 1717 4627 erigeretur,
1734 4570 1770 4613 ne

59 4628 124 4696 ejus
136 4630 205 4700 Titi,
221 4638 249 4686 et
261 4632 417 4687 Domitiani
436 4634 600 4702 principatu
627 4635 781 4702 provinciae
797 4640 888 4689 status
944 4636 1000 4690 drci
1017 4636 1051 4689 de
1077 4634 1128 4688 illa
1155 4643 1271 4702 posset:
1301 4634 1492 4703 multiplicasti
1505 4637 1619 4697 gentem,
1643 4629 1690 4682 secl
1715 4643 1770 4682 non

63 4700 217 4767 pristinam
244 4700 362 4757 iormam
383 4704 529 4772 receperit.
551 4703 682 4759 Adriani.
699 4711 727 4759 et
746 4706 886 4761 Antonini
943 4707 1125 4773 mupnittcusti
1144 4706 1278 4758 laetitiam.
1296 4705 1392 4758 Prima
1406 4710 1476 4765 erat,
1491 4707 1524 4756 ut
1538 4699 1608 4754 certi
1632 4699 1703 4755 lines
1722 4705 1769 4753 at-

60 4768 190 4825 victoriae
211 4771 321 4840 plenam
338 4775 367 4828 in
384 4775 548 4829 Britannico
561 4775 623 4829 solo
636 4788 731 4844 pacem
753 4778 888 4830 llomanis
945 4775 1152 4837 tribuerentur,
1176 4777 1251 4829 intra
1278 4787 1350 4844 qnos
1376 4785 1486 4845 gregem
1503 4784 1588 4826 sunm
1613 4784 1704 4826 novus
1719 4769 1770 4825 ille

60 4849 243 4921 pepererunt.
261 4845 289 4898 ld
307 4846 444 4913 temporis
456 4851 649 4914 opportunum
667 4844 724 4901 luit
742 4847 886 4902 instanra-
944 4852 1040 4914 pastor
1051 4845 1244 4900 concluderet.
1259 4845 1363 4911 altera,
1377 4851 1409 4899 nt
1424 4843 1520 4897 tldeies
1543 4842 1674 4912 singulos
1692 4842 1768 4895 intra

59 4915 134 4965 trom
151 4914 362 4980 prestaturum.
374 4917 578 4971 constitutioni
590 4916 884 4982 classisBritaunicae,
942 4916 1039 4970 eadem
1055 4923 1134 4985 septa
1149 4915 1205 4970 sibi
1221 4917 1391 4971 commissos
1400 4915 1533 4969 ordinata
1546 4912 1699 4982 partitione
1710 4917 1767 4966 mm

58 4986 89 5035 ct
104 4982 233 5048 plurium
249 4985 429 5041 coloniarum
442 4987 621 5053 deductiori,
635 4995 685 5042 aut
700 4988 884 5043 incremento.
944 4987 973 5040 in
988 4986 1112 5054 civitate,
1127 4999 1211 5056 quam
1227 4988 1256 5041 in
1276 5000 1344 5056 agro
1366 4987 1405 5040 ita
1422 4993 1516 5054 posset
1531 4985 1685 5053 episcopus
1697 4995 1768 5038 cen-

58 5051 187 5109 Eboraco
204 5056 579 5123 primasdemlitdlcninns
592 5071 674 5128 quem
690 5061 813 5129 primum
829 5058 888 5113 edi·
942 5069 1013 5125 sere,
1031 5071 1123 5123 nosse,
1144 5070 1254 5125 curare,
1282 5069 1315 5111 ac
1341 5070 1437 5127 regere
1455 5055 1627 5126 singillatim
1651 5067 1700 5122 per
1725 5066 1766 5121 se,

58 5122 103 5177 dit
118 5124 211 5180 Grabe
228 5138 289 5198 pag.
304 5125 349 5192 BG,
368 5128 407 5182 ita
421 5142 546 5184 canens:
941 5133 991 5182 aut
1007 5141 1056 5197 per
1072 5126 1260 5197 presbyteros,
1278 5135 1309 5183 ut
1322 5129 1429 5183 nemini
1445 5126 1575 5181 deessent
1595 5125 1629 5180 ad
1645 5124 1767 5180 salutem

545 5252 550 5262 ,
681 5253 686 5264 ,
941 5203 1103 5267 comparata
1141 5199 1273 5267 praesidia
1298 5199 1437 5254 doctrinae
1459 5204 1487 5252 et
1512 5202 1765 5252 sacramentorum.

154 5247 227 5357 ¹F¹³¹¹⁰
245 5249 362 5323 Bomanu
377 5265 468 5299 monus
485 5265 574 5310 muns,
591 5255 616 5300 et
626 5252 738 5301 turribus
749 5253 825 5301 altam
940 5270 1045 5334 Tertia,
1062 5276 1095 5324 ut
1108 5269 1241 5324 Ecclesia
1255 5269 1335 5325 illius
1355 5270 1479 5338 guertium
1497 5269 1594 5324 unitas
1612 5266 1768 5337 diligenter

175 5311 280 5359 undant
301 5327 384 5374 pnrno
388 5348 435 5362 ·····
941 5341 1147 5403 custodiretur,
1161 5346 1188 5394 et
1201 5341 1323 5395 unitatis
1337 5342 1507 5396 arctissimae
1524 5351 1613 5393 nexus
1629 5351 1694 5392 cum
1711 5340 1768 5392 Ec-

154 5371 188 5420 Ut
201 5372 272 5420 sseret
289 5374 398 5423 ducibus
411 5390 501 5423 nectara
515 5376 628 5437 potentio
643 5378 716 5436 regni
1002 5411 1008 5423 .
1113 5411 1118 5422 .
1225 5412 1280 5422 ..
1667 5408 1672 5419 ·

154 5433 186 5480 Et
200 5436 279 5482 decus
291 5435 402 5498 imperii,
414 5440 546 5500 terrorque
561 5438 696 5485 hostilibus
711 5439 797 5487 armis.
940 5411 1028 5466 ⁰¹⁰⁸¹³
1043 5423 1171 5466 ⁰mn¹u¹¹¹
1188 5424 1319 5480 W¹¹¹⁰¹90
1338 5420 1473 5466 3011111118
1488 5423 1536 5480 W
1550 5407 1674 5477 1111151011
1690 5407 1766 5463 111111

941 5484 1034 5537 sedem
1049 5495 1064 5535 a
1082 5482 1201 5536 Domino
1215 5484 1384 5536 constituta.
1409 5483 1477 5536 'l'res
1497 5483 1559 5535 istae
1574 5479 1765 5544 conditiones,

57 5547 86 5602 Si
104 5554 200 5601 autem
220 5549 398 5617 caprimum
421 5551 574 5605 conditaa
602 5552 747 5619 llomanis,
770 5556 887 5622 uideret
940 5566 973 5608 ac
993 5553 1211 5619 dispositiones,
1241 5554 1403 5608 necessario
1426 5551 1655 5621 requirendaead
1679 5563 1766 5606 novos

57 5617 175 5672 ducibus
195 5632 292 5671 secuero
305 5624 436 5687 potentin,
452 5626 480 5674 et
493 5620 606 5676 colonia
630 5620 703 5677 lacta
718 5628 771 5690 est,
800 5630 885 5678 sentae
940 5623 1121 5692 episcopatus
1135 5624 1189 5677 rite
1203 5622 1374 5692 laudandos,
1389 5623 1538 5692 perspicue
1550 5620 1767 5690 deprehendun-

57 5688 185 5758 legiouis
206 5690 337 5744 victricis
365 5689 509 5745 militiBus
523 5691 653 5747 emeritis
668 5705 701 5747 co
731 5694 883 5763 traductis,
940 5702 988 5748 tur
1001 5706 1035 5747 ex
1050 5693 1171 5764 antiqua
1184 5694 1341 5764 disciplina
1353 5707 1496 5763 emanare,
1511 5698 1540 5748 et
1550 5692 1763 5748 bodleretincri

61 5756 231 5828 prolectoid
247 5761 402 5831 contigisse
412 5761 529 5816 minime
544 5763 637 5832 potuit
651 5768 717 5819 anm
732 5764 885 5835 imperium
941 5764 971 5818 in
999 5765 1191 5821 consecrando
1212 5766 1295 5836 turta
1320 5765 1434 5836 regulas
1457 5772 1621 5822 sanctorum
1646 5764 1763 5819 Patrum
