3892 6136
393 334 439 394 44
457 328 726 394 pessumarum
745 334 789 392 44
809 335 1047 393 4444444444
1065 339 1093 395 4.
1113 340 1208 397 44444
1605 336 1660 407 444

88 454 94 509 l
116 455 204 520 enim,
232 455 273 510 ait
296 455 370 511 libro
391 457 484 525 primo
503 460 601 512 contra
620 453 776 510 lulianum.
790 444 818 502 A
832 453 974 522 ejusmodi
985 455 1176 537 transigerent
1194 469 1304 523 causas,
1324 470 1415 528 neque
1436 460 1560 529 amplius
1575 471 1657 531 pate-

88 527 223 581 44444444
239 526 287 581 4444
307 534 424 583 sanctus
443 526 588 582 Africanis
607 524 778 594 respondere
833 526 1151 582 4444444444444444444
1163 528 1380 598 magistratibus
1392 532 1536 586 exsecutio
1547 541 1655 590 senten·

88 637 95 667 ,
112 596 170 651 nisi
187 596 261 666 quod
277 599 443 667 antiquitus
458 598 615 667 apostolica
638 596 728 657 sedes,
751 602 779 649 et
835 597 881 650 tiae
893 598 1087 651 mandaretur.

90 680 153 722 curn
165 668 276 722 caeteris
286 675 362 723 tenet
373 675 583 737 perseveranter
604 664 752 721 Ecclesia?
764 683 776 715 n
868 666 897 720 44
913 667 1095 738 Augustinus
1111 669 1238 737 impense
1251 677 1315 724 orat
1327 670 1511 727 Caelestinum
1537 674 1658 741 pontid-

88 737 114 791 la
130 733 181 792 406
198 754 204 789 z
222 759 233 788 4
250 739 290 793 44
307 740 402 794 44444
420 740 504 794 nobis
515 738 564 794 4444
574 735 778 808 (innocentius)
833 749 903 807 444,
917 738 1015 793 44444444
1030 741 1177 808 permittat
1190 741 1549 798 inAntoniiFussaliensis
1560 758 1656 814 causa,

91 809 210 863 teodem
232 810 314 864 modo
330 825 386 879 444
400 809 442 865 444
457 818 519 866 erat
532 817 618 880 atque
630 807 779 876 oportebat
833 808 883 876 qui
901 810 1194 877 comprovincialibus
1207 811 1243 865 ab
1268 812 1412 881 episcopis
1429 816 1544 882 propria
1565 818 1658 871 esede

88 880 207 934 uesedis
221 881 392 935 antistitem.
410 901 423 930 4
439 883 472 937 Et
488 879 583 935 inira:
604 902 616 930 a
630 877 777 933 Nouellum
835 879 1091 946 pulsusdecretum
1114 881 1149 936 ab
1174 883 1332 950 apostolica
1347 884 1414 938 sede
1435 884 1656 952 impetraverat:

88 949 187 1005 :losum
203 964 326 1006 errorem
344 953 387 1007 sic
399 952 594 1007 ecclesiastica
606 950 777 1005 auctoritate
833 950 919 1019 quod,
934 953 1046 1007 tametsi
1061 952 1256 1008 conditionale
1269 959 1378 1008 tanturn
1393 960 1464 1023 erat,
1484 962 1577 1011 tamen
1600 957 1657 1013 vim

88 1033 158 1082 sum,
175 1026 208 1076 ut
221 1022 344 1076 multum
362 1024 500 1078 miremur
511 1035 574 1078 esse
588 1021 673 1075 albuc
687 1032 777 1089 quos·
833 1020 1006 1089 minabatur,
1024 1029 1056 1077 44
1069 1024 1247 1078 exsecutioni
1265 1024 1448 1080 mandaretur
1474 1026 1656 1084 adversario·

96 1091 311 1161 perquemlibet
322 1106 445 1149 errorem
466 1094 566 1163 gratiae
577 1093 627 1146 Dei
639 1098 779 1146 conentur
834 1104 899 1145 rum
916 1092 1060 1163 ingratiis.
1075 1093 1211 1148 Praeterea
1229 1094 1312 1164 longe
1325 1103 1357 1150 ut
1368 1097 1400 1149 4).
1421 1096 1521 1153 444444
1530 1097 1579 1165 jus
1594 1112 1660 1168 apo-

88 1177 103 1227 4,
112 1161 138 1217 44
151 1168 245 1218 tamen
255 1163 313 1219 4444
327 1172 404 1234 gesta
420 1165 596 1220 didicerunt.
612 1180 625 1212 4
639 1163 673 1216 Et
684 1161 774 1216 alibi:
832 1161 941 1218 4444444
951 1163 1029 1219 sedis
1040 1166 1069 1218 in
1083 1166 1303 1220 controversiam
1322 1172 1421 1227 444444,
1436 1165 1541 1223 4444444
1561 1166 1659 1237 potius

88 1238 159 1288 untes
181 1235 216 1288 ad
240 1246 291 1289 nos
318 1235 474 1303 perducite.
504 1234 654 1289 tamenim
679 1232 713 1287 44
725 1231 777 1285 bac
832 1231 984 1293 44444444
995 1234 1133 1304 exemplis
1146 1235 1367 1304 quampluribus
1383 1237 1571 1308 judiciorum,
1593 1254 1657 1308 444

88 1302 775 1372 oconciliamissasuntadsedemapostolicam3
832 1316 882 1357 seu
908 1302 975 1372 lata,
999 1317 1048 1360 seu
1074 1306 1241 1361 confirmata
1267 1305 1385 1362 luerunt
1400 1306 1436 1362 ab
1452 1311 1549 1364 eadem
1579 1310 1655 1366 sede.

88 1386 120 1428 m
132 1376 271 1443 rescripta
281 1383 429 1432 venerunt.
444 1377 534 1431 Causa
548 1375 630 1430 linita
643 1380 696 1438 est,
714 1372 777 1427 uti-
832 1374 923 1441 4444444
940 1376 979 1430 444
994 1377 1159 1431 testimonia
1174 1377 1235 1446 ipse
1248 1375 1360 1445 protero
1375 1377 1409 1433 ad
1422 1379 1569 1435 Coelestini
1583 1393 1657 1448 pon-

89 1445 184 1501 uando
196 1445 313 1501 44444444
323 1460 404 1503 44444
414 1447 421 1501 4
432 1448 506 1518 Ergo
520 1445 778 1501 utadvertantmo-
831 1443 982 1516 tilicatum,
996 1458 1030 1502 ea
1042 1446 1164 1517 epistola
1178 1461 1263 1517 quam
1286 1447 1363 1503 bunc
1377 1449 1410 1503 ad
1429 1450 1590 1518 pontificem
1605 1451 1655 1506 de-

89 1519 112 1571 44
136 1516 319 1572 44444444444
339 1517 484 1579 docemus,
501 1523 534 1573 44
548 1521 696 1572 44444444
709 1526 777 1569 444-
832 1515 886 1583 444,
911 1523 1030 1574 vetustae
1053 1517 1192 1574 editionis
1217 1515 1279 1585 464,
1296 1519 1466 1576 recentioris
1478 1526 1572 1576 autem
1592 1518 1655 1578 aba.

88 1586 156 1642 idem
172 1588 205 1641 de
217 1588 290 1641 4444,
304 1590 426 1657 Apostot.
443 1602 528 1644 serm.
541 1585 569 1655 4,
593 1588 621 1642 44
636 1584 705 1654 444.)
866 1586 1005 1642 Caeterum
1024 1588 1051 1642 S.
1065 1589 1246 1660 Augustinus
1260 1602 1316 1645 uon
1340 1590 1423 1646 modo
1445 1604 1579 1661 suprema
1591 1593 1656 1660 jura

88 1657 167 1713 tdum
186 1660 390 1715 oecumenicam
409 1661 444 1716 ad
458 1659 597 1730 synodum
611 1654 776 1726 appellandi
833 1664 938 1712 sanctae
950 1658 1028 1714 sedis
1038 1660 1162 1730 agnovit,
1172 1667 1323 1715 veneratus
1333 1660 1484 1731 tuitusque
1496 1667 1549 1720 est.
1559 1675 1655 1719 verum

88 1729 132 1784 ido
144 1732 234 1795 44444
247 1735 308 1784 4444
321 1731 335 1784 ‘l
349 1732 507 1787 Audiamus
521 1730 574 1785 4444
588 1729 623 1783 44
636 1742 666 1783 44
677 1728 718 1782 44
740 1742 777 1781 u·
833 1728 920 1783 etiam
936 1731 1164 1799 quotiescunque
1179 1729 1236 1784 4444
1246 1743 1329 1799 opus,
1342 1731 1510 1799 pontiilcum
1525 1734 1654 1803 ipsorum

110 1798 209 1867 «Quid
230 1803 362 1870 4444444
379 1804 482 1857 dicunt
499 1801 513 1854 ‘l
534 1803 573 1855 De
594 1742 777 1867 simplicibus
793 1811 820 1872 Β
834 1799 975 1855 vindicem
991 1801 1080 1871 gessit
1093 1801 1275 1856 acerrimum.
1292 1803 1388 1870 Neque
1399 1809 1490 1858 tamen
1517 1805 1655 1860 rationem

88 1883 97 1924 4
109 1869 171 1925 4444
180 1872 400 1941 congregatione
414 1872 515 1942 synodi
527 1872 556 1927 in
569 1871 641 1926 locis
655 1869 719 1924 suis
737 1882 778 1922 se·
834 1869 936 1925 babuit
946 1870 1243 1926 nullamdiscriminis
1252 1872 1393 1927 bominem
1405 1873 1481 1929 inter
1493 1881 1579 1942 atque
1590 1887 1657 1941 pon·

88 1941 446 2011 ,extortasubscriptioest
458 1943 613 1997 44444444
627 1952 777 2011 congrega·
832 1939 948 1995 4444444.
965 1942 1071 2012 siquid
1089 1943 1192 1997 misera
1202 1954 1299 1997 eorum
1317 1943 1381 1998 4444
1395 1944 1511 2012 privatae
1526 1946 1655 2001 conditio

88 2011 304 2081 todiopuserat,
316 2020 347 2068 ut
361 2021 458 2083 aperta
472 2014 614 2081 pernicies
631 2013 776 2066 damnare
832 2023 911 2066 noxae
926 2011 1014 2067 444444
1040 2011 1143 2068 luisset
1157 2012 1289 2068 obnoxia.
1305 2011 1341 2067 At
1368 2022 1549 2098 posteaquam
1565 2016 1651 2070 mini-

88 2082 220 2137 asinutla
235 2083 351 2139 44444444
361 2084 517 2154 aliquando
532 2083 589 2138 nisi
601 2081 701 2152 synodi
712 2093 776 2135 cort·
830 2082 913 2137 sterli
929 2083 1064 2139 bonorem
1088 2084 1264 2139 sanctissimi
1279 2084 1416 2154 omnique
1428 2087 1546 2154 mayoris
1569 2099 1655 2141 exee-

87 2165 121 2209 44
150 2154 283 2209 damnata
320 2157 369 2220 sit,
397 2169 461 2210 cum
489 2156 585 2223 potius
619 2152 775 2208 rarissimae
831 2153 928 2221 ptione
940 2154 1107 2219 vindicavit,
1119 2154 1435 2223 lamamtueturipsius
1449 2157 1587 2225 ministri,
1603 2158 1654 2227 444

91 2231 140 2279 tur
149 2230 264 2293 propter
275 2239 345 2295 quas
355 2226 532 2281 damnandas
543 2224 698 2279 necessitas
707 2222 776 2277 talis
832 2224 961 2279 omnium
987 2227 1108 2280 unanime
1126 2238 1247 2296 nequam
1268 2227 1417 2281 bominum
1436 2227 1655 2283 baereticorum-

88 2300 120 2360 t3
138 2294 285 2366 multoque
312 2297 372 2351 sint
399 2305 485 2366 atque
514 2293 777 2364 incomparabiliter
833 2306 888 2362 que
899 2295 1055 2351 carlumniis
1065 2302 1109 2352 est
1118 2295 1270 2353 obnoxius.
1283 2296 1340 2352 Suo
1354 2297 1415 2353 loco
1436 2297 1657 2368 dicimusquid·

88 2378 138 2436 [44
152 2365 201 2421 ubi
217 2368 400 2434 exstiterunt,
416 2367 479 2422 illic
493 2365 650 2435 improbari
664 2365 778 2420 damna·
833 2365 903 2433 quid
916 2365 1075 2422 Donatistis
1090 2368 1098 2421 i
1104 2380 1152 2436 pse
1166 2368 1322 2435 respondit,
1336 2365 1406 2423 dum
1424 2368 1558 2424 4444444444
1573 2368 1656 2438 obje-

88 2444 247 2500 eruerunt;
275 2443 361 2509 atque
383 2439 449 2494 inde
471 2451 521 2507 per
538 2444 654 2492 caeteras
687 2441 777 2491 terras
832 2442 942 2491 starent
964 2437 1128 2506 ponttuccm
1153 2437 1362 2505 Marcellinum,
1382 2438 1558 2509 llarcellum,
1584 2437 1657 2495 blel-

90 2520 115 2563 at
140 2508 316 2565 innotescere
345 2515 508 2578 potuerunt.
534 2510 638 2565 Verum
654 2507 775 2563 istorum
832 2507 1652 2578 obiademaosylvestrumpersecutionibussuccubuisse.

88 2578 176 2634 ,44444
185 2579 270 2634 44444
283 2581 404 2652 gloriam
414 2586 528 2648 captare
544 2578 730 2650 intelligitur,
745 2585 778 2635 44
834 2579 970 2635 Videmus
982 2581 1045 2635 suis
1072 2579 1103 2635 in
1127 2579 1212 2635 libris
1232 2580 1369 2635 adversus
1384 2580 1550 2653 Pelagianos
1570 2594 1655 2652 quam

87 2649 151 2706 illos
161 2649 289 2707 Orientis
303 2656 332 2707 et
345 2651 510 2707 Occidentis
524 2651 651 2720 synodus
663 2663 778 2723 congre·
832 2649 905 2706 belle
919 2649 1081 2719 pontlilcem
1091 2651 1236 2706 zosimum
1251 2663 1267 2705 a
1282 2652 1412 2706 censoria
1430 2664 1463 2706 ea
1479 2653 1656 2710 notaviudi-

88 2720 161 2777 rbem
177 2723 284 2793 qnippe
311 2722 486 2778 catholicum
506 2721 641 2793 quoniam
656 2722 777 2778 Domino
832 2728 888 2789 444,
905 2733 989 2792 4444
1005 2720 1180 2776 stultissima
1194 2733 1225 2775 ea
1238 2721 1333 2789 capita
1346 2721 1437 2777 eidem
1448 2722 1565 2781 inurere
1576 2737 1658 2781 cona-

88 2796 161 2848 teute
181 2802 338 2862 pervertere
362 2799 514 2864 nequeant,
528 2792 627 2849 saltem
649 2806 778 2848 commo-
833 2793 938 2848 bantur
950 2792 1043 2863 quoad
1057 2804 1116 2847 suae
1128 2791 1315 2846 auctoritates
1333 2793 1503 2849 exercitium
1520 2809 1571 2865 pro
1584 2809 1659 2851 4444

88 2869 188 2933 tantur,
202 2878 266 2919 444
283 2864 380 2935 potius
404 2864 554 2934 vigilantia
575 2869 604 2918 et
623 2862 777 2935 diligentia
834 2863 920 2919 renda
932 2862 1033 2918 4444444
1046 2861 1357 2933 quamprotltebantur.
1373 2864 1449 2919 used
1466 2866 1490 2919 44
1499 2864 1658 2936 (ipsissima

88 2933 93 2989 4
117 2942 180 3004 post
194 2933 300 2991 lactum
317 2935 379 2990 iliis
391 2940 552 3004 competens
574 2933 778 3003 suidcicnsque
832 2939 860 2990 s'.
881 2935 1009 2990 doctoris
1025 2933 1107 2987 verba
1131 2931 1218 3002 sunt).
1238 2933 1314 3002 quod
1338 2933 1425 3001 absit,
1452 2936 1492 2991 ita
1507 2934 1659 2993 luissetdc

88 3019 112 3071 4,
126 3005 292 3077 ubicunque
316 3007 366 3061 isti
381 3007 442 3075 lupi
462 3007 658 3075 apparuerint,
677 3004 779 3061 conle-
832 3005 987 3061 coelestino
997 3002 1040 3058 vel
1051 3004 1165 3074 Pelagio
1176 3004 1205 3061 in
1215 3003 1339 3058 Romana
1350 3003 1477 3061 Ecclesia
1484 3006 1658 3075 iudicatum,

91 3081 132 3146 44,
154 3078 214 3132 4444
227 3083 259 3134 44
274 3083 412 3133 sanentur
432 3083 518 3146 atque
544 3081 701 3141 mutentur,
718 3079 778 3132 4444
835 3083 868 3132 44
883 3075 933 3130 4444
947 3089 1046 3131 44444
1074 3074 1217 3142 dogmata,
1243 3087 1306 3143 444
1322 3074 1351 3128 44
1375 3075 1437 3130 44444
1464 3085 1492 3132 44
1507 3091 1572 3134 444
1586 3077 1660 3149 ipsis

90 3147 183 3204 iorum
207 3149 300 3204 salute
316 3152 403 3218 atque
422 3148 586 3217 integritate
609 3148 745 3203 vitentur.
764 3165 816 3237 »C
835 3160 906 3216 papa
933 3145 1119 3200 Innocentius
1142 3144 1335 3214 damnaverat,
1364 3146 1548 3214 approbanda
1571 3157 1600 3205 et
1615 3156 1661 3205 te-

88 3214 125 3273 .·2
141 3221 220 3289 epist.
242 3220 347 3286 Petap,
364 3219 384 3273 l.
400 3217 426 3287 4,
444 3219 474 3273 44
490 3218 566 3285 bne.)
835 3218 926 3272 nenda
941 3215 1205 3294 pronuntiarentur,
1217 3227 1250 3268 ea
1262 3215 1315 3270 boc
1331 3217 1427 3284 potius
1439 3225 1513 3273 esset
1531 3220 1663 3288 praevari-

88 3302 114 3345 ts
137 3289 211 3346 idem
232 3291 333 3346 doctor
353 3290 449 3346 eadem
473 3289 509 3344 de
538 3303 567 3344 re
589 3290 631 3346 ait
644 3289 775 3347 iuliano:
834 3287 958 3344 cationis
973 3291 1040 3342 nota
1053 3286 1189 3339 ltomanrs
1199 3285 1316 3339 clericis
1329 3285 1481 3341 inurenda.
1498 3290 1579 3345 Nunc
1594 3302 1660 3346 vero

88 3359 122 3415 bt
130 3373 192 3416 eam
206 3369 312 3429 partem
323 3359 403 3416 orbis
415 3359 548 3415 44444444
557 3360 668 3428 debere,
679 3362 708 3417 in
723 3373 779 3431 qua
834 3370 933 3414 444...
950 3354 1254 3413 zosimuscmlestium
1270 3367 1300 3410 se
1316 3369 1437 3426 purgare
1452 3357 1614 3415 molientem
1625 3362 1659 3417 ad

93 3428 288 3502 apostolorum
299 3444 417 3486 suorum
429 3430 780 3504 voluitbominusglorio-
835 3426 1070 3485 consentiendum
1084 3425 1262 3492 supradictis
1280 3426 1359 3483 sedis
1370 3428 1537 3497 apostolicas
1552 3431 1661 3487 litteris

88 3503 224 3573 martyrio
238 3503 380 3558 coronari.
400 3503 453 3557 Cui
470 3500 601 3557 Ecclesia
621 3502 781 3570 praesiden-
834 3503 915 3573 (quus
942 3499 1089 3563 Africanis
1116 3496 1242 3550 4444444444
1272 3500 1470 3567 perscripserat
1495 3501 1662 3572 lanscetius)

88 3577 148 3629 tum
171 3574 368 3629 innocentium
390 3574 416 3628 si
433 3572 534 3628 audire
559 3573 710 3635 voluisses,
720 3573 779 3641 jam
836 3569 934 3625 crebra
951 3567 1174 3624 interlocutione
1188 3569 1405 3636 constrinxerit,
1422 3568 1550 3638 proiecto
1571 3571 1662 3642 quid-

88 3642 233 3700 ·ioulosam
255 3646 433 3714 iuventutem
461 3650 539 3697 tuam
563 3644 724 3716 Pelagianis
739 3643 779 3698 44-
836 3641 906 3769 guid
922 3641 1031 3695 interea
1043 3639 1246 3721 Ι44444444444
1261 3647 1305 3694 444
1318 3652 1382 3693 444
1394 3640 1528 3698 Goelestio
1551 3650 1662 3699 servata

90 3715 193 3772 uisses.
209 3734 222 3766 4
241 3714 293 3787 (ld.
307 3715 360 3770 lib.
382 3717 392 3769 l
408 3719 469 3768 cont
483 3715 590 3768 Julian.
606 3729 667 3784 cap.
687 3711 728 3783 4.)
858 3716 978 3767 4444444
991 3717 1204 3779 antiquissime
1222 3714 1251 3763 et
1273 3709 1479 3767 robustissimae
1494 3713 1560 3770 ddei
1576 3714 1665 3770 drmi-

88 3785 781 3857 lturnequissimisiisnominibuseuAugustino
838 3790 905 3848 tate,
933 3779 1123 3837 correctionis
1149 3778 1207 3834 4444
1224 3779 1448 3836 clementissima
1476 3787 1574 3841 suasio
1606 3799 1662 3843 non

89 3870 189 3929 quum,
214 3864 275 3926 post
294 3858 380 3913 latam
395 3855 431 3910 ab
454 3855 612 3926 apostolica
634 3857 699 3912 sede
712 3869 782 3912 sen·
839 3851 1008 3924 approbatio
1022 3850 1231 3906 exitiosissima
1245 3851 1405 3920 pravitatis.
1421 3855 1456 3908 Et
1470 3855 1546 3924 quod
1563 3826 1598 3912 ab
1612 3869 1665 3913 eo-

114 3934 216 3999 praeter
236 3927 452 3984 detestationem
469 3927 624 3982 criminum
640 3939 672 3981 44
688 3928 784 3996 poeni-
839 3927 903 3981 dem
912 3923 1060 3979 sacerdote
1076 3926 1172 4004 postea
1188 3920 1339 3978 celestius
1350 3929 1378 3977 et
1394 3923 1527 4006 Pelagius
1542 3927 1663 3996 repetita

103 4019 117 4051 4
144 4001 179 4055 Et
202 4001 261 4054 4444
284 3998 472 4054 exsecrabilia
503 3999 635 4053 damnata
657 4003 785 4053 tenentes
840 3993 1398 4062 auctoritatedamnattsunt,paululum
1412 3998 1663 4069 tttmrmissae,1am

88 4076 183 4136 44444,
204 4071 298 4126 adbuc
318 4071 437 4139 insuper
450 4069 581 4138 flagitant
595 4069 783 4137 audientiam,
840 4067 1003 4121 necessario
1019 4062 1200 4134 4444444444
1214 4065 1377 4120 severitatis
1399 4065 1467 4129 4444,
1484 4081 1540 4124 444
1553 4082 1664 4139 44444-

88 4143 180 4197 44444
213 4142 333 4197 debeant
355 4154 437 4211 agere
460 4140 664 4209 poenitentiam.
691 4159 704 4187 4
732 4139 783 4209 (44.
841 4137 943 4193 ricatio
956 4137 1038 4205 prius
1052 4135 1174 4206 cognitae
1194 4134 1237 4189 vel
1253 4148 1323 4190 nova
1346 4137 1475 4208 cognitio
1498 4140 1663 4196 veritatis...

88 4214 154 4281 pist.
175 4212 267 4280 Petuq,
290 4211 343 4266 lib.
359 4215 409 4266 rin
424 4212 501 4280 line.)
839 4208 986 4278 Quomodo
1001 4206 1092 4277 igitur
1116 4205 1151 4259 ab
1167 4205 1232 4260 istis
1247 4205 1313 4261 ildei
1327 4206 1525 4266 desertoribus
1538 4219 1567 4267 et
1578 4225 1666 4283 oppu-

88 4288 141 4338 lrca
154 4283 415 4352 provocationesad
430 4285 556 4337 sanctam
581 4283 674 4337 sedem
690 4283 783 4352 quoad
840 4277 1010 4351 gnatoribus
1031 4277 1130 4347 gratiae
1161 4277 1278 4332 4444444
1300 4277 1399 4334 clerici
1420 4283 1666 4348 prevaricationis

88 4353 151 4410 idos
174 4367 277 4422 mores,
294 4352 413 4409 reseram
429 4353 571 4423 quidquid
591 4354 712 4422 zosimo,
729 4353 786 4408 Bo·
840 4355 1003 4422 arguuntur
1016 4347 1070 4403 sub
1084 4349 1219 4417 episcopo
1233 4348 1356 4419 zosimo,
1372 4352 1455 4419 quasi
1471 4352 1551 4409 aliud
1572 4368 1666 4410 sense-

88 4436 115 4480 to
128 4423 281 4481 Coelestino
295 4423 481 4493 pontilicibus
492 4422 648 4493 Augustini
661 4438 720 4478 aevo
738 4438 785 4479 ac·
841 4421 901 4476 rint
920 4421 951 4474 in
975 4421 1159 4475 damnatione
1190 4420 1347 4486 posteriore
1368 4420 1495 4476 Goelestii
1510 4430 1538 4478 44
1554 4425 1661 4495 Pelagii

89 4495 139 4552 tin
149 4494 247 4550 Africa
262 4497 313 4549 bac
324 4495 359 4550 de
373 4508 412 4550 re.
429 4495 577 4549 Provincia
590 4494 689 4548 4444444
703 4494 785 4549 Occi·
863 4504 925 4547 uam
946 4491 1021 4560 quod
1037 4488 1091 4544 sub
1119 4489 1283 4544 innocentio
1308 4490 1336 4543 in
1362 4491 1458 4558 priore
1481 4504 1631 4550 senserunt
1650 4497 1666 4551 ‘l

97 4567 228 4622 Ecclesiae
240 4566 356 4620 moleste
363 4565 515 4621 admodum
527 4564 633 4619 serebat
641 4579 670 4620 se
679 4565 784 4635 subjici
800 4571 825 4630 4)
840 4508 913 4629 auia
926 4561 1027 4631 utique
1037 4575 1100 4613 cum
1117 4561 1145 4614 in
1161 4559 1266 4613 litteris
1274 4559 1447 4641 venerabilis
1457 4564 1615 4619 innocentii
1629 4567 1664 4622 de

88 4636 130 4692 444
144 4635 348 4707 patriarchalis
364 4650 422 4691 suae
434 4638 500 4705 jnra
523 4636 708 4691 detractabat.
734 4641 786 4691 tti-
843 4632 981 4704 parvulis,
1010 4631 1069 4685 nisi
1085 4630 1300 4710 baptizarentur
1316 4644 1346 4684 rn
1360 4632 1485 4700 cbristo,
1513 4634 1541 4687 in
1557 4641 1664 4692 aeterna

88 4707 176 4765 alius:
203 4707 265 4763 Airi
292 4708 388 4776 potius
409 4708 444 4761 de
463 4705 569 4776 judicii
586 4719 687 4777 genere
701 4713 787 4776 atque
843 4711 933 4760 rnorte
947 4700 1251 4782 mansuriscatbolrcae
1267 4700 1333 4755 44444
1349 4701 1470 4757 clareret
1490 4703 1661 4777 antiquitas,

88 4779 304 4835 oecxsecutione
317 4777 517 4847 disceptabant
530 4777 558 4831 in
575 4778 673 4833 causis
687 4778 788 4848 appel·
844 4774 970 4845 prolecto
979 4772 1114 4827 Ecclesia
1128 4772 1261 4826 Romanae
1277 4772 1476 4840 prevaricator
1493 4775 1591 4842 potius
1601 4788 1664 4832 esse

88 4891 93 4915 ,
119 4863 203 4920 quam
230 4850 351 4918 dejure
379 4848 505 4917 supremi
530 4847 697 4916 tribunalis,
712 4848 786 4918 quod
844 4848 1011 4916 quicunque
1025 4841 1060 4896 ab
1077 4841 1128 4923 4444
1151 4842 1294 4896 sententia
1316 4843 1477 4913 deviasset,
1503 4846 1589 4915 quod,
1606 4848 1664 4902 Deo

88 4920 302 4991 sedinunquam
319 4921 349 4974 in
374 4919 530 4975 discrimen
551 4923 697 4974 vocarunt.
723 4920 788 4974 Per·
844 4915 980 4986 propitio,
1006 4924 1142 4982 quomam
1168 4910 1275 4966 444444
1299 4925 1355 4967 444
1377 4920 1431 4982 444,
1447 4914 1493 4970 sed
1510 4916 1572 4984 ipsa
1592 4931 1666 4973 con-

88 4997 149 5048 test
160 4991 404 5047 consultationum
420 4991 730 5061 congregationumque
744 5002 790 5045 eo·
843 4991 953 5042 stanter
964 4982 1086 5066 repetita
1098 4981 1223 5065 Qtelestii
1236 4989 1264 5037 et
1284 4982 1391 5056 Pelagii
1406 4984 1668 5048 damnationeser-

88 5076 183 5119 umam
197 5059 287 5118 444444
299 5062 461 5132 pontidcem
475 5061 629 5116 maximum
640 5060 788 5130 deprecari
843 5062 968 5121 vataest,
978 5069 1009 5112 se
1024 5053 1188 5125 intelligant
1199 5066 1261 5108 esse
1273 5055 1349 5109 unde
1373 5054 1447 5111 alios
1460 5058 1666 5130 criminantur,

88 5148 124 5191 os
136 5145 173 5189 ne
196 5134 382 5204 imposterum
408 5134 542 5202 mitteret,
569 5132 604 5187 ad
627 5132 789 5203 cognitores
843 5134 871 5184 ct
885 5126 1071 5199 aliquandoa
1091 5125 1156 5181 lldei
1173 5125 1407 5192 prevaricatione
1421 5136 1568 5183 sanentur.
1583 5125 1668 5197 4444.

88 5203 164 5262 nodo
190 5205 221 5259 in
248 5218 306 5261 rem
332 5210 498 5273 praesentem
523 5205 712 5275 renuntiaret,
737 5203 788 5276 qui
844 5206 939 5255 contra
957 5199 1027 5253 44444
1041 5198 1120 5266 epist.
1131 5197 1262 5263 Pelopida
1277 5195 1328 5252 lib.
1344 5209 1376 5269 11,
1391 5211 1473 5269 capp.
1487 5199 1542 5255 444
1557 5197 1594 5272 4.)

725 5462 920 5474 ——u

113 5716 253 5796 Parnon.
280 5736 412 5796 cxxvii.
