3892 6136
175 224 222 282 l9l
565 230 612 285 Al)
630 198 850 285 anastasium
868 229 1124 286 PROLEGOMENA
1142 230 1229 286 abir.
1263 225 1483 285 uon-vtato.
1826 219 1881 278 ⁴92

173 351 203 407 in
216 351 278 408 Vita
289 352 410 409 Adriani
422 351 540 408 desinit.
552 350 645 407 Habui
655 351 759 408 deinde
769 350 860 406 alium
870 347 996 404 codicem
1012 347 1039 408 A
1054 361 1116 416 quae
1131 348 1165 404 ad
1180 362 1238 403 rem
1254 353 1380 404 nostram
1395 346 1485 418 magis
1497 344 1619 402 faciunt.
1632 345 1672 403 dc
1684 347 1758 403 illud
1775 346 1806 402 iu
1821 346 1881 417 prl-

173 441 401 509 manuscriptum
427 439 672 512 longobardicum
692 438 941 509 antiquissimum,
963 450 997 490 ex
1054 435 1108 490 mis
1127 441 1226 492 notatu
1241 435 1361 507 dignum
1379 435 1524 500 ducimus,
1545 434 1662 490 Librum
1680 433 1878 491 Pontillcalem

172 528 268 583 eadem
288 527 464 583 bibliotheca
480 536 636 584 conventus
650 528 678 583 S.
695 527 793 595 biarci,
809 526 898 581 multo
913 530 998 580 vetu-
1053 523 1129 578 ultra
1149 525 1316 592 pontiacum
1336 529 1405 578 Acta
1421 537 1437 578 a
1453 522 1578 578 secundo
1597 522 1727 594 catalogo
1747 522 1880 578 exhibita

172 612 289 669 stiorem
304 615 408 684 priore,
423 617 485 684 ejus
499 615 637 671 lectiones
651 622 809 670 atramento
825 613 931 679 notavi,
947 611 995 667 ubi
1051 613 1198 668 continere
1210 612 1381 683 quamplura
1396 611 1463 676 alia,
1478 615 1510 666 ut
1523 610 1599 666 inter
1611 611 1670 665 alia
1682 611 1780 666 videre
1790 615 1835 666 est
1848 611 1878 666 in

171 714 235 756 cum
257 703 429 759 Farnesiano
453 708 480 758 et
503 703 667 758 Florentino
690 702 833 770 convenit,
859 700 997 756 lectiones
1051 698 1202 767 Clemente,
1226 699 1358 756 Cornelio
1382 706 1410 754 et
1431 698 1563 754 blarcello
1589 697 1785 768 pontiheibus.
1809 698 1880 768 Quae

171 788 315 845 dictorum
331 791 463 846 codicum
483 789 559 845 linea
580 791 662 859 nigra
678 789 815 860 subduxi,
837 803 893 860 qua
909 787 997 855 hujus
1050 784 1881 857 auteminSylvestroadduntur,lougeclariusmonstraut

171 877 274 946 optimi
287 878 397 934 codicis
412 892 569 934 consensus
582 885 717 935 notatur:
731 880 778 935 sed
791 877 839 934 ubi
852 876 997 948 peculiare
1052 875 1080 930 ld
1101 876 1176 945 quod
1193 875 1370 944 probandum
1390 874 1582 943 suscepimus.
1598 874 1667 928 Acta
1682 873 1759 928 enim
1774 874 1802 928 S.
1818 873 1881 944 Syl·

172 965 242 1034 quid
257 965 350 1035 habet,
369 972 528 1022 atramento
543 967 666 1038 signavi,
683 968 815 1037 opposita
832 971 897 1021 nota
911 965 951 1020 Fl.
966 963 993 1032 2,
1049 963 1137 1018 vestri
1153 969 1222 1018 suut
1235 962 1324 1032 triplo
1336 962 1486 1032 ampliora,
1501 974 1586 1032 quam
1602 960 1653 1016 illa
1663 974 1727 1030 qnae
1742 959 1881 1016 exhiben-

173 1053 226 1108 hoc
239 1060 282 1108 est
301 1053 486 1110 Florentinus
505 1056 593 1111 codex
613 1052 641 1110 2.
660 1056 775 1110 Desinit
796 1060 892 1110 nutem
907 1053 995 1109 codex
1049 1051 1264 1106 turasecundo
1279 1049 1419 1120 catalogo.
1435 1048 1606 1104 consistunt
1621 1054 1716 1103 autem
1733 1048 1880 1118 praecipue

171 1141 226 1196 iste
243 1141 273 1195 in
292 1142 382 1197 Leone
407 1144 439 1210 ll,
463 1157 527 1215 pag.
547 1141 591 1199 80.
620 1144 757 1200 Praeterea
782 1143 902 1199 mutilus
922 1147 995 1197 esta
1051 1138 1080 1192 in
1102 1138 1309 1195 donationibus
1332 1138 1399 1208 piis,
1422 1150 1494 1207 quas
1511 1135 1719 1191 Constantinus
1739 1133 1809 1191 fecit
1827 1149 1879 1205 pro

171 1241 233 1298 pag.
249 1225 284 1284 l‘l
302 1244 393 1300 usque
410 1232 445 1287 ad
461 1246 522 1303 pag.
540 1231 585 1289 58.
601 1234 671 1290 Cum
692 1233 745 1288 hoc
760 1232 859 1288 codice
875 1231 996 1285 Floren-
1049 1226 1135 1282 Urbis
1148 1233 1177 1283 ει
1191 1228 1253 1298 agri
1273 1225 1432 1282 suburbani
1451 1224 1593 1280 ecclesiis.
1615 1225 1682 1280 Post
1698 1223 1878 1295 sylvestrum

169 1316 232 1374 tino
245 1315 264 1374 ι
277 1318 307 1374 in
322 1319 458 1377 omnibus
470 1320 558 1377 ferme
571 1322 716 1378 consentit
728 1321 790 1377 cod.
810 1321 897 1376 vatic.
912 1317 993 1388 5269,
1050 1315 1215 1386 frequenter
1226 1315 1325 1371 addita
1339 1313 1452 1370 suntab
1464 1319 1581 1369 auctore
1594 1311 1673 1367 Libri
1685 1311 1877 1383 Pontibealis,

170 1405 220 1476 qni
236 1407 345 1463 desinit
360 1408 389 1463 in
405 1407 542 1480 Gregorio
557 1411 590 1465 ll.
608 1411 701 1479 Hujus
716 1409 825 1466 codicis
839 1415 912 1465 notae
927 1416 996 1465 sunt
1050 1419 1139 1475 quara
1152 1402 1339 1474 pontificibus
1354 1402 1489 1458 humanis
1501 1401 1597 1457 oblata
1612 1404 1682 1457 sunt
1694 1399 1880 1457 Urbiseccle

169 1493 260 1549 ilatio.
278 1495 381 1551 minor.
398 1497 441 1552 vel
458 1499 487 1553 v.
506 1499 543 1552 ll.
561 1517 574 1548 n
1049 1493 1104 1549 siis
1121 1500 1150 1548 ct
1165 1492 1307 1547 basilicis.
1329 1492 1376 1547 Sic
1397 1491 1427 1544 in
1447 1491 1568 1545 Damaso
1591 1502 1672 1560 papa,
1695 1488 1877 1559 innocentio,

205 1576 639 1655 l.Fideliterhucusqueretuli
652 1600 713 1657 quae
726 1586 994 1643 lucasllolsteuius
1049 1579 1196 1638 Bonilacio
1217 1583 1237 1650 l,
1259 1581 1340 1635 Sixto
1359 1581 1405 1647 lll,
1428 1581 1517 1634 leone
1537 1580 1558 1648 l,
1583 1576 1690 1646 Hilaro,
1711 1576 1877 1647 Simplicio,

169 1666 256 1723 initio
270 1669 428 1742 adnotavit,
444 1685 478 1726 ex
495 1686 553 1742 quo
568 1686 651 1729 nemo
664 1687 720 1730 non
734 1675 812 1730 videt
831 1687 914 1743 quam
936 1674 994 1728 im·
1009 1661 1032 1724 13
1049 1669 1215 1739 Symmacho
1233 1676 1262 1723 et
1282 1667 1404 1738 reliquis
1424 1664 1611 1736 pontificibus
1630 1664 1794 1721 eorumdem
1814 1678 1880 1719 suc·

168 1756 259 1810 nicusi
275 1756 383 1813 laboris
402 1773 475 1828 opus
493 1761 538 1816 vir
556 1770 661 1817 aeterna
682 1763 818 1818 memoria
833 1763 941 1834 dignus
959 1775 994 1817 ex
1048 1758 1223 1828 cessoribus,
1233 1757 1398 1828 utquisque
1408 1770 1443 1811 ex
1455 1756 1517 1825 ipso
1525 1752 1780 1810 LibroPoutibcali
1790 1751 1878 1808 iacile

169 1845 416 1910 prestantissimis
436 1847 587 1917 vaticanae,
605 1850 707 1920 hegiae,
726 1851 754 1904 s.
771 1850 856 1905 hlarci
874 1850 995 1906 Floren-
1049 1845 1168 1902 videbit.

168 1929 246 2000 tium,
280 1932 455 2003 casinensis,
485 1942 513 1991 et
543 1937 722 1993 Farnesianae
753 1938 992 1994 bibliothecarum
1084 1934 1110 1990 6.
1139 1936 1243 1990 Praeter
1261 1934 1431 1990 donationes
1457 1933 1573 1988 veroin
1600 1931 1686 1986 Libro
1712 1929 1876 1985 Pontificali

167 2018 319 2076 codicibus
342 2021 529 2095 inchoaverit,
556 2031 583 2080 ct
606 2033 697 2082 morte
727 2033 886 2097 praeventus
910 2026 994 2082 nobis
1048 2024 1234 2080 continentur
1254 2022 1336 2092 plura
1357 2030 1514 2092 martyrum
1532 2021 1612 2090 Acta,
1634 2020 1788 2088 interque
1808 2017 1877 2073 licet

169 2102 367 2173 imperfectum
399 2109 561 2181 reliquerit,
588 2125 622 2167 ex
647 2127 714 2183 quo,
740 2127 775 2169 ne
794 2119 892 2168 tantus
913 2111 994 2169 labor
1048 2111 1187 2167 nonnulla
1201 2110 1388 2180 supposititia
1403 2110 1473 2174 siut,
1487 2109 1606 2177 antiqua
1621 2113 1715 2162 tamen
1729 2113 1759 2160 et
1772 2105 1877 2175 primis

169 2194 993 2262 percat,posthancdissertationemLibrumPontificalem
1047 2192 1876 2266 Ecclesiaesaeculisconscriptavidentur.SicinClemente

167 2277 221 2333 ali.
233 2280 314 2336 Petro
325 2286 461 2353 usquead
475 2287 595 2343 Felicem
609 2295 743 2358 quartum
754 2291 881 2359 edemus,
892 2295 993 2344 cetera
1048 2288 1155 2344 citatur
1165 2287 1281 2358 quidem
1294 2286 1416 2354 epistola
1428 2286 1490 2354 cJus
1500 2284 1533 2339 ad
1544 2284 1691 2352 lacobum,
1706 2281 1757 2337 illa
1766 2286 1874 2349 tamen,

168 2365 364 2438 relinquentes
377 2371 414 2426 iis
425 2373 475 2442 qui
490 2374 602 2447 integro
615 2376 699 2432 Libro
710 2377 871 2432 Poutilicali
885 2377 993 2432 edendo
1048 2376 1116 2432 licet
1127 2375 1280 2431 Clementis
1294 2388 1349 2430 non
1364 2375 1413 2442 sit,
1426 2374 1453 2428 ei
1464 2379 1529 2428 aute
1544 2371 1660 2427 Eusebii
1675 2377 1801 2439 tempora
1817 2369 1877 2425 tri-

167 2453 296 2512 animum
310 2458 473 2516 intendunt.
490 2462 561 2518 Sunt
578 2465 654 2518 enim
667 2464 830 2534 complures
846 2470 909 2535 post
922 2464 993 2520 Feli·
1048 2463 1117 2519 buta
1137 2462 1203 2518 luit.
1229 2465 1259 2518 ln
1282 2462 1446 2517 llarcellino
1470 2461 1575 2515 mentio
1599 2459 1632 2514 iit
1650 2459 1713 2528 ejtrs
1733 2457 1833 2528 lapsus
1847 2462 1874 2513 et

167 2554 227 2598 cem
244 2552 377 2615 quartum
397 2547 545 2618 lectiones,
563 2566 627 2622 quae
642 2553 677 2608 ad
702 2554 904 2624 corrigendum
920 2567 993 2624 opus
1049 2552 1235 2623 poenitentiae,
1256 2566 1319 2620 quar
1336 2551 1467 2621 quamvis
1486 2550 1636 2617 desumpta
1656 2547 1716 2603 sint
1738 2560 1772 2602 ex
1793 2546 1874 2601 Actis

168 2628 241 2687 illud
254 2631 346 2690 lacere
360 2644 490 2704 possunt.
505 2639 577 2694 Sunt
588 2640 674 2696 etiam
690 2642 818 2711 quadam
835 2640 993 2712 fragmenta
1048 2639 1266 2710 antiquissimis
1290 2638 1410 2695 concilii
1425 2637 1603 2704 Sinvessani,
1623 2636 1692 2691 dcta
1709 2641 1803 2690 tamen
1823 2633 1874 2689 illa

168 2717 198 2775 in
214 2720 277 2775 Vita
290 2721 383 2794 Sergii
399 2727 531 2795 secundi,
547 2742 610 2797 quae
627 2742 661 2783 ex
675 2729 882 2798 antiquissimo
895 2728 993 2784 codice
1047 2735 1113 2784 ante
1122 2728 1224 2784 isidori
1234 2724 1696 2783 Mercatorisaetatemconcinnata
1704 2722 1832 2779 luerunt.
1843 2724 1874 2778 ln

167 2807 339 2866 Farnesiano
355 2812 385 2867 in
399 2811 454 2868 llue
470 2816 581 2885 retulit,
598 2831 632 2872 cx
647 2817 755 2888 quibus
770 2832 820 2887 pro
836 2816 993 2886 specimine
1046 2816 1170 2873 Eusebio
1190 2817 1296 2872 mentio
1312 2816 1343 2871 tit
1358 2815 1536 2870 inventionis
1555 2818 1660 2869 sanctae
1675 2812 1772 2868 crucis
1787 2823 1873 2881 opera

166 2897 316 2966 sequentia
331 2898 492 2958 referimus.
509 2905 540 2959 ln
556 2906 619 2959 Vita
636 2919 757 2976 namque
770 2906 861 2977 Sergii
878 2907 912 2975 ll,
930 2911 992 2975 post
1045 2906 1157 2977 cyriaci
1172 2905 1273 2974 ludaei,
1292 2918 1354 2975 quaa
1377 2904 1445 2959 licet
1465 2904 1615 2972 desumpta
1636 2900 1696 2956 sint
1710 2913 1745 2955 ex
1761 2900 1874 2955 Actisa

167 2984 218 3040 illa
233 2985 317 3040 verba
333 3006 339 3041 :
359 3007 371 3039 a
387 2988 467 3058 Quod
484 2992 583 3047 nullus
599 2994 768 3062 pontiticum
786 3008 835 3063 per
850 3002 892 3050 tot
905 3008 992 3050 anno·
1008 2983 1032 3045 C
1046 2994 1160 3050 Gelasio
1173 3008 1243 3063 papa
1255 2994 1378 3061 rejectis,
1389 2991 1496 3048 Gelasii
1510 2996 1602 3046 tamen
1613 2992 1695 3044 etate
1705 2987 1873 3057 antiquiora

166 3085 229 3127 rum
248 3074 395 3131 curricula
414 3077 448 3133 ad
471 3080 544 3134 tanti
563 3080 676 3137 decoris
694 3082 816 3149 speciem
838 3083 991 3152 perducere
1046 3087 1122 3137 sunt.
1144 3083 1236 3136 Pauca
1253 3082 1382 3152 quaedam
1397 3080 1455 3136 alia
1475 3083 1630 3134 narrantur
1646 3078 1681 3132 de
1704 3073 1872 3146 pontiacum

165 3159 324 3218 arbitratus
339 3169 390 3219 est.
406 3182 419 3215 v
433 3167 571 3236 Sequitur
587 3168 617 3222 in
631 3183 683 3223 ms.
700 3170 893 3225 Farnesiano:
910 3193 922 3222 v
939 3171 991 3225 llic
1046 3169 1203 3239 martyriis,
1220 3182 1283 3239 quae
1304 3168 1372 3223 licet
1386 3181 1420 3223 ex
1435 3167 1515 3222 actis
1538 3165 1720 3235 interpolatis
1738 3169 1873 3232 excerpta

165 3249 478 3322 sanctissimuspraesul
488 3251 618 3327 lormam,
630 3258 917 3328 quaeloviavocatur,
927 3274 990 3329 quac
1045 3257 1114 3326 sint,
1131 3257 1199 3312 dcta
1214 3263 1308 3312 mmcn
1322 3269 1433 3324 semper
1452 3255 1632 3325 reperientur
1645 3251 1680 3307 ab
1695 3249 1874 3321 antiquioris

165 3349 215 3406 per
224 3339 337 3395 evoluta
351 3353 493 3397 annorum
505 3344 599 3413 spatia
614 3345 751 3401 demolita
763 3351 848 3416 atque
863 3360 879 3400 a
894 3347 990 3403 ruinis
1045 3345 1097 3400 aevi
1112 3344 1280 3400 auctoribus
1300 3343 1463 3413 conscripta
1484 3342 1583 3413 tuisse,
1602 3347 1633 3396 ut
1648 3354 1711 3411 que
1724 3339 1760 3394 de
1775 3338 1871 3394 Pontii

69 3466 74 3479 .
165 3424 248 3494 plena
262 3426 412 3499 existebat,
431 3432 621 3502 prospiciens,
637 3434 715 3489 sicut
729 3433 871 3505 benignus
885 3442 914 3491 ct
925 3436 991 3505 pius
1045 3432 1227 3501 aliorumque
1247 3431 1452 3487 nonnullorum
1470 3437 1626 3499 martyrum
1642 3427 1873 3495 hctissuperius

164 3519 262 3583 pastor
282 3528 299 3570 a
320 3516 431 3573 noviter
457 3532 518 3575 earn
542 3522 716 3577 restauravit
739 3541 745 3576 :
769 3530 797 3578 et
819 3529 897 3579 tauta
916 3537 990 3595 aqua
1044 3520 1168 3576 adducta
1183 3524 1259 3575 sunt.
1276 3519 1397 3590 Reliqua
1411 3519 1509 3574 omnia
1521 3531 1555 3572 cx
1571 3516 1694 3573 sinceris
1708 3520 1736 3570 et
1752 3514 1873 3569 minime

163 3599 343 3659 abundanter
369 3604 521 3674 prefulsit,
548 3621 604 3678 qua
632 3623 702 3678 pene
729 3616 817 3666 totam
843 3612 989 3667 civitatem

164 3689 291 3744 satiavit.
314 3692 405 3759 liujus
423 3694 602 3763 temporibus
622 3699 738 3767 lluvius,
758 3700 808 3769 qui
829 3700 990 3770 appellatur

163 3774 286 3843 Tiberis,
300 3776 408 3833 alveum
423 3794 506 3836 suum
520 3794 652 3852 egressus
664 3793 746 3841 estet
758 3801 807 3856 per
819 3790 990 3858 campestria

164 3861 824 3940 dedit.intimuitetiaminundationeaquarum
834 3875 989 3931 multarum

165 3964 215 4020 per
228 3950 329 4006 indict.
340 3957 465 4007 octavam
477 3955 583 4010 mensis
593 3958 760 4013 Novembris
770 3960 818 4014 die
828 3974 902 4032 xxti,
914 3966 988 4032 quod

163 4038 301 4111 agebatur
310 4039 463 4096 Sabbatum
475 4044 585 4098 Natalis
595 4050 700 4100 sauctae
712 4046 833 4103 Caeciliae
845 4054 978 4120 martyris

164 4106 991 4204 evingressusesrperposterulamquaeappellatorsanctc'·

163 4216 290 4287 agathe,
323 4218 350 4272 in
380 4217 533 4273 itomanam
562 4219 672 4290 urbem,
700 4223 768 4280 bora
798 4225 890 4294 prima
917 4228 988 4286 diei.

1046 3607 1227 3678 interpolatis
1237 3613 1394 3678 martyrum
1404 3607 1493 3675 dctis,
1506 3606 1595 3661 velex
1608 3603 1733 3674 publicis
1748 3602 1872 3658 notario·

1046 3710 1108 3752 rum
1130 3696 1392 3767 sedisapostolicae
1418 3694 1536 3764 tabulis,
1562 3693 1660 3749 velex
1685 3690 1870 3762 probatorum

1045 3785 1217 3856 scriptorum
1233 3785 1369 3856 operibus
1383 3786 1532 3854 desumpta
1547 3787 1625 3838 sunt.

1079 3872 1108 3930 l.
1128 3874 1235 3930 Omitto
1257 3877 1326 3929 Acta
1345 3873 1408 3943 ipsa
1426 3874 1615 3929 Romanorum
1639 3868 1819 3941 pontificum,
1841 3867 1870 3921 in

1046 3964 1154 4035 quibus
1174 3977 1191 4018 a
1215 3965 1296 4018 Petro
1319 3962 1449 4031 apostolo
1474 3961 1622 4032 usquead
1648 3957 1869 4015 Constantinum

1047 4065 1145 4121 papam
1160 4051 1340 4106 recensendis
1354 4056 1454 4105 auctor
1464 4049 1542 4106 Libri
1555 4047 1730 4105 Pontidcalis
1744 4045 1870 4101 breviter

1046 4153 1076 4195 se
1088 4139 1221 4209 expedire
1236 4138 1316 4194 solet.
1336 4137 1359 4192 Α
1375 4138 1562 4194 Constantino
1578 4142 1672 4193 antem
1689 4148 1762 4204 papa
1778 4145 1871 4203 usque

1045 4231 1079 4287 ad
1095 4227 1268 4297 Stephanum
1286 4235 1396 4283 sextum
1419 4227 1488 4282 adeo
1503 4226 1628 4282 diffusus
1643 4228 1696 4294 est,
1715 4229 1747 4278 ut
1766 4221 1870 4277 merito

163 4305 351 4360 Transcendit
374 4305 482 4361 interea
507 4307 537 4362 iu
559 4309 709 4378 aliquibus
733 4313 816 4382 locis,
843 4323 872 4370 et
892 4332 990 4375 muros
1004 4321 1031 4382 D
1043 4319 1102 4374 dici
1118 4318 1218 4388 possit,
1230 4323 1316 4372 totam
1331 4317 1481 4372 historiam
1492 4313 1715 4372 ecclesiasticam
1728 4310 1782 4367 sub
1794 4310 1870 4366 isto-

163 4392 258 4461 Urbis,
270 4400 437 4465 etegressus
447 4403 489 4454 est
501 4398 703 4455 ineccelesiam
714 4403 742 4454 li.
754 4404 912 4472 Laurentii,
924 4422 988 4478 quae

163 4481 324 4551 appellatur
335 4484 459 4550 Lucina,
470 4492 498 4541 et
508 4487 610 4543 exinde
622 4488 768 4560 ingressus
779 4498 822 4547 est
829 4495 862 4549 ad
874 4495 986 4551 Beatam

163 4582 330 4641 semperque
344 4572 488 4644 Virginem
499 4575 549 4630 Dei
563 4577 750 4645 Genitricem,
764 4596 828 4651 quae
841 4584 934 4652 posita
944 4593 988 4641 est

164 4657 193 4712 in
214 4658 259 4714 via
274 4662 341 4715 Lata
357 4678 362 4715 :
381 4666 409 4717 et
424 4662 490 4719 inde
510 4666 644 4721 transivit
662 4669 697 4723 ad
717 4669 833 4726 Beatum
850 4675 985 4746 blarcum,

163 4758 213 4816 per
227 4748 335 4817 plateas
355 4765 385 4807 se
400 4753 537 4822 extendit,
554 4768 637 4826 agros
652 4758 816 4829 desertavit,
837 4763 987 4820 eradicans

162 4835 290 4895 arbusta.
305 4841 396 4910 hujus
407 4842 476 4898 hora
488 4843 582 4900 noctis
599 4859 702 4915 aquam
715 4850 830 4923 amovit,
842 4859 870 4908 et
881 4853 987 4910 fluvius

162 4926 197 4981 ad
214 4931 361 4999 proprium
379 4946 462 4987 suum
480 4946 626 5003 regressus
640 4944 684 4992 est
697 4939 819 5013 alveum,
837 4960 850 4991 a
867 4949 920 4997 etc.

196 5011 224 5068 5.
244 5019 336 5085 Atque
354 5033 387 5075 ex
409 5021 455 5077 bis
475 5023 592 5093 quidem
608 5032 690 5094 ⁸patet
704 5042 761 5096 quo
776 5030 804 5084 in
827 5031 918 5098 pretio
933 5032 985 5087 ha-

161 5098 260 5155 bendae
275 5102 334 5157 sint
346 5110 431 5162 variae
445 5110 501 5166 illm
516 5112 651 5168 lectiones
661 5121 688 5168 ει
701 5113 858 5186 fragmenta
870 5131 904 5173 ex
918 5135 984 5191 mss,

161 5191 314 5248 codicibus
329 5205 344 5247 a
357 5196 432 5250 Luca
446 5200 593 5255 llolstenio
605 5211 721 5270 exerpta
734 5222 741 5272 3
756 5218 879 5274 cumque
890 5210 986 5265 omnia

161 5279 243 5336 edere
255 5282 290 5337 ad
307 5282 476 5339 institutum
498 5295 627 5344 nostrum
649 5291 767 5346 minime
785 5294 955 5367 pertineant,
970 5312 986 5352 a

162 5366 285 5438 reliquis
301 5372 484 5428 recensendis
499 5375 719 5447 abstinebimus,
737 5382 811 5436 etad
831 5383 925 5452 ipsum
943 5388 986 5443 ti·

162 5451 245 5509 brun
255 5457 450 5516 Ponttltcatem
461 5461 758 5524 redeuutesnounulla
769 5469 985 5531 observabimus

1045 4421 1106 4465 rum
1118 4406 1286 4477 pontificum
1297 4406 1372 4462 h'itis
1384 4403 1649 4473 comprehendisse:
1662 4398 1779 4456 exhibet
1790 4397 1868 4453 enim

1043 4498 1334 4568 quecunquellomae,
1347 4509 1523 4566 quacunque
1538 4495 1566 4550 in
1581 4491 1674 4559 ltalia,
1689 4501 1868 4560 quecunque

1043 4586 1073 4641 in
1093 4587 1205 4655 Europa
1224 4591 1252 4641 et
1271 4586 1387 4641 Oriente
1408 4584 1470 4655 ipso
1489 4591 1551 4638 acta
1572 4587 1641 4638 sunt
1662 4581 1693 4634 in
1711 4577 1798 4634 rebus
1818 4590 1868 4632 ec-

1042 4676 1215 4733 clesiasticis
1237 4677 1272 4732 ab
1298 4675 1529 4745 imperatoribus.
1552 4676 1599 4731 Sic
1625 4674 1654 4730 in
1677 4671 1867 4728 Constantino

1043 4772 1198 4823 narrantur
1220 4780 1284 4836 quae
1307 4765 1556 4834 Constantinopoli
1584 4763 1779 4833 contigerunt.
1808 4758 1867 4816 Sub

1041 4855 1205 4913 iustiniano
1219 4862 1247 4912 et
1260 4855 1433 4925 Philippii-0,
1451 4857 1480 4911 in
1495 4856 1634 4927 Gregorio
1649 4852 1786 4922 secundo,
1804 4863 1867 4920 que

1042 4949 1140 5000 contra
1152 4945 1306 5016 agarenos,
1319 4944 1348 4998 in
1361 4945 1499 5013 llispania
1513 4959 1529 5000 a
1541 4944 1633 5001 Gallis
1647 4961 1654 5013 3
1667 4940 1869 4998 Constantino

1043 5033 1100 5102 puli
1112 5048 1128 5088 a
1139 5036 1229 5090 Leone
1244 5034 1373 5104 principe
1386 5041 1496 5104 peracta
1507 5044 1583 5090 sunt.
1596 5033 1741 5090 Describit
1754 5034 1868 5103 Longo-

1042 5121 1195 5179 bardorum
1212 5123 1383 5195 invasiones,
1395 5125 1568 5180 Francorum
1580 5138 1630 5195 pro
1643 5123 1770 5180 Ecclesia
1781 5122 1866 5189 bella,

1041 5211 1156 5282 aliaque
1177 5210 1398 5282 quamplurima,
1424 5227 1487 5282 quae
1512 5215 1558 5268 vix
1580 5214 1651 5270 alibi
1677 5215 1804 5283 reperire
1825 5220 1869 5267 est

1041 5302 1110 5357 adeo
1120 5304 1225 5368 exacte,
1235 5300 1305 5354 adeo
1314 5300 1547 5371 clarcdescripta.
1560 5304 1673 5358 Desinit
1682 5304 1711 5358 in
1722 5302 1867 5372 Stephano

1041 5396 1120 5446 sexto
1130 5402 1194 5444 cum
1206 5387 1267 5442 illis
1277 5388 1372 5445 verbis
1383 5407 1389 5441 ε
1402 5391 1452 5444 lios
1463 5391 1496 5445 de
1506 5393 1567 5446 cmlo
1578 5393 1715 5447 auxilium
1723 5397 1814 5460 petere
1824 5391 1868 5443 dr-

1042 5479 1101 5534 bere
1115 5481 1209 5532 contro
1226 5478 1363 5545 flagellum
1381 5481 1535 5546 irnmioerts,
1552 5487 1578 5536 ει
1590 5496 1655 5536 moe
1669 5481 1742 5536 laetu.
1759 5480 1866 5537 Caetera
