3892 6136
118 282 186 342 tili
734 278 912 335 anastasii
937 276 1211 335 biblioruucanli
1754 276 1821 335 lll8

195 426 271 472 uem
311 409 547 486 sacerdotum,
581 404 715 486 quando
754 404 865 466 missae
900 401 1120 466 celebrantur.
1160 405 1336 483 Martyrio
1374 408 1584 483 coronatur,
1615 407 1649 466 ot
1681 419 1758 466 cuni
1789 421 1822 465 ao

153 506 368 570 bllooutius
395 504 576 585 presbyter
607 507 639 566 ot
675 502 866 565 Theodorus
902 501 1065 564 dlaconus
1091 511 1116 560 ⁸.
1145 499 1253 564 bllic
1284 502 1465 565 constituit
1498 517 1625 582 aquam
1658 501 1822 581 aspersis

195 605 249 667 nis
283 621 357 667 cuno
382 602 455 667 salo
486 602 636 666 benedici
661 602 701 664 iu
734 597 941 663 habitaculis
967 598 1151 677 butrium,
1184 600 1252 662 Hic
1282 598 1366 682 fecit
1398 600 1636 662 ordinatio-aas
1667 602 1741 662 tros
1770 614 1824 680 per

195 718 345 765 mensem
379 700 591 764 Decembrem
623 721 630 778 ;
654 698 871 780 prorupturos
908 713 989 777 see,
1031 699 1189 761 diaconos
1228 699 1332 777 duos,
1376 699 1548 780 cpismpos
1583 715 1650 783 per
1690 698 1823 760 diversa

197 799 269 864 loca
297 816 434 863 numero
464 816 498 859 v.
534 797 732 873 (lutetiam
760 796 919 878 sepultus
947 798 997 858 ost
1027 797 1086 859 oia
1118 797 1353 872 Nomentana,
1387 796 1446 860 ubi
1476 795 1668 859 decollatus
1695 799 1759 873 cst,
1787 795 1823 857 al

196 899 278 962 arbe
304 901 409 962 mnia
439 914 507 959 non
530 896 643 975 longe,
676 893 846 958 milliario
873 912 931 975 vii,
959 895 1079 976 quinto
1103 896 1225 961 Nouos
1249 895 1351 973 Maii,
1375 898 1409 959 ot
1436 894 1583 958 cessauit
1608 894 1824 975 episcopatus

138 998 175 1058 10
194 997 266 1060 dios
288 1005 418 1057 xxxr⁰

696 1135 942 1198 OATALOGUS
961 1136 1041 1199 SUB
1060 1137 1239 1199 LIBERIO.

233 1269 421 1333 Alexander
440 1269 540 1332 annis
555 1270 694 1351 septem,
715 1268 889 1332 mensibus
905 1267 1046 1348 duobus,
1069 1268 1124 1330 die
1138 1287 1216 1332 uno.
1234 1269 1312 1333 Fuit
1329 1267 1536 1350 temporibus
1552 1264 1697 1347 Trajani
1712 1280 1734 1325 a
1748 1282 1823 1328 con-

195 1367 308 1429 sulatu
328 1368 452 1430 Palmae
472 1369 505 1430 ei
530 1366 632 1447 Tulli,
656 1384 762 1448 usque
787 1367 919 1430 tilliano
940 1371 973 1431 ei
991 1370 1119 1430 Vetere.

683 1517 823 1562 aeruna.
847 1517 1055 1562 xixnuiuxans
1081 1519 1251 1562 rannerus

149 1648 165 1678 a
176 1638 206 1703 ll,
225 1636 347 1692 lerenius
361 1643 389 1692 et
403 1635 569 1693 Theodulus
584 1637 753 1707 presbyteri.
770 1635 785 1677 b
800 1636 949 1693 Videbar.
966 1636 1022 1689 loco
1037 1637 1083 1690 cit.
1100 1636 1177 1691 cClt.
1191 1634 1235 1693 25.

802 1790 917 1846 VARlAE
935 1789 1133 1846 LECTIONES.

252 1907 338 1978 Apud
351 1908 511 1963 Fabullum
525 1923 558 1962 re
573 1907 662 1962 codiee
681 1906 800 1964 Froberi.
994 1906 1174 1962 sacerdotum
1190 1922 1218 1978 q.
1235 1907 1323 1962 missa
1346 1905 1518 1963 celebratur.
1536 1906 1588 1959 lin.
1605 1901 1636 1972 5,
1653 1900 1819 1959 Theodotus

148 2016 231 2070 Num.
246 2010 273 2084 l,
291 2015 341 2069 lin.
356 2013 383 2071 2.
401 2017 433 2078 ll,
451 2012 493 2069 lli.

231 2123 275 2175 liu
289 2122 378 2176 codice
392 2124 483 2191 aenio,
500 2123 642 2178 Mororino
657 2126 683 2175 at
699 2122 820 2175 Tbuono.

1127 2049 1213 2119 Apud
1227 2051 1398 2104 llolstenium
1412 2053 1438 2103 et
1451 2048 1694 2105 schelestratium.

316 2231 321 2241 ,
1030 2176 1092 2229 lin.
1112 2172 1139 2240 b,
1166 2176 1229 2229 Vot.
1251 2174 1326 2229 Cass.
1347 2178 1373 2229 st
1392 2173 1446 2228 duo
1462 2173 1536 2227 Flos.
1552 2185 1603 2228 au.
1618 2171 1658 2243 X,
1678 2185 1756 2228 men.
1770 2172 1815 2227 vll.

150 2229 232 2284 Num·
251 2224 279 2297 7.
300 2229 350 2282 lin.
365 2227 392 2290 2.
414 2243 461 2284 an.
480 2227 522 2292 ⁴0.
546 2243 580 2284 u·
602 2224 630 2297 7,
645 2229 674 2284 d·
691 2225 720 2281 ll
745 2227 839 2296 (aaz.
857 2227 886 2282 d·
901 2224 937 2296 a).
995 2248 1044 2301 iro.
1071 2244 1097 2316 a,
1126 2246 1197 2301 rior.
1227 2249 1290 2300 ius.
1315 2250 1340 2300 a
1361 2245 1449 2308 cass,
1477 2244 1698 2314 dmiratione.
1724 2244 1772 2297 lin.
1793 2239 1813 2311 i,

115 2298 181 2354 Fuit
194 2303 286 2354 auten
302 2302 485 2368 temporati.
505 2315 577 2355 ii.a.
595 2301 626 2355 ll.
642 2307 668 2356 et
683 2298 714 2353 V.
728 2299 873 2355 consules.
888 2300 940 2353 llic
995 2320 1066 2373 1:10„
1090 2320 1142 2372 du,
1180 2319 1243 2372 pa„
1267 2323 1292 2372 e,
1313 2318 1387 2372 Cass,
1422 2316 1601 2372 Theodorus,
1628 2316 1682 2371 ιῑη,
1709 2313 1728 2370 9
1758 2314 1817 2369 daea

118 2371 198 2425 niisc.
214 2383 288 2439 pass.
302 2373 381 2427 bom.
398 2375 427 2427 in
441 2373 645 2440 praedicatione
657 2386 716 2427 sac.
731 2386 759 2441 q.
771 2384 808 2426 ni.
824 2370 876 2426 cel.
889 2371 940 2425 llic
995 2394 1024 2444 ,·„
1039 2391 1112 2444 prop,
1128 2360 1156 2459 d,
1173 2402 1229 2444 „011
1245 2388 1338 2460 longe,
1389 2359 1398 2384 ’
1729 2357 1737 2387 ’

115 2442 270 2496 constituit
295 2455 398 2512 aquam
423 2444 594 2512 sparsionis.
624 2445 673 2497 lin.
699 2440 726 2510 8,
752 2443 812 2498 lacn
839 2440 866 2497 5.
889 2442 940 2496 llic

116 2513 254 2637 martgrio
273 2522 428 2596 coronatus
441 2521 493 2579 est,
510 2521 539 2570 et
554 2529 618 2569 cuni
640 2528 673 2569 eo
690 2515 741 2596 Eu.
767 2528 809 2596 pr.
826 2518 854 2567 et
874 2526 939 2568 cuin
1155 2531 1241 2602 Apud
1255 2533 1367 2585 premam
1382 2546 1416 2584 ,x
1430 2528 1519 2584 code„
1535 2528 1667 2584 cavens„

115 2595 149 2638 eo
169 2584 190 2636 Τ
212 2583 332 2640 eodotus
354 2587 427 2641 diac.
444 2586 633 2655 sepultusque
655 2591 698 2640 est
714 2598 743 2639 in
759 2598 803 2640 ria
820 2587 941 2639 Numen·

117 2659 192 2709 mna·
211 2654 261 2708 ἄη·
279 2653 428 2726 ⁴⁰1⁶·95·
1032 2681 1093 2734 lin.
1114 2675 1141 2738 u,
1159 2676 1234 2731 sedlt
1249 2689 1315 2730 ann.
1333 2688 1396 2742 xiii,
1413 2673 1450 2727 ll.
1471 2685 1523 2738 vii,
1539 2672 1607 2756 dies
1630 2687 1664 2729 ii.
1690 2675 1741 2728 lin.
1760 2673 1817 2745 5,et

330 2746 375 2798 lla
393 2744 483 2799 codice
498 2745 609 2799 Titano
624 2745 720 2799 attero.
996 2752 1164 2808 Theodorus
1182 2747 1257 2803 diac.
1276 2753 1330 2802 etc.
1348 2745 1389 2800 ibi
1405 2757 1509 2814 aquam
1530 2746 1713 2814 sparsionis.
1735 2747 1781 2801 lin.
1794 2744 1816 2814 a,

151 2831 214 2884 liii.
228 2828 255 2903 2,
272 2845 337 2888 ann.
361 2831 404 2901 lb,
427 2847 463 2887 ni.
487 2830 515 2904 7,
536 2833 565 2889 d.
587 2831 632 2900 aa,
657 2833 687 2887 in
710 2830 942 2902 pradicationem
998 2822 1130 2894 sepultus
1144 2829 1188 2875 est
1204 2820 1234 2874 in
1249 2819 1295 2874 ria
1309 2819 1499 2873 Numentaua.

778 2976 901 3040 NOTAE
923 2967 1158 3036 VARIORUM.

371 3109 393 3164 A
413 3110 681 3167 SCHELESTRATE.
951 3105 981 3165 A
1028 3103 1114 3158 Linea
1133 3099 1159 3156 5.
1182 3130 1219 3139 -
1236 3101 1288 3152 llic
1306 3098 1447 3151 constituit
1467 3112 1570 3167 aaroni
1585 3097 1759 3167 amasiones
1771 3107 1819 3148 siai

992 3175 1052 3229 sule
1076 3173 1241 3227 benedictin
1259 3169 1423 3224 habitaculis
1444 3170 1597 3223 imminuta.
1620 3171 1664 3225 Ex
1687 3167 1819 3224 constitu-

311 3266 387 3308 ηοω
408 3267 436 3309 in
454 3268 565 3310 aaaron
584 3269 736 3311 inisrisn,
993 3247 1071 3300 tione
1090 3243 1245 3299 Alexandri
1263 3254 1337 3312 aqua
1357 3240 1416 3296 sale
1434 3239 1586 3295 benedicta
1607 3255 1667 3298 non
1689 3240 1771 3297 modo
1787 3237 1822 3305 iii,

993 3316 1130 3382 Ecclesia,
1145 3315 1193 3370 sed
1209 3319 1238 3368 et
1252 3314 1280 3368 in
1294 3312 1404 3367 aedibus
1420 3312 1602 3381 privatorum
1619 3312 1724 3369 baberi
1737 3309 1818 3367 debet·

151 3384 189 3438 lie
211 3385 328 3442 Erculis
350 3394 377 3443 et
394 3388 551 3458 Tbeodulo,
573 3390 623 3460 qui
644 3403 708 3444 cuni
730 3388 758 3442 S.
779 3386 939 3443 Alexandro
993 3401 1056 3443 can.
1075 3390 1193 3456 Aquari,
1212 3385 1245 3438 de
1264 3384 1427 3449 deiecerat,
1445 3383 1514 3438 dist.
1532 3382 1559 3438 8.
1581 3385 1675 3439 Usum
1690 3397 1771 3454 aqua
1784 3380 1808 3435 lu

116 3455 248 3524 martyrii
262 3457 383 3526 palmam
394 3461 489 3530 adepti
501 3467 580 3530 sunt,
595 3461 635 3515 ita
646 3459 774 3514 relerunt
783 3458 939 3513 Alexandri
994 3459 1104 3521 stratis,
1122 3470 1173 3513 seu
1188 3456 1344 3512 benedicte
1360 3455 1389 3508 in
1405 3454 1543 3515 Ecclesia,
1558 3456 1736 3524 apostolica
1750 3451 1816 3508 iusti

115 3525 203 3581 Acta:
223 3548 235 3579 r
251 3528 361 3585 vadens
374 3537 468 3587 autem
483 3533 520 3602 (S.
537 3530 680 3602 severina)
696 3532 727 3586 in
742 3531 864 3599 septimo
879 3529 940 3584 mil·
994 3531 1188 3586 tutionisessc
1199 3528 1287 3583 tradit
1298 3528 1531 3581 Auctorconstit.
1543 3527 1707 3596 apostolic.
1717 3525 1766 3582 lib.
1777 3534 1815 3575 ευ-

117 3596 202 3654 llario
214 3599 249 3654 de
265 3600 335 3655 urbe
351 3603 437 3658 Rama
453 3603 499 3658 ria
514 3606 690 3659 Numentana
707 3602 736 3657 iu
752 3602 859 3672 predio
875 3614 938 3666 suo,
994 3616 1056 3671 cap.
1069 3598 1112 3656 il.
1126 3603 1256 3657 Eandem
1267 3599 1353 3653 etiam
1365 3600 1393 3652 in
1405 3597 1723 3669 adibussiugulorum
1734 3583 1816 3653 biber¹

115 3668 142 3723 S.
166 3669 360 3727 Alexandrum
380 3681 407 3729 et
426 3674 453 3728 S.
476 3676 623 3729 Erantiuin
648 3688 705 3730 uno
727 3673 822 3743 posuit
844 3686 941 3727 nionu·
995 3671 1277 3733 statuitAlexander,
1292 3668 1408 3724 nonabs
1420 3682 1520 3734 causa,
1533 3671 1607 3740 quia
1619 3670 1740 3741 sparsio
1750 3678 1816 3736 anua

118 3747 222 3796 mento.
238 3743 264 3796 S.
284 3744 354 3797 vero
368 3744 545 3800 Tbeodulum
563 3746 592 3801 in
608 3744 667 3801 alio
684 3745 746 3800 loco
764 3743 906 3813 sepelivit.
925 3761 938 3792 i>
995 3744 1151 3799 benedictae
1173 3742 1247 3797 salet
1267 3741 1300 3795 ad
1322 3741 1460 3795 arcendos
1478 3741 1639 3810 daemones,
1663 3739 1816 3797 avertendas

116 3810 155 3864 lix
174 3811 281 3881 quibus
300 3820 383 3880 patet,
400 3829 456 3870 non
477 3816 668 3872 Theodorum.
689 3816 732 3871 rel
751 3815 937 3884 Theodotum,
995 3815 1173 3871 calamitates
1189 3813 1303 3883 tragum
1319 3819 1346 3866 et
1361 3818 1499 3877 segetum,
1515 3818 1542 3866 et
1558 3812 1702 3869 vitandos
1719 3816 1815 3867 noctui-

116 3881 163 3935 sed
185 3882 371 3953 Tbeodolum,
390 3892 423 3940 ut
438 3885 522 3941 babet
542 3889 686 3942 secundus
700 3888 862 3956 catalogus,
879 3899 941 3940 esse
996 3901 1048 3942 nos
1071 3893 1203 3942 terrores.
1227 3882 1378 3938 llarcellus
1400 3884 1553 3953 episcopus
1577 3884 1775 3953 Apamaeusis
1792 3881 1813 3934 ii

117 3950 491 4032 legendum-Attamen
501 3959 596 4023 Vetus,
606 3957 774 4029 subquibus
783 3958 941 4012 Alexander
994 3959 1074 4028 Syria
1089 3971 1188 4027 sparsa
1203 3968 1277 4024 aqua
1295 3954 1442 4010 benedicta
1458 3953 1570 4023 fugarit
1584 3956 1760 4019 demonem,
1774 3950 1813 4021 qui

116 4020 225 4078 obiisse
238 4025 357 4083 dicitur.
373 4028 506 4084 consules
520 4029 639 4085 luerunt
652 4043 726 4085 anuo
741 4026 802 4096 lib,
817 4037 845 4084 et
857 4029 941 4097 juxta
995 4027 1055 4084 sarii
1067 4030 1145 4085 loris
1157 4027 1331 4084 eversionem
1347 4025 1529 4094 impediebat.
1544 4026 1719 4082 llieodorit.
1735 4025 1781 4080 lib.
1792 4034 1813 4090 t,

117 4105 223 4175 marein
236 4094 323 4164 liujus
335 4098 461 4170 catalogi
475 4099 653 4170 (l‘elicisll')‚
665 4114 740 4155 anno
751 4102 889 4155 duntaxat
901 4112 941 4153 se·
995 4115 1056 4170 cap.
1071 4098 1102 4155 il
1118 4120 1124 4154 :
1143 4099 1301 4168 Ἀπέδραμεν
1314 4097 1327 4148 i
1338 4098 1434 4167 eripior
1447 4095 1490 4149 ola
1504 4094 1612 4167 ἐνεγκὼν
1628 4097 1676 4165 τὴν
1689 4097 1815 4153 aotlind

117 4171 216 4234 quenti
232 4166 306 4221 abiit
325 4168 493 4236 Alexander,
518 4174 674 4242 quostiam
695 4171 770 4228 obiit
789 4171 940 4239 Traianus,
996 4173 1147 4242 npoada‘idr.
1176 4170 1298 4235 Ausnpit
1321 4168 1433 4235 damon,
1462 4184 1517 4222 nan
1542 4171 1639 4235 fareris
1665 4174 1723 4224 uini
1748 4181 1815 4235 oque

118 4241 203 4316 irruat
223 4243 366 4295 testantur
380 4241 449 4296 Acta
469 4242 622 4298 Alexandri
640 4242 686 4297 his
702 4242 796 4298 verbis
811 4259 817 4295 ι
834 4263 846 4292 a
863 4243 940 4297 Nutu
998 4259 1126 4313 aspersae.
1146 4245 1291 4297 Oenones
1311 4240 1361 4308 qui
1377 4253 1452 4310 aegro
1470 4239 1666 4304 insultabant,
1681 4239 1816 4309 sparsione

117 4306 167 4360 Dei
183 4309 280 4364 eodem
296 4324 371 4367 anno
386 4310 541 4369 defunctus
555 4322 599 4369 est
613 4315 764 4382 Traianus.
780 4331 793 4362 u
996 4329 1077 4384 aquas
1093 4313 1248 4369 benedictae
1264 4310 1362 4382 pulsos
1384 4321 1482 4367 narrat
1499 4313 1603 4368 Petrus
1624 4311 1815 4368 Cluniaoeusis

997 4387 1032 4441 de
1047 4384 1178 4441 lliracul.
1195 4383 1247 4439 lib.
1263 4397 1280 4448 i,
1298 4396 1359 4452 cap.
1375 4378 1412 4437 7:
1431 4404 1443 4433 a
1459 4383 1539 4438 Unde
1553 4384 1615 4439 alta
1630 4397 1702 4439 voce
1716 4384 1812 4438 soctan

426 4456 629 4512 ALTASltllllA
957 4458 1121 4541 Bolirum,
1137 4464 1168 4511 ut
1181 4463 1320 4526 surgeret,
1334 4454 1502 4522 inclamans,
1520 4467 1569 4509 ras
1581 4457 1660 4524 quod
1677 4455 1813 4511 laricem

995 4542 1070 4598 aqua
1087 4529 1234 4583 benedicta
1254 4526 1282 4580 in
1300 4527 1430 4593 proximo
1444 4526 1635 4595 dependebat,
1654 4526 1712 4581 lide
1728 4525 1815 4593 plenus

153 4600 239 4656 Linea
252 4597 279 4655 3.
292 4630 329 4639 -
339 4602 387 4655 llic
406 4603 562 4654 Passionem
582 4601 691 4654 bomini
712 4602 821 4656 miscuit
837 4604 866 4655 in
880 4620 940 4672 pre·
995 4600 1109 4667 arripit,
1122 4607 1149 4655 et
1160 4597 1353 4654 saiitillcatum
1366 4598 1538 4653 elementum
1551 4598 1609 4652 liuc
1621 4597 1753 4667 illucque
1762 4607 1814 4652 con

117 4673 248 4727 cntionem
258 4672 436 4735 sacerdotum,
450 4674 561 4742 qiiitndo
571 4675 660 4726 inissa
674 4673 856 4727 celebrantur.
870 4675 940 4729 Can·
996 4671 1115 4725 fidenter
1129 4684 1291 4739 astieraeiis,
1306 4669 1401 4725 omnia
1424 4669 1507 4724 illius
1523 4668 1688 4725 habitaculi
1711 4673 1768 4725 loca
1781 4669 1814 4721 in·

117 4745 251 4801 stitutum
266 4742 300 4797 de
316 4745 452 4800 memoria
467 4745 612 4799 Passionis
623 4743 730 4798 Christi
746 4744 775 4798 in
791 4745 884 4800 nissae
898 4760 941 4802 sa·
996 4739 1102 4796 fundit.
1122 4760 1135 4791 u
1152 4743 1186 4796 Et
1207 4740 1281 4796 inira
1296 4758 1301 4793 :
1319 4760 1332 4791 l
1348 4740 1461 4808 Quibus
1476 4741 1594 4809 penitus
1609 4755 1689 4811 aegro
1705 4744 1754 4812 qui
1770 4741 1813 4794 nac

116 4815 227 4872 criticis
238 4813 415 4871 celebranda.
431 4829 485 4872 non
499 4821 543 4870 est
554 4816 700 4884 proprium
712 4814 877 4881 Alexandri,
890 4818 938 4873 sed
994 4813 1075 4869 salus
1088 4813 1221 4869 cernebat
1236 4812 1406 4868 testificante
1420 4812 1557 4874 exclusis,
1576 4819 1605 4867 et
1621 4813 1674 4868 ille
1689 4828 1706 4868 a
1719 4814 1813 4869 dane

118 4888 214 4957 potius
239 4885 332 4954 ipsius
356 4884 476 4955 Cbils'ti,
501 4901 565 4941 cuni
589 4888 723 4956 praecepit
744 4888 884 4956 apiostolis
908 4895 940 4943 ut
995 4897 1062 4939 niun
1085 4884 1267 4940 intestatione
1288 4883 1429 4938 liberatus
1450 4892 1503 4951 est,
1525 4890 1553 4938 et
1571 4890 1717 4952 quantum
1735 4886 1766 4939 ad
1783 4883 1813 4936 si·

117 4958 347 5030 quotiescunque
372 4957 507 5028 iacerent,
534 4959 586 5012 lioc
610 4964 653 5013 est
678 4959 882 5024 sacrillcarent,
908 4960 938 5014 in
995 4957 1076 5011 milia
1093 4957 1184 5012 raleat
1205 4953 1342 5011 salutaris
1361 4968 1443 5023 aque
1458 4968 1522 5009 cum
1544 4953 1601 5010 ilde
1617 4959 1760 5025 aspersio,
1775 4955 1813 5008 de

116 5032 179 5100 ejus
204 5029 368 5084 memoriam
385 5037 501 5100 agerent
515 5046 521 5080 :
536 5031 592 5083 Hoc
611 5031 694 5097 tacite
710 5031 739 5082 in
758 5046 846 5084 ineam
864 5046 939 5084 cuii-
994 5036 1182 5090 monstratum
1202 5030 1254 5081 est.
1279 5047 1292 5075 o
1313 5025 1425 5081 Cladem
1448 5026 1627 5081 locustarum
1649 5028 1812 5083 vastantium

115 5101 334 5156 memorationem
354 5101 420 5168 (luc
440 5099 523 5171 xxii).
544 5098 612 5166 Quae
632 5100 716 5156 rerba
736 5107 852 5157 secutus
872 5103 941 5156 Pau·
994 5109 1102 5173 segetes
1117 5112 1190 5170 aqua
1204 5097 1352 5153 benedicta
1369 5110 1417 5167 per
1432 5110 1517 5179 agros
1530 5112 1633 5166 sparsa
1647 5101 1751 5154 avertit
1768 5102 1813 5151 sta

118 5172 164 5228 lus
177 5171 216 5240 (ll
230 5171 290 5225 Gor.
308 5171 343 5240 il:
360 5170 582 5239 Qirotirscunque,
606 5172 713 5241 inquit,
736 5172 939 5228 manducabitis
994 5171 1148 5242 plianusVl
1159 5169 1295 5239 pontifex.
1308 5172 1439 5223 Anastas.
1450 5167 1623 5237 inejusllit.
1635 5187 1642 5222 :
1656 5170 1810 5227 «Surrexit.

113 5260 212 5313 pariam
232 5243 312 5308 dunc,
334 5248 360 5296 at
379 5244 489 5296 salicem
512 5243 617 5307 bribrti's,
638 5248 750 5297 mortem
767 5244 876 5297 Domini
892 5261 940 5298 on·
993 5251 1130 5312 etaquam
1143 5241 1269 5310 propriis
1281 5240 1413 5295 manibus
1424 5240 1608 5308 benedicens,
1620 5240 1812 5298 mansionariis

116 5314 290 5380 nuntiabitis,
308 5314 390 5368 donec
404 5317 505 5369 caniat.
522 5315 656 5369 llnniaria
671 5314 817 5369 Passionis
828 5315 937 5370 Christi
995 5313 1130 5385 pracepit
1141 5313 1257 5367 dicens:
1272 5312 1385 5378 Tollite,
1397 5313 1560 5381 etsingulis
1570 5313 1753 5379 distribuite,
1768 5325 1814 5365 uia-

118 5383 201 5440 debat
216 5384 302 5439 semel
318 5386 347 5440 in
361 5399 446 5440 anno.
460 5386 641 5468 Augustinus
653 5387 688 5442 de
703 5387 838 5455 Tempore
852 5400 937 5442 serm.
995 5392 1094 5441 nentes
1108 5391 1139 5440 ut
1154 5385 1182 5438 iii
1195 5383 1309 5438 nomine
1319 5383 1434 5437 boiatnt
1449 5396 1534 5454 agros
1547 5398 1619 5438 suos
1631 5384 1812 5447 circumeant,

119 5453 186 5509 tii:
203 5475 216 5505 a
231 5457 328 5511 Passio
342 5463 448 5514 autem.
466 5471 535 5526 quia
551 5470 608 5511 uno
622 5458 671 5513 die
686 5457 804 5528 legitur,
822 5471 878 5513 non
892 5473 937 5513 so·
994 5464 1023 5514 et
1038 5459 1111 5511 bairo
1125 5469 1228 5518 annam
1242 5460 1378 5535 spargant
1393 5467 1442 5524 per
1454 5461 1515 5510 sata
1528 5460 1556 5509 et
1569 5455 1680 5520 vineas,
1699 5461 1813 5525 petentes

117 5525 158 5581 let
177 5525 244 5595 legi,
267 5529 324 5581 nisi
338 5528 496 5583 secundum
518 5527 690 5583 llattliaeun.
706 5529 856 5584 volueram
879 5528 935 5584 ali·
994 5529 1121 5585 divinum
1136 5527 1190 5582 sibi
1202 5526 1369 5596 suffragium
1381 5532 1409 5581 et
1419 5525 1597 5581 subsidium.
1612 5546 1625 5575 i
1638 5528 1715 5596 Quin
1728 5526 1813 5581 Ansel·

116 5597 939 5677 quando,utpersingulosannossecundumomneseran-
996 5597 1813 5668 musalibasinCantuariensemarchiepiscopumelectus,

116 5667 234 5745 galistus
256 5668 342 5721 etiam
364 5671 462 5726 Passio
486 5669 639 5740 legeretur.
664 5670 778 5725 Factum
802 5678 865 5741 est,
884 5684 939 5728 non
995 5678 1022 5726 et
1034 5671 1069 5725 ad
1086 5670 1241 5724 Ecclesiam
1259 5676 1368 5737 raptus,
1386 5668 1537 5724 electionis
1554 5670 1737 5740 impatientia
1753 5681 1814 5738 pene

116 5736 273 5795 audierunt
285 5736 416 5794 honines
429 5756 491 5810 quae
503 5747 723 5811 consueverunt,
737 5748 765 5796 et
779 5742 939 5812 perturbati
994 5740 1146 5810 exanimis,
1162 5753 1236 5810 aqua
1250 5739 1396 5795 benedicta
1410 5754 1536 5808 aspersa,
1553 5747 1582 5796 et
1596 5748 1663 5808 pota
1676 5743 1771 5798 statim
1784 5739 1812 5792 ad

113 5816 193 5869 sunt.
212 5825 228 5859 i
994 5812 1124 5869 animuin
1134 5810 1230 5867 rediit.
1241 5811 1335 5867 Testis
1345 5810 1467 5883 ipselib.
1482 5823 1526 5880 iu,
1538 5812 1624 5882 epist.
1639 5812 1696 5870 lad
1708 5812 1810 5869 iratres.
