<?xml version="1.0" encoding="UTF-8"?>
<!DOCTYPE html PUBLIC "-//W3C//DTD XHTML 1.0 Transitional//EN"
    "http://www.w3.org/TR/xhtml1/DTD/xhtml1-transitional.dtd">
<html xmlns="http://www.w3.org/1999/xhtml" xml:lang="en" lang="en">
 <head>
  <title>
</title>
<meta http-equiv="Content-Type" content="text/html;charset=utf-8" />
  <meta name='ocr-system' content='tesseract 3.04.00' />
  <meta name='ocr-capabilities' content='ocr_page ocr_carea ocr_par ocr_line ocrx_word'/>
</head>
<body>
  <div class='ocr_page' id='page_1' title='image "./patrologiaecurs48unkngoog/patrologiaecurs48unkngoog_0572.png"; bbox 0 0 3892 6136; ppageno 0'>
   <div class='ocr_carea' id='block_1_1' title="bbox 199 267 356 331">
    <p class='ocr_par' dir='ltr' id='par_1_1' title="bbox 199 267 356 331">
     <span class='ocr_line' id='line_1_1' title="bbox 199 267 356 331; baseline -0.006 -1"><span class='ocrx_word' id='word_1_1' title='bbox 199 267 269 331; x_wconf 80' lang='lat' dir='ltr'><strong>itas</strong></span> <span class='ocrx_word' id='word_1_2' title='bbox 353 297 356 303; x_wconf 90' lang='lat'>·</span> 
     </span>
    </p>
   </div>
   <div class='ocr_carea' id='block_1_2' title="bbox 810 269 1285 326">
    <p class='ocr_par' dir='ltr' id='par_1_2' title="bbox 810 269 1285 326">
     <span class='ocr_line' id='line_1_2' title="bbox 810 269 1285 326; baseline 0.002 -1"><span class='ocrx_word' id='word_1_3' title='bbox 810 269 988 325; x_wconf 77' lang='lat' dir='ltr'><strong>anastasii</strong></span> <span class='ocrx_word' id='word_1_4' title='bbox 1015 269 1285 326; x_wconf 78' lang='lat' dir='ltr'><strong>ufflLtOTrlEeautt</strong></span> 
     </span>
    </p>
   </div>
   <div class='ocr_carea' id='block_1_3' title="bbox 1840 271 1899 333">
    <p class='ocr_par' dir='ltr' id='par_1_3' title="bbox 1840 271 1899 333">
     <span class='ocr_line' id='line_1_3' title="bbox 1840 271 1899 333; baseline 0.102 -6"><span class='ocrx_word' id='word_1_5' title='bbox 1840 271 1899 333; x_wconf 77' lang='grc'>4436</span> 
     </span>
    </p>
   </div>
   <div class='ocr_carea' id='block_1_4' title="bbox 95 377 1900 469">
    <p class='ocr_par' dir='ltr' id='par_1_4' title="bbox 95 377 1900 469">
     <span class='ocr_line' id='line_1_4' title="bbox 95 377 1900 469; baseline -0.001 -13"><span class='ocrx_word' id='word_1_6' title='bbox 95 402 104 415; x_wconf 86' lang='grc'><em>“</em></span> <span class='ocrx_word' id='word_1_7' title='bbox 199 400 304 456; x_wconf 74' lang='lat' dir='ltr'><strong>Auiani</strong></span> <span class='ocrx_word' id='word_1_8' title='bbox 331 401 446 456; x_wconf 88' lang='lat' dir='ltr'><strong>nomine</strong></span> <span class='ocrx_word' id='word_1_9' title='bbox 461 403 574 455; x_wconf 81' lang='lat' dir='ltr'><strong>exstant</strong></span> <span class='ocrx_word' id='word_1_10' title='bbox 588 401 622 455; x_wconf 90' lang='lat' dir='ltr'><strong>ad</strong></span> <span class='ocrx_word' id='word_1_11' title='bbox 646 399 772 455; x_wconf 83' lang='lat' dir='ltr'>codicem</span> <span class='ocrx_word' id='word_1_12' title='bbox 793 399 1020 455; x_wconf 83' lang='lat' dir='ltr'><strong>Theodosianum</strong></span> <span class='ocrx_word' id='word_1_13' title='bbox 1037 394 1180 454; x_wconf 78' lang='lat' dir='ltr'><strong>Alsidori</strong></span> <span class='ocrx_word' id='word_1_14' title='bbox 1199 396 1367 452; x_wconf 83' lang='lat' dir='ltr'><strong>Mercatoris</strong></span> <span class='ocrx_word' id='word_1_15' title='bbox 1389 377 1505 452; x_wconf 88' lang='lat' dir='ltr'><strong>nomine</strong></span> <span class='ocrx_word' id='word_1_16' title='bbox 1530 394 1733 462; x_wconf 81' lang='lat' dir='ltr'><strong>fabricaverit,</strong></span> <span class='ocrx_word' id='word_1_17' title='bbox 1750 413 1783 455; x_wconf 88' lang='lat' dir='ltr'><strong>ac</strong></span> <span class='ocrx_word' id='word_1_18' title='bbox 1807 401 1900 469; x_wconf 86' lang='lat' dir='ltr'><strong>priscis</strong></span> 
     </span>
    </p>
   </div>
   <div class='ocr_carea' id='block_1_5' title="bbox 199 470 1029 1750">
    <p class='ocr_par' dir='ltr' id='par_1_5' title="bbox 199 470 1029 1750">
     <span class='ocr_line' id='line_1_5' title="bbox 199 470 1023 540; baseline -0.004 -13"><span class='ocrx_word' id='word_1_19' title='bbox 199 472 321 539; x_wconf 88' lang='lat' dir='ltr'><strong>scbolia,</strong></span> <span class='ocrx_word' id='word_1_20' title='bbox 338 471 367 525; x_wconf 95' lang='lat' dir='ltr'><strong>in</strong></span> <span class='ocrx_word' id='word_1_21' title='bbox 393 471 455 527; x_wconf 92' lang='lat' dir='ltr'><strong>illis</strong></span> <span class='ocrx_word' id='word_1_22' title='bbox 469 471 602 540; x_wconf 92' lang='lat' dir='ltr'><strong>epistolis</strong></span> <span class='ocrx_word' id='word_1_23' title='bbox 618 478 755 538; x_wconf 90' lang='lat' dir='ltr'><strong>usurpata</strong></span> <span class='ocrx_word' id='word_1_24' title='bbox 772 470 878 525; x_wconf 87' lang='lat' dir='ltr'><strong>luisse:</strong></span> <span class='ocrx_word' id='word_1_25' title='bbox 891 472 1023 540; x_wconf 89' lang='lat' dir='ltr'><strong>quamvis</strong></span> 
     </span>
     <span class='ocr_line' id='line_1_6' title="bbox 201 541 1023 614; baseline -0.004 -16"><span class='ocrx_word' id='word_1_26' title='bbox 201 543 362 614; x_wconf 73' lang='lat' dir='ltr'><strong>pontifices,</strong></span> <span class='ocrx_word' id='word_1_27' title='bbox 386 542 493 612; x_wconf 91' lang='lat' dir='ltr'><strong>quibus</strong></span> <span class='ocrx_word' id='word_1_28' title='bbox 516 541 837 610; x_wconf 82' lang='lat' dir='ltr'><strong>epistolaetribuuntur.</strong></span> <span class='ocrx_word' id='word_1_29' title='bbox 861 541 975 597; x_wconf 92' lang='lat' dir='ltr'><strong>duobus</strong></span> <span class='ocrx_word' id='word_1_30' title='bbox 995 549 1023 596; x_wconf 94' lang='lat' dir='ltr'><strong>et</strong></span> 
     </span>
     <span class='ocr_line' id='line_1_7' title="bbox 200 613 1024 681; baseline -0.002 -12"><span class='ocrx_word' id='word_1_31' title='bbox 200 613 400 670; x_wconf 85' lang='lat' dir='ltr'><strong>tribussaeculi</strong></span> <span class='ocrx_word' id='word_1_32' title='bbox 410 614 519 668; x_wconf 86' lang='lat' dir='ltr'><strong>codicis</strong></span> <span class='ocrx_word' id='word_1_33' title='bbox 532 614 722 668; x_wconf 82' lang='lat' dir='ltr'><strong>Theodosiani</strong></span> <span class='ocrx_word' id='word_1_34' title='bbox 737 613 1024 681; x_wconf 84' lang='lat' dir='ltr'><strong>editionempraeces-</strong></span> 
     </span>
     <span class='ocr_line' id='line_1_8' title="bbox 201 683 1022 754; baseline -0.004 -14"><span class='ocrx_word' id='word_1_35' title='bbox 201 685 303 741; x_wconf 89' lang='lat' dir='ltr'><strong>serint.</strong></span> <span class='ocrx_word' id='word_1_36' title='bbox 321 704 334 735; x_wconf 79' lang='grc' dir='ltr'>ι</span> <span class='ocrx_word' id='word_1_37' title='bbox 349 685 445 740; x_wconf 90' lang='lat' dir='ltr'><strong>Videri</strong></span> <span class='ocrx_word' id='word_1_38' title='bbox 461 688 552 753; x_wconf 92' lang='lat' dir='ltr'><strong>potest</strong></span> <span class='ocrx_word' id='word_1_39' title='bbox 563 685 705 739; x_wconf 76' lang='lat' dir='ltr'><strong>dinanius</strong></span> <span class='ocrx_word' id='word_1_40' title='bbox 718 684 899 754; x_wconf 75' lang='lat' dir='ltr'><strong>Augustinus</strong></span> <span class='ocrx_word' id='word_1_41' title='bbox 913 685 941 737; x_wconf 92' lang='grc'><strong>44</strong></span> <span class='ocrx_word' id='word_1_42' title='bbox 956 683 1022 738; x_wconf 89' lang='lat' dir='ltr'><strong>lau-</strong></span> 
     </span>
     <span class='ocr_line' id='line_1_9' title="bbox 201 752 1023 825; baseline -0.004 -13"><span class='ocrx_word' id='word_1_43' title='bbox 201 757 279 813; x_wconf 89' lang='lat' dir='ltr'><strong>datis</strong></span> <span class='ocrx_word' id='word_1_44' title='bbox 293 757 369 811; x_wconf 91' lang='lat' dir='ltr'><strong>notis</strong></span> <span class='ocrx_word' id='word_1_45' title='bbox 382 769 463 824; x_wconf 89' lang='lat' dir='ltr'><strong>capp.</strong></span> <span class='ocrx_word' id='word_1_46' title='bbox 476 752 504 818; x_wconf 83' lang='lat' dir='ltr'><strong>t,</strong></span> <span class='ocrx_word' id='word_1_47' title='bbox 522 755 550 809; x_wconf 87' lang='lat'><strong>8.</strong></span> <span class='ocrx_word' id='word_1_48' title='bbox 569 753 640 810; x_wconf 82' lang='lat' dir='ltr'><strong>lbet</strong></span> <span class='ocrx_word' id='word_1_49' title='bbox 653 769 732 825; x_wconf 84' lang='lat' dir='ltr'><strong>seqq.</strong></span> <span class='ocrx_word' id='word_1_50' title='bbox 749 755 844 822; x_wconf 81' lang='lat' dir='ltr'><strong>Sento,</strong></span> <span class='ocrx_word' id='word_1_51' title='bbox 860 757 928 824; x_wconf 90' lang='lat' dir='ltr'><strong>quia</strong></span> <span class='ocrx_word' id='word_1_52' title='bbox 944 755 1023 809; x_wconf 78' lang='lat' dir='ltr'><strong>lilon-</strong></span> 
     </span>
     <span class='ocr_line' id='line_1_10' title="bbox 201 826 1023 896; baseline -0.006 -12"><span class='ocrx_word' id='word_1_53' title='bbox 201 826 271 884; x_wconf 91' lang='lat' dir='ltr'><strong>dclli</strong></span> <span class='ocrx_word' id='word_1_54' title='bbox 296 827 439 882; x_wconf 88' lang='lat' dir='ltr'><strong>industria</strong></span> <span class='ocrx_word' id='word_1_55' title='bbox 461 826 497 880; x_wconf 92' lang='lat' dir='ltr'><strong>ab</strong></span> <span class='ocrx_word' id='word_1_56' title='bbox 511 826 625 896; x_wconf 83' lang='lat' dir='ltr'><strong>aliquot</strong></span> <span class='ocrx_word' id='word_1_57' title='bbox 640 828 724 880; x_wconf 90' lang='lat' dir='ltr'><strong>annis</strong></span> <span class='ocrx_word' id='word_1_58' title='bbox 744 839 776 881; x_wconf 94' lang='lat' dir='ltr'><strong>eo</strong></span> <span class='ocrx_word' id='word_1_59' title='bbox 794 826 977 895; x_wconf 88' lang='lat' dir='ltr'><strong>processerit,</strong></span> <span class='ocrx_word' id='word_1_60' title='bbox 991 830 1023 879; x_wconf 91' lang='lat' dir='ltr'><strong>ut</strong></span> 
     </span>
     <span class='ocr_line' id='line_1_11' title="bbox 202 896 1022 967; baseline -0.006 -12"><span class='ocrx_word' id='word_1_61' title='bbox 202 900 360 956; x_wconf 88' lang='lat' dir='ltr'><strong>sententias</strong></span> <span class='ocrx_word' id='word_1_62' title='bbox 370 896 489 953; x_wconf 91' lang='lat' dir='ltr'><strong>etverba</strong></span> <span class='ocrx_word' id='word_1_63' title='bbox 501 897 617 966; x_wconf 86' lang='lat' dir='ltr'><strong>ipsa,ex</strong></span> <span class='ocrx_word' id='word_1_64' title='bbox 627 896 869 967; x_wconf 83' lang='lat' dir='ltr'><strong>quibusepistolae</strong></span> <span class='ocrx_word' id='word_1_65' title='bbox 884 901 1022 952; x_wconf 75' lang='lat' dir='ltr'><strong>contextae</strong></span> 
     </span>
     <span class='ocr_line' id='line_1_12' title="bbox 203 967 1023 1039; baseline -0.005 -14"><span class='ocrx_word' id='word_1_66' title='bbox 203 976 282 1038; x_wconf 90' lang='lat' dir='ltr'><strong>sunt,</strong></span> <span class='ocrx_word' id='word_1_67' title='bbox 295 975 323 1024; x_wconf 90' lang='lat' dir='ltr'><strong>et</strong></span> <span class='ocrx_word' id='word_1_68' title='bbox 337 983 352 1023; x_wconf 93' lang='lat' dir='ltr'><strong>a</strong></span> <span class='ocrx_word' id='word_1_69' title='bbox 374 967 483 1039; x_wconf 90' lang='lat' dir='ltr'><strong>quibus</strong></span> <span class='ocrx_word' id='word_1_70' title='bbox 496 967 666 1023; x_wconf 91' lang='lat' dir='ltr'><strong>auctoribus</strong></span> <span class='ocrx_word' id='word_1_71' title='bbox 687 968 785 1037; x_wconf 83' lang='lat' dir='ltr'><strong>petita,</strong></span> <span class='ocrx_word' id='word_1_72' title='bbox 803 968 1023 1024; x_wconf 80' lang='lat' dir='ltr'><strong>accuratissime</strong></span> 
     </span>
     <span class='ocr_line' id='line_1_13' title="bbox 201 1038 1025 1107; baseline -0.008 -10"><span class='ocrx_word' id='word_1_73' title='bbox 201 1040 439 1098; x_wconf 79' lang='lat' dir='ltr'><strong>demonstraverit</strong></span> <span class='ocrx_word' id='word_1_74' title='bbox 466 1039 495 1093; x_wconf 95' lang='lat' dir='ltr'><strong>in</strong></span> <span class='ocrx_word' id='word_1_75' title='bbox 527 1038 613 1100; x_wconf 82' lang='lat' dir='ltr'><strong>libro.</strong></span> <span class='ocrx_word' id='word_1_76' title='bbox 636 1039 685 1107; x_wconf 82' lang='lat' dir='ltr'><strong>qui</strong></span> <span class='ocrx_word' id='word_1_77' title='bbox 706 1039 878 1094; x_wconf 82' lang='lat' dir='ltr'><strong>inscribitur</strong></span> <span class='ocrx_word' id='word_1_78' title='bbox 900 1039 1025 1093; x_wconf 83' lang='lat' dir='ltr'><strong>Pseudo-</strong></span> 
     </span>
     <span class='ocr_line' id='line_1_14' title="bbox 201 1111 1023 1178; baseline -0.006 -10"><span class='ocrx_word' id='word_1_79' title='bbox 201 1112 334 1178; x_wconf 84' lang='lat' dir='ltr'><strong>lsidorus,</strong></span> <span class='ocrx_word' id='word_1_80' title='bbox 351 1116 376 1165; x_wconf 93' lang='lat' dir='ltr'><strong>et</strong></span> <span class='ocrx_word' id='word_1_81' title='bbox 399 1112 551 1165; x_wconf 63' lang='lat' dir='ltr'><strong>Tuditanus</strong></span> <span class='ocrx_word' id='word_1_82' title='bbox 574 1111 745 1178; x_wconf 87' lang='lat' dir='ltr'><strong>vapulantes.</strong></span> <span class='ocrx_word' id='word_1_83' title='bbox 768 1111 1023 1166; x_wconf 85' lang='lat' dir='ltr'><strong>Franciscusenim</strong></span> 
     </span>
     <span class='ocr_line' id='line_1_15' title="bbox 201 1180 1025 1252; baseline -0.005 -14"><span class='ocrx_word' id='word_1_84' title='bbox 201 1184 363 1240; x_wconf 87' lang='lat' dir='ltr'><strong>Turrianas</strong></span> <span class='ocrx_word' id='word_1_85' title='bbox 382 1195 430 1237; x_wconf 89' lang='lat' dir='ltr'><strong>eas</strong></span> <span class='ocrx_word' id='word_1_86' title='bbox 445 1188 527 1236; x_wconf 89' lang='lat' dir='ltr'><strong>antea</strong></span> <span class='ocrx_word' id='word_1_87' title='bbox 545 1187 577 1236; x_wconf 91' lang='lat' dir='ltr'><strong>ut</strong></span> <span class='ocrx_word' id='word_1_88' title='bbox 600 1181 741 1252; x_wconf 78' lang='lat' dir='ltr'><strong>genuinas</strong></span> <span class='ocrx_word' id='word_1_89' title='bbox 753 1181 949 1250; x_wconf 80' lang='lat' dir='ltr'><strong>publicaverat</strong></span> <span class='ocrx_word' id='word_1_90' title='bbox 971 1180 1025 1236; x_wconf 90' lang='lat' dir='ltr'><strong>sub</strong></span> 
     </span>
     <span class='ocr_line' id='line_1_16' title="bbox 202 1251 1024 1322; baseline -0.006 -12"><span class='ocrx_word' id='word_1_91' title='bbox 202 1255 308 1310; x_wconf 88' lang='lat' dir='ltr'><strong>isidori</strong></span> <span class='ocrx_word' id='word_1_92' title='bbox 323 1254 489 1308; x_wconf 81' lang='lat' dir='ltr'><strong>Mercatoris</strong></span> <span class='ocrx_word' id='word_1_93' title='bbox 507 1253 630 1307; x_wconf 90' lang='lat' dir='ltr'><strong>nomine.</strong></span> <span class='ocrx_word' id='word_1_94' title='bbox 647 1253 783 1322; x_wconf 86' lang='lat' dir='ltr'><strong>Septimo,</strong></span> <span class='ocrx_word' id='word_1_95' title='bbox 801 1254 869 1321; x_wconf 91' lang='lat' dir='ltr'><strong>qnia</strong></span> <span class='ocrx_word' id='word_1_96' title='bbox 884 1251 1024 1322; x_wconf 89' lang='lat' dir='ltr'><strong>usquead</strong></span> 
     </span>
     <span class='ocr_line' id='line_1_17' title="bbox 203 1323 1026 1392; baseline -0.006 -10"><span class='ocrx_word' id='word_1_97' title='bbox 203 1325 324 1382; x_wconf 78' lang='lat' dir='ltr'><strong>Adriani</strong></span> <span class='ocrx_word' id='word_1_98' title='bbox 340 1325 425 1392; x_wconf 74' lang='lat' dir='ltr'><strong>ttrinri</strong></span> <span class='ocrx_word' id='word_1_99' title='bbox 438 1330 563 1392; x_wconf 89' lang='lat' dir='ltr'><strong>tempora</strong></span> <span class='ocrx_word' id='word_1_100' title='bbox 581 1323 895 1379; x_wconf 89' lang='lat' dir='ltr'><strong>nulluscutbolicorum</strong></span> <span class='ocrx_word' id='word_1_101' title='bbox 907 1325 1026 1391; x_wconf 90' lang='lat' dir='ltr'><strong>scripto·</strong></span> 
     </span>
     <span class='ocr_line' id='line_1_18' title="bbox 205 1395 1025 1464; baseline -0.006 -11"><span class='ocrx_word' id='word_1_102' title='bbox 205 1412 280 1464; x_wconf 92' lang='lat' dir='ltr'><strong>rum,</strong></span> <span class='ocrx_word' id='word_1_103' title='bbox 309 1395 409 1450; x_wconf 91' lang='lat' dir='ltr'><strong>nullus</strong></span> <span class='ocrx_word' id='word_1_104' title='bbox 432 1396 622 1449; x_wconf 83' lang='lat' dir='ltr'><strong>Romanorum</strong></span> <span class='ocrx_word' id='word_1_105' title='bbox 658 1395 835 1463; x_wconf 80' lang='lat' dir='ltr'><strong>pontiacum,</strong></span> <span class='ocrx_word' id='word_1_106' title='bbox 853 1396 1025 1464; x_wconf 88' lang='lat' dir='ltr'><strong>synodorum</strong></span> 
     </span>
     <span class='ocr_line' id='line_1_19' title="bbox 206 1465 1026 1534; baseline -0.005 -10"><span class='ocrx_word' id='word_1_107' title='bbox 206 1466 509 1533; x_wconf 83' lang='lat' dir='ltr'><strong>nullae,testimonium</strong></span> <span class='ocrx_word' id='word_1_108' title='bbox 522 1465 640 1534; x_wconf 83' lang='lat' dir='ltr'><strong>aliquod</strong></span> <span class='ocrx_word' id='word_1_109' title='bbox 654 1466 1026 1521; x_wconf 81' lang='lat' dir='ltr'><strong>esbiscelitterisaddute·</strong></span> 
     </span>
     <span class='ocr_line' id='line_1_20' title="bbox 206 1537 1027 1608; baseline -0.007 -12"><span class='ocrx_word' id='word_1_110' title='bbox 206 1541 266 1596; x_wconf 92' lang='lat' dir='ltr'><strong>rint</strong></span> <span class='ocrx_word' id='word_1_111' title='bbox 281 1555 289 1608; x_wconf 73' lang='grc' dir='ltr'><strong>ς</strong></span> <span class='ocrx_word' id='word_1_112' title='bbox 307 1537 438 1607; x_wconf 91' lang='lat' dir='ltr'><strong>quinimo</strong></span> <span class='ocrx_word' id='word_1_113' title='bbox 454 1537 573 1592; x_wconf 87' lang='lat' dir='ltr'><strong>Pbotius</strong></span> <span class='ocrx_word' id='word_1_114' title='bbox 589 1542 715 1605; x_wconf 89' lang='lat' dir='ltr'><strong>tempore</strong></span> <span class='ocrx_word' id='word_1_115' title='bbox 739 1538 849 1592; x_wconf 89' lang='lat' dir='ltr'><strong>Nicolni</strong></span> <span class='ocrx_word' id='word_1_116' title='bbox 868 1538 965 1606; x_wconf 89' lang='lat' dir='ltr'><strong>primi,</strong></span> <span class='ocrx_word' id='word_1_117' title='bbox 979 1550 1027 1591; x_wconf 94' lang='lat' dir='ltr'><strong>eas</strong></span> 
     </span>
     <span class='ocr_line' id='line_1_21' title="bbox 206 1608 1025 1677; baseline -0.005 -11"><span class='ocrx_word' id='word_1_118' title='bbox 206 1625 268 1667; x_wconf 89' lang='lat' dir='ltr'><strong>sese</strong></span> <span class='ocrx_word' id='word_1_119' title='bbox 284 1611 312 1664; x_wconf 94' lang='lat' dir='ltr'><strong>in</strong></span> <span class='ocrx_word' id='word_1_120' title='bbox 337 1608 453 1663; x_wconf 89' lang='lat' dir='ltr'><strong>Oriente</strong></span> <span class='ocrx_word' id='word_1_121' title='bbox 469 1620 609 1677; x_wconf 92' lang='lat' dir='ltr'><strong>nusquam</strong></span> <span class='ocrx_word' id='word_1_122' title='bbox 636 1608 745 1663; x_wconf 91' lang='lat' dir='ltr'><strong>vidisse</strong></span> <span class='ocrx_word' id='word_1_123' title='bbox 759 1616 879 1664; x_wconf 88' lang='lat' dir='ltr'><strong>testatus</strong></span> <span class='ocrx_word' id='word_1_124' title='bbox 889 1609 928 1663; x_wconf 92' lang='lat' dir='ltr'><strong>sit</strong></span> <span class='ocrx_word' id='word_1_125' title='bbox 945 1625 953 1674; x_wconf 87' lang='grc'><strong>;</strong></span> <span class='ocrx_word' id='word_1_126' title='bbox 967 1609 1025 1675; x_wconf 85' lang='grc'>444,</span> 
     </span>
     <span class='ocr_line' id='line_1_22' title="bbox 206 1680 1029 1750; baseline -0.006 -12"><span class='ocrx_word' id='word_1_127' title='bbox 206 1682 274 1738; x_wconf 88' lang='lat' dir='ltr'><strong>licet</strong></span> <span class='ocrx_word' id='word_1_128' title='bbox 286 1693 384 1736; x_wconf 90' lang='lat' dir='ltr'><strong>earum</strong></span> <span class='ocrx_word' id='word_1_129' title='bbox 403 1680 600 1734; x_wconf 89' lang='lat' dir='ltr'><strong>auctoritatem</strong></span> <span class='ocrx_word' id='word_1_130' title='bbox 625 1680 785 1750; x_wconf 80' lang='lat' dir='ltr'><strong>admiserit,</strong></span> <span class='ocrx_word' id='word_1_131' title='bbox 808 1680 899 1734; x_wconf 88' lang='lat' dir='ltr'><strong>lavere</strong></span> <span class='ocrx_word' id='word_1_132' title='bbox 914 1680 1029 1734; x_wconf 89' lang='lat' dir='ltr'><strong>videtur</strong></span> 
     </span>
    </p>
   </div>
   <div class='ocr_carea' id='block_1_6' title="bbox 1077 468 1901 1748">
    <p class='ocr_par' dir='ltr' id='par_1_6' title="bbox 1077 468 1901 1748">
     <span class='ocr_line' id='line_1_23' title="bbox 1079 468 1898 538; baseline 0.004 -14"><span class='ocrx_word' id='word_1_133' title='bbox 1079 468 1264 537; x_wconf 88' lang='lat' dir='ltr'><strong>pontilicibos</strong></span> <span class='ocrx_word' id='word_1_134' title='bbox 1288 469 1485 538; x_wconf 81' lang='lat' dir='ltr'><strong>supposuerit,</strong></span> <span class='ocrx_word' id='word_1_135' title='bbox 1513 469 1681 538; x_wconf 76' lang='lat' dir='ltr'><strong>incertum3</strong></span> <span class='ocrx_word' id='word_1_136' title='bbox 1701 469 1788 525; x_wconf 91' lang='lat' dir='ltr'><strong>illum</strong></span> <span class='ocrx_word' id='word_1_137' title='bbox 1816 472 1898 527; x_wconf 90' lang='lat' dir='ltr'><strong>solun</strong></span> 
     </span>
     <span class='ocr_line' id='line_1_24' title="bbox 1077 539 1898 612; baseline 0.002 -18"><span class='ocrx_word' id='word_1_138' title='bbox 1077 546 1189 594; x_wconf 88' lang='lat' dir='ltr'><strong>constat</strong></span> <span class='ocrx_word' id='word_1_139' title='bbox 1216 539 1386 606; x_wconf 88' lang='lat' dir='ltr'><strong>lticulpbum</strong></span> <span class='ocrx_word' id='word_1_140' title='bbox 1416 539 1618 611; x_wconf 86' lang='lat' dir='ltr'><strong>bloguntinum</strong></span> <span class='ocrx_word' id='word_1_141' title='bbox 1650 541 1835 610; x_wconf 83' lang='lat' dir='ltr'><strong>episcopum,</strong></span> <span class='ocrx_word' id='word_1_142' title='bbox 1859 544 1898 612; x_wconf 92' lang='lat' dir='ltr'><strong>qui</strong></span> 
     </span>
     <span class='ocr_line' id='line_1_25' title="bbox 1077 609 1899 673; baseline 0.006 -9"><span class='ocrx_word' id='word_1_143' title='bbox 1077 611 1154 665; x_wconf 89' lang='lat' dir='ltr'><strong>eirea</strong></span> <span class='ocrx_word' id='word_1_144' title='bbox 1168 609 1251 664; x_wconf 88' lang='lat' dir='ltr'><strong>linem</strong></span> <span class='ocrx_word' id='word_1_145' title='bbox 1271 610 1370 665; x_wconf 78' lang='lat' dir='ltr'><strong>saculi</strong></span> <span class='ocrx_word' id='word_1_146' title='bbox 1386 612 1518 666; x_wconf 73' lang='lat' dir='ltr'><strong>Ecclesia</strong></span> <span class='ocrx_word' id='word_1_147' title='bbox 1535 612 1641 673; x_wconf 86' lang='lat' dir='ltr'><strong>octavi,</strong></span> <span class='ocrx_word' id='word_1_148' title='bbox 1656 620 1686 667; x_wconf 90' lang='lat' dir='ltr'><strong>et</strong></span> <span class='ocrx_word' id='word_1_149' title='bbox 1703 613 1827 668; x_wconf 89' lang='lat' dir='ltr'><strong>initium</strong></span> <span class='ocrx_word' id='word_1_150' title='bbox 1844 616 1899 669; x_wconf 92' lang='lat' dir='ltr'><strong>noni</strong></span> 
     </span>
     <span class='ocr_line' id='line_1_26' title="bbox 1077 681 1900 752; baseline 0.005 -16"><span class='ocrx_word' id='word_1_151' title='bbox 1077 682 1187 745; x_wconf 91' lang='lat' dir='ltr'><strong>lloruit,</strong></span> <span class='ocrx_word' id='word_1_152' title='bbox 1199 681 1431 737; x_wconf 88' lang='lat' dir='ltr'><strong>Pseudo-isidori</strong></span> <span class='ocrx_word' id='word_1_153' title='bbox 1441 683 1547 738; x_wconf 91' lang='lat' dir='ltr'><strong>librom</strong></span> <span class='ocrx_word' id='word_1_154' title='bbox 1561 696 1596 737; x_wconf 81' lang='lat' dir='ltr'><strong>ex</strong></span> <span class='ocrx_word' id='word_1_155' title='bbox 1606 683 1791 752; x_wconf 81' lang='lat' dir='ltr'><strong>Hispaniain</strong></span> <span class='ocrx_word' id='word_1_156' title='bbox 1804 684 1900 740; x_wconf 81' lang='lat' dir='ltr'><strong>Gallias</strong></span> 
     </span>
     <span class='ocr_line' id='line_1_27' title="bbox 1077 753 1899 823; baseline 0.006 -17"><span class='ocrx_word' id='word_1_157' title='bbox 1077 753 1206 808; x_wconf 87' lang='lat' dir='ltr'><strong>allatum.</strong></span> <span class='ocrx_word' id='word_1_158' title='bbox 1226 753 1348 820; x_wconf 92' lang='lat' dir='ltr'><strong>primum</strong></span> <span class='ocrx_word' id='word_1_159' title='bbox 1362 753 1510 809; x_wconf 87' lang='lat' dir='ltr'><strong>Gallorum</strong></span> <span class='ocrx_word' id='word_1_160' title='bbox 1521 755 1669 823; x_wconf 89' lang='lat' dir='ltr'><strong>accepisse</strong></span> <span class='ocrx_word' id='word_1_161' title='bbox 1685 768 1721 809; x_wconf 90' lang='lat' dir='ltr'><strong>as</strong></span> <span class='ocrx_word' id='word_1_162' title='bbox 1739 755 1899 823; x_wconf 79' lang='lat' dir='ltr'><strong>publicasse,</strong></span> 
     </span>
     <span class='ocr_line' id='line_1_28' title="bbox 1079 823 1900 895; baseline 0.007 -17"><span class='ocrx_word' id='word_1_163' title='bbox 1079 823 1900 895; x_wconf 84' lang='lat' dir='ltr'><strong>utscribitllincmarusitbemensismetropolitaopusculo</strong></span> 
     </span>
     <span class='ocr_line' id='line_1_29' title="bbox 1077 894 1900 966; baseline 0.007 -18"><span class='ocrx_word' id='word_1_164' title='bbox 1077 901 1176 949; x_wconf 88' lang='lat' dir='ltr'><strong>contra</strong></span> <span class='ocrx_word' id='word_1_165' title='bbox 1193 901 1332 963; x_wconf 85' lang='lat' dir='ltr'><strong>nepotem,</strong></span> <span class='ocrx_word' id='word_1_166' title='bbox 1353 908 1414 963; x_wconf 91' lang='lat' dir='ltr'><strong>cap.</strong></span> <span class='ocrx_word' id='word_1_167' title='bbox 1431 894 1476 959; x_wconf 83' lang='grc'><strong>54,</strong></span> <span class='ocrx_word' id='word_1_168' title='bbox 1509 910 1525 951; x_wconf 91' lang='lat' dir='ltr'><strong>a</strong></span> <span class='ocrx_word' id='word_1_169' title='bbox 1553 910 1611 966; x_wconf 91' lang='lat' dir='ltr'><strong>quo</strong></span> <span class='ocrx_word' id='word_1_170' title='bbox 1626 903 1762 966; x_wconf 89' lang='lat' dir='ltr'><strong>tempore</strong></span> <span class='ocrx_word' id='word_1_171' title='bbox 1786 898 1900 955; x_wconf 89' lang='lat' dir='ltr'><strong>iideliun</strong></span> 
     </span>
     <span class='ocr_line' id='line_1_30' title="bbox 1079 967 1901 1038; baseline 0.005 -18"><span class='ocrx_word' id='word_1_172' title='bbox 1079 979 1134 1020; x_wconf 92' lang='lat' dir='ltr'><strong>non</strong></span> <span class='ocrx_word' id='word_1_173' title='bbox 1150 967 1246 1020; x_wconf 91' lang='lat' dir='ltr'><strong>minus</strong></span> <span class='ocrx_word' id='word_1_174' title='bbox 1259 978 1342 1035; x_wconf 85' lang='lat' dir='ltr'><strong>quarn</strong></span> <span class='ocrx_word' id='word_1_175' title='bbox 1360 969 1560 1036; x_wconf 88' lang='lat' dir='ltr'><strong>episcoporum</strong></span> <span class='ocrx_word' id='word_1_176' title='bbox 1574 980 1643 1038; x_wconf 82' lang='lat' dir='ltr'><strong>erga</strong></span> <span class='ocrx_word' id='word_1_177' title='bbox 1662 969 1829 1025; x_wconf 87' lang='lat' dir='ltr'><strong>decretales</strong></span> <span class='ocrx_word' id='word_1_178' title='bbox 1848 970 1901 1026; x_wconf 83' lang='lat' dir='ltr'><strong>illas</strong></span> 
     </span>
     <span class='ocr_line' id='line_1_31' title="bbox 1078 1037 1899 1109; baseline 0.004 -18"><span class='ocrx_word' id='word_1_179' title='bbox 1078 1037 1215 1104; x_wconf 91' lang='lat' dir='ltr'><strong>epistolas</strong></span> <span class='ocrx_word' id='word_1_180' title='bbox 1227 1041 1291 1091; x_wconf 90' lang='lat' dir='ltr'><strong>nata</strong></span> <span class='ocrx_word' id='word_1_181' title='bbox 1300 1040 1458 1103; x_wconf 80' lang='lat' dir='ltr'><strong>venerati03</strong></span> <span class='ocrx_word' id='word_1_182' title='bbox 1468 1039 1536 1094; x_wconf 90' lang='lat' dir='ltr'><strong>licet</strong></span> <span class='ocrx_word' id='word_1_183' title='bbox 1544 1039 1623 1094; x_wconf 89' lang='lat' dir='ltr'><strong>enim</strong></span> <span class='ocrx_word' id='word_1_184' title='bbox 1633 1041 1899 1109; x_wconf 80' lang='lat' dir='ltr'><strong>supposititiaesiot,</strong></span> 
     </span>
     <span class='ocr_line' id='line_1_32' title="bbox 1079 1108 1899 1182; baseline 0.004 -19"><span class='ocrx_word' id='word_1_185' title='bbox 1079 1116 1107 1164; x_wconf 92' lang='lat' dir='ltr'><strong>et</strong></span> <span class='ocrx_word' id='word_1_186' title='bbox 1121 1108 1295 1163; x_wconf 89' lang='lat' dir='ltr'><strong>laudandum</strong></span> <span class='ocrx_word' id='word_1_187' title='bbox 1310 1109 1348 1162; x_wconf 89' lang='lat' dir='ltr'><strong>sit</strong></span> <span class='ocrx_word' id='word_1_188' title='bbox 1363 1108 1503 1165; x_wconf 86' lang='lat' dir='ltr'><strong>Blondelli</strong></span> <span class='ocrx_word' id='word_1_189' title='bbox 1516 1111 1755 1181; x_wconf 91' lang='lat' dir='ltr'><strong>criterium,quo</strong></span> <span class='ocrx_word' id='word_1_190' title='bbox 1769 1112 1836 1168; x_wconf 88' lang='lat' dir='ltr'><strong>illas</strong></span> <span class='ocrx_word' id='word_1_191' title='bbox 1849 1114 1899 1182; x_wconf 92' lang='lat' dir='ltr'><strong>pri-</strong></span> 
     </span>
     <span class='ocr_line' id='line_1_33' title="bbox 1080 1179 1899 1250; baseline 0.005 -15"><span class='ocrx_word' id='word_1_192' title='bbox 1080 1180 1138 1235; x_wconf 86' lang='lat' dir='ltr'><strong>scis</strong></span> <span class='ocrx_word' id='word_1_193' title='bbox 1148 1179 1334 1247; x_wconf 87' lang='lat' dir='ltr'><strong>pontrlicibns</strong></span> <span class='ocrx_word' id='word_1_194' title='bbox 1344 1180 1533 1250; x_wconf 81' lang='lat' dir='ltr'><strong>adjudicavit,</strong></span> <span class='ocrx_word' id='word_1_195' title='bbox 1547 1182 1698 1237; x_wconf 86' lang='lat' dir='ltr'><strong>immerito</strong></span> <span class='ocrx_word' id='word_1_196' title='bbox 1716 1189 1813 1238; x_wconf 67' lang='lat' dir='ltr'><strong>amen</strong></span> <span class='ocrx_word' id='word_1_197' title='bbox 1826 1184 1859 1238; x_wconf 87' lang='lat' dir='ltr'><strong>ab</strong></span> <span class='ocrx_word' id='word_1_198' title='bbox 1867 1199 1899 1250; x_wconf 85' lang='lat' dir='ltr'><strong>eo,</strong></span> 
     </span>
     <span class='ocr_line' id='line_1_34' title="bbox 1080 1250 1899 1323; baseline 0.004 -17"><span class='ocrx_word' id='word_1_199' title='bbox 1080 1251 1207 1320; x_wconf 83' lang='lat' dir='ltr'><strong>allisque</strong></span> <span class='ocrx_word' id='word_1_200' title='bbox 1220 1250 1373 1320; x_wconf 64' lang='lat' dir='ltr'><strong>haereticis</strong></span> <span class='ocrx_word' id='word_1_201' title='bbox 1387 1253 1568 1306; x_wconf 67' lang='lat' dir='ltr'><strong>atrocioribus</strong></span> <span class='ocrx_word' id='word_1_202' title='bbox 1592 1254 1687 1307; x_wconf 62' lang='lat' dir='ltr'><strong>randis</strong></span> <span class='ocrx_word' id='word_1_203' title='bbox 1702 1253 1899 1323; x_wconf 88' lang='lat' dir='ltr'><strong>dilacerantur,</strong></span> 
     </span>
     <span class='ocr_line' id='line_1_35' title="bbox 1081 1324 1899 1390; baseline 0.005 -15"><span class='ocrx_word' id='word_1_204' title='bbox 1081 1338 1141 1375; x_wconf 85' lang='lat' dir='ltr'><strong>cum</strong></span> <span class='ocrx_word' id='word_1_205' title='bbox 1160 1338 1173 1375; x_wconf 87' lang='lat' dir='ltr'><strong>e</strong></span> <span class='ocrx_word' id='word_1_206' title='bbox 1191 1324 1342 1385; x_wconf 78' lang='lat' dir='ltr'><strong>sententiis,</strong></span> <span class='ocrx_word' id='word_1_207' title='bbox 1373 1328 1398 1376; x_wconf 87' lang='lat' dir='ltr'><strong>et</strong></span> <span class='ocrx_word' id='word_1_208' title='bbox 1422 1324 1510 1378; x_wconf 78' lang='grc'>444444</span> <span class='ocrx_word' id='word_1_209' title='bbox 1536 1324 1633 1390; x_wconf 84' lang='lat' dir='ltr'><strong>lequm,</strong></span> <span class='ocrx_word' id='word_1_210' title='bbox 1664 1341 1808 1379; x_wconf 81' lang='lat' dir='ltr'><strong>canonum</strong></span> <span class='ocrx_word' id='word_1_211' title='bbox 1839 1330 1899 1380; x_wconf 80' lang='grc'>4444-</span> 
     </span>
     <span class='ocr_line' id='line_1_36' title="bbox 1081 1393 1899 1465; baseline 0.007 -19"><span class='ocrx_word' id='word_1_212' title='bbox 1081 1408 1204 1462; x_wconf 77' lang='lat' dir='ltr'><strong>quorvnvt,</strong></span> <span class='ocrx_word' id='word_1_213' title='bbox 1227 1399 1251 1446; x_wconf 89' lang='lat' dir='ltr'><strong>et</strong></span> <span class='ocrx_word' id='word_1_214' title='bbox 1267 1393 1315 1449; x_wconf 87' lang='lat' dir='ltr'><strong>SS.</strong></span> <span class='ocrx_word' id='word_1_215' title='bbox 1340 1395 1462 1461; x_wconf 82' lang='lat' dir='ltr'><strong>Patrem,</strong></span> <span class='ocrx_word' id='word_1_216' title='bbox 1491 1397 1540 1464; x_wconf 86' lang='lat' dir='ltr'><strong>qui</strong></span> <span class='ocrx_word' id='word_1_217' title='bbox 1562 1400 1664 1463; x_wconf 84' lang='lat' dir='ltr'><strong>quarto</strong></span> <span class='ocrx_word' id='word_1_218' title='bbox 1689 1398 1792 1451; x_wconf 76' lang='lat' dir='ltr'><strong>saeculo</strong></span> <span class='ocrx_word' id='word_1_219' title='bbox 1819 1399 1899 1465; x_wconf 73' lang='lat' dir='ltr'><strong>dorne·</strong></span> 
     </span>
     <span class='ocr_line' id='line_1_37' title="bbox 1080 1466 1901 1542; baseline 0.007 -24"><span class='ocrx_word' id='word_1_220' title='bbox 1080 1470 1157 1532; x_wconf 82' lang='lat' dir='ltr'><strong>runt,</strong></span> <span class='ocrx_word' id='word_1_221' title='bbox 1181 1467 1308 1533; x_wconf 83' lang='lat' dir='ltr'><strong>stpouen</strong></span> <span class='ocrx_word' id='word_1_222' title='bbox 1330 1466 1430 1527; x_wconf 66' lang='lat' dir='ltr'><strong>deniers,</strong></span> <span class='ocrx_word' id='word_1_223' title='bbox 1458 1467 1638 1521; x_wconf 79' lang='lat' dir='ltr'><strong>concinnatae</strong></span> <span class='ocrx_word' id='word_1_224' title='bbox 1670 1468 1746 1532; x_wconf 90' lang='lat' dir='ltr'><strong>sint,</strong></span> <span class='ocrx_word' id='word_1_225' title='bbox 1766 1475 1799 1525; x_wconf 92' lang='lat' dir='ltr'><strong>ut</strong></span> <span class='ocrx_word' id='word_1_226' title='bbox 1823 1471 1901 1542; x_wconf 91' lang='lat' dir='ltr'><strong>inquit</strong></span> 
     </span>
     <span class='ocr_line' id='line_1_38' title="bbox 1083 1534 1901 1611; baseline 0.009 -20"><span class='ocrx_word' id='word_1_227' title='bbox 1083 1539 1175 1591; x_wconf 86' lang='lat' dir='ltr'><strong>blatea</strong></span> <span class='ocrx_word' id='word_1_228' title='bbox 1186 1534 1330 1591; x_wconf 90' lang='lat' dir='ltr'><strong>laudatus.</strong></span> <span class='ocrx_word' id='word_1_229' title='bbox 1347 1538 1432 1592; x_wconf 89' lang='lat' dir='ltr'><strong>Porro</strong></span> <span class='ocrx_word' id='word_1_230' title='bbox 1442 1538 1572 1593; x_wconf 90' lang='lat' dir='ltr'><strong>omnium</strong></span> <span class='ocrx_word' id='word_1_231' title='bbox 1585 1539 1785 1607; x_wconf 88' lang='lat' dir='ltr'><strong>epistolarum</strong></span> <span class='ocrx_word' id='word_1_232' title='bbox 1798 1545 1901 1611; x_wconf 88' lang='lat' dir='ltr'><strong>pseudi-</strong></span> 
     </span>
     <span class='ocr_line' id='line_1_39' title="bbox 1083 1607 1900 1683; baseline 0.011 -23"><span class='ocrx_word' id='word_1_233' title='bbox 1083 1607 1255 1677; x_wconf 79' lang='lat' dir='ltr'><strong>grapbarum</strong></span> <span class='ocrx_word' id='word_1_234' title='bbox 1285 1609 1489 1676; x_wconf 83' lang='lat' dir='ltr'><strong>inscriptiones</strong></span> <span class='ocrx_word' id='word_1_235' title='bbox 1512 1610 1540 1664; x_wconf 94' lang='lat' dir='ltr'><strong>in</strong></span> <span class='ocrx_word' id='word_1_236' title='bbox 1568 1623 1627 1665; x_wconf 94' lang='lat' dir='ltr'><strong>uno</strong></span> <span class='ocrx_word' id='word_1_237' title='bbox 1644 1625 1769 1681; x_wconf 90' lang='lat' dir='ltr'><strong>qnoque</strong></span> <span class='ocrx_word' id='word_1_238' title='bbox 1785 1614 1900 1683; x_wconf 79' lang='lat' dir='ltr'><strong>pontifice</strong></span> 
     </span>
     <span class='ocr_line' id='line_1_40' title="bbox 1083 1678 1901 1748; baseline 0.012 -17"><span class='ocrx_word' id='word_1_239' title='bbox 1083 1678 1243 1745; x_wconf 80' lang='lat' dir='ltr'><strong>afferemus,</strong></span> <span class='ocrx_word' id='word_1_240' title='bbox 1269 1691 1304 1733; x_wconf 94' lang='lat' dir='ltr'><strong>ne</strong></span> <span class='ocrx_word' id='word_1_241' title='bbox 1340 1680 1491 1748; x_wconf 91' lang='lat' dir='ltr'><strong>imperitus</strong></span> <span class='ocrx_word' id='word_1_242' title='bbox 1513 1679 1605 1736; x_wconf 90' lang='lat' dir='ltr'><strong>lector</strong></span> <span class='ocrx_word' id='word_1_243' title='bbox 1635 1682 1795 1739; x_wconf 86' lang='lat' dir='ltr'><strong>existimet</strong></span> <span class='ocrx_word' id='word_1_244' title='bbox 1822 1699 1901 1741; x_wconf 77' lang='lat' dir='ltr'><strong>ornnes</strong></span> 
     </span>
    </p>
   </div>
   <div class='ocr_carea' id='block_1_7' title="bbox 207 1749 1900 1826">
    <p class='ocr_par' dir='ltr' id='par_1_7' title="bbox 207 1749 1900 1826">
     <span class='ocr_line' id='line_1_41' title="bbox 207 1749 1900 1826; baseline 0.001 -16"><span class='ocrx_word' id='word_1_245' title='bbox 207 1756 388 1818; x_wconf 88' lang='lat' dir='ltr'><strong>llincmarus,</strong></span> <span class='ocrx_word' id='word_1_246' title='bbox 411 1750 590 1818; x_wconf 89' lang='lat' dir='ltr'><strong>metropolita</strong></span> <span class='ocrx_word' id='word_1_247' title='bbox 605 1750 783 1817; x_wconf 82' lang='lat' dir='ltr'><strong>libanensis,</strong></span> <span class='ocrx_word' id='word_1_248' title='bbox 797 1752 886 1820; x_wconf 89' lang='lat' dir='ltr'><strong>quiet</strong></span> <span class='ocrx_word' id='word_1_249' title='bbox 901 1751 964 1805; x_wconf 90' lang='lat' dir='ltr'><strong>ideo</strong></span> <span class='ocrx_word' id='word_1_250' title='bbox 975 1749 1028 1805; x_wconf 87' lang='lat' dir='ltr'><strong>lre·</strong></span> <span class='ocrx_word' id='word_1_251' title='bbox 1041 1761 1068 1822; x_wconf 83' lang='grc' dir='ltr'><strong>Β</strong></span> <span class='ocrx_word' id='word_1_252' title='bbox 1083 1750 1200 1804; x_wconf 84' lang='grc'>444444</span> <span class='ocrx_word' id='word_1_253' title='bbox 1218 1751 1407 1805; x_wconf 80' lang='lat' dir='ltr'><strong>Romanorum</strong></span> <span class='ocrx_word' id='word_1_254' title='bbox 1425 1751 1594 1821; x_wconf 77' lang='lat' dir='ltr'><strong>pontificum</strong></span> <span class='ocrx_word' id='word_1_255' title='bbox 1608 1753 1759 1822; x_wconf 89' lang='lat' dir='ltr'><strong>epistolas</strong></span> <span class='ocrx_word' id='word_1_256' title='bbox 1779 1759 1900 1826; x_wconf 73' lang='lat' dir='ltr'><strong>genuims</strong></span> 
     </span>
    </p>
   </div>
   <div class='ocr_carea' id='block_1_8' title="bbox 207 1821 1030 2673">
    <p class='ocr_par' dir='ltr' id='par_1_8' title="bbox 207 1821 1030 2673">
     <span class='ocr_line' id='line_1_42' title="bbox 208 1821 1026 1896; baseline -0.006 -16"><span class='ocrx_word' id='word_1_257' title='bbox 208 1824 373 1896; x_wconf 91' lang='lat' dir='ltr'><strong>quentiusa</strong></span> <span class='ocrx_word' id='word_1_258' title='bbox 389 1821 496 1876; x_wconf 91' lang='lat' dir='ltr'><strong>litteris</strong></span> <span class='ocrx_word' id='word_1_259' title='bbox 512 1821 610 1875; x_wconf 82' lang='lat' dir='ltr'><strong>siricii</strong></span> <span class='ocrx_word' id='word_1_260' title='bbox 625 1822 829 1890; x_wconf 73' lang='lat' dir='ltr'><strong>papvaeinitium</strong></span> <span class='ocrx_word' id='word_1_261' title='bbox 844 1823 940 1888; x_wconf 80' lang='lat' dir='ltr'><strong>duxit,</strong></span> <span class='ocrx_word' id='word_1_262' title='bbox 956 1827 984 1875; x_wconf 89' lang='lat' dir='ltr'><strong>et</strong></span> <span class='ocrx_word' id='word_1_263' title='bbox 996 1821 1026 1875; x_wconf 94' lang='lat' dir='ltr'><strong>in</strong></span> 
     </span>
     <span class='ocr_line' id='line_1_43' title="bbox 208 1892 1026 1963; baseline -0.009 -11"><span class='ocrx_word' id='word_1_264' title='bbox 208 1894 385 1952; x_wconf 89' lang='lat' dir='ltr'><strong>testimoniis</strong></span> <span class='ocrx_word' id='word_1_265' title='bbox 395 1892 632 1963; x_wconf 87' lang='lat' dir='ltr'><strong>subsequentium</strong></span> <span class='ocrx_word' id='word_1_266' title='bbox 641 1893 747 1947; x_wconf 73' lang='lat' dir='ltr'><strong>siricio</strong></span> <span class='ocrx_word' id='word_1_267' title='bbox 757 1895 921 1962; x_wconf 80' lang='lat' dir='ltr'><strong>pontincum</strong></span> <span class='ocrx_word' id='word_1_268' title='bbox 934 1893 1026 1947; x_wconf 86' lang='lat' dir='ltr'><strong>baesit.</strong></span> 
     </span>
     <span class='ocr_line' id='line_1_44' title="bbox 207 1964 1028 2034; baseline -0.009 -10"><span class='ocrx_word' id='word_1_269' title='bbox 207 1968 322 2034; x_wconf 90' lang='lat' dir='ltr'><strong>Octavo,</strong></span> <span class='ocrx_word' id='word_1_270' title='bbox 338 1979 372 2021; x_wconf 84' lang='lat' dir='ltr'><strong>ex</strong></span> <span class='ocrx_word' id='word_1_271' title='bbox 397 1967 487 2020; x_wconf 87' lang='lat' dir='ltr'><strong>Leone</strong></span> <span class='ocrx_word' id='word_1_272' title='bbox 504 1977 574 2032; x_wconf 91' lang='lat' dir='ltr'><strong>papa</strong></span> <span class='ocrx_word' id='word_1_273' title='bbox 591 1965 633 2030; x_wconf 86' lang='lat' dir='ltr'><strong>lv,</strong></span> <span class='ocrx_word' id='word_1_274' title='bbox 659 1965 788 2034; x_wconf 89' lang='lat' dir='ltr'><strong>quiante</strong></span> <span class='ocrx_word' id='word_1_275' title='bbox 812 1965 961 2020; x_wconf 90' lang='lat' dir='ltr'><strong>Nicolaum</strong></span> <span class='ocrx_word' id='word_1_276' title='bbox 973 1966 983 2017; x_wconf 92' lang='lat' dir='ltr'><strong>l</strong></span> <span class='ocrx_word' id='word_1_277' title='bbox 997 1964 1028 2017; x_wconf 95' lang='lat' dir='ltr'><strong>in</strong></span> 
     </span>
     <span class='ocr_line' id='line_1_45' title="bbox 208 2033 1028 2108; baseline -0.007 -13"><span class='ocrx_word' id='word_1_278' title='bbox 208 2038 330 2108; x_wconf 90' lang='lat' dir='ltr'><strong>epistola</strong></span> <span class='ocrx_word' id='word_1_279' title='bbox 345 2037 379 2092; x_wconf 92' lang='lat' dir='ltr'><strong>ad</strong></span> <span class='ocrx_word' id='word_1_280' title='bbox 404 2037 554 2105; x_wconf 90' lang='lat' dir='ltr'><strong>episcopos</strong></span> <span class='ocrx_word' id='word_1_281' title='bbox 578 2033 688 2104; x_wconf 73' lang='lat' dir='ltr'><strong>angliae</strong></span> <span class='ocrx_word' id='word_1_282' title='bbox 713 2036 748 2090; x_wconf 92' lang='lat' dir='ltr'><strong>de</strong></span> <span class='ocrx_word' id='word_1_283' title='bbox 773 2037 820 2091; x_wconf 91' lang='lat' dir='ltr'><strong>bis</strong></span> <span class='ocrx_word' id='word_1_284' title='bbox 834 2035 1028 2090; x_wconf 89' lang='lat' dir='ltr'><strong>decretalibus</strong></span> 
     </span>
     <span class='ocr_line' id='line_1_46' title="bbox 208 2106 1028 2176; baseline -0.007 -11"><span class='ocrx_word' id='word_1_285' title='bbox 208 2110 370 2173; x_wconf 90' lang='lat' dir='ltr'><strong>consultus,</strong></span> <span class='ocrx_word' id='word_1_286' title='bbox 391 2106 530 2176; x_wconf 89' lang='lat' dir='ltr'><strong>reposuit,</strong></span> <span class='ocrx_word' id='word_1_287' title='bbox 556 2106 654 2161; x_wconf 81' lang='lat' dir='ltr'><strong>Sedent</strong></span> <span class='ocrx_word' id='word_1_288' title='bbox 671 2107 857 2175; x_wconf 87' lang='lat' dir='ltr'><strong>apostolicam</strong></span> <span class='ocrx_word' id='word_1_289' title='bbox 877 2107 1028 2161; x_wconf 82' lang='lat' dir='ltr'><strong>admittere</strong></span> 
     </span>
     <span class='ocr_line' id='line_1_47' title="bbox 209 2177 1027 2252; baseline -0.006 -17"><span class='ocrx_word' id='word_1_290' title='bbox 209 2181 333 2252; x_wconf 82' lang='lat' dir='ltr'><strong>regulas.</strong></span> <span class='ocrx_word' id='word_1_291' title='bbox 347 2201 360 2231; x_wconf 77' lang='lat' dir='ltr'><strong>r</strong></span> <span class='ocrx_word' id='word_1_292' title='bbox 373 2178 530 2234; x_wconf 85' lang='lat' dir='ltr'><strong>Praesulum</strong></span> <span class='ocrx_word' id='word_1_293' title='bbox 547 2178 737 2232; x_wconf 82' lang='lat' dir='ltr'><strong>Romanorum</strong></span> <span class='ocrx_word' id='word_1_294' title='bbox 758 2178 901 2242; x_wconf 87' lang='lat' dir='ltr'><strong>Silvestri,</strong></span> <span class='ocrx_word' id='word_1_295' title='bbox 916 2177 1027 2242; x_wconf 87' lang='lat' dir='ltr'><strong>Siricii,</strong></span> 
     </span>
     <span class='ocr_line' id='line_1_48' title="bbox 209 2248 1029 2317; baseline -0.007 -10"><span class='ocrx_word' id='word_1_296' title='bbox 209 2251 381 2312; x_wconf 90' lang='lat' dir='ltr'><strong>innocentii,</strong></span> <span class='ocrx_word' id='word_1_297' title='bbox 408 2248 523 2315; x_wconf 89' lang='lat' dir='ltr'><strong>Zosimi,</strong></span> <span class='ocrx_word' id='word_1_298' title='bbox 540 2249 698 2310; x_wconf 78' lang='lat' dir='ltr'><strong>celestini,</strong></span> <span class='ocrx_word' id='word_1_299' title='bbox 720 2250 832 2317; x_wconf 87' lang='lat' dir='ltr'><strong>Leonis,</strong></span> <span class='ocrx_word' id='word_1_300' title='bbox 846 2249 1029 2309; x_wconf 87' lang='lat' dir='ltr'><strong>Gelasii,lli-</strong></span> 
     </span>
     <span class='ocr_line' id='line_1_49' title="bbox 209 2319 1028 2391; baseline -0.006 -13"><span class='ocrx_word' id='word_1_301' title='bbox 209 2323 276 2390; x_wconf 92' lang='lat' dir='ltr'><strong>lari,</strong></span> <span class='ocrx_word' id='word_1_302' title='bbox 291 2321 464 2391; x_wconf 82' lang='lat' dir='ltr'><strong>Symmachi,</strong></span> <span class='ocrx_word' id='word_1_303' title='bbox 481 2320 647 2387; x_wconf 83' lang='lat' dir='ltr'><strong>Hormisdae,</strong></span> <span class='ocrx_word' id='word_1_304' title='bbox 675 2320 819 2389; x_wconf 83' lang='lat' dir='ltr'><strong>Simplicii</strong></span> <span class='ocrx_word' id='word_1_305' title='bbox 846 2326 874 2374; x_wconf 88' lang='lat' dir='ltr'><strong>et</strong></span> <span class='ocrx_word' id='word_1_306' title='bbox 896 2319 1028 2389; x_wconf 82' lang='lat' dir='ltr'><strong>Gregorii</strong></span> 
     </span>
     <span class='ocr_line' id='line_1_50' title="bbox 208 2391 1030 2461; baseline -0.005 -13"><span class='ocrx_word' id='word_1_307' title='bbox 208 2393 349 2460; x_wconf 85' lang='lat' dir='ltr'><strong>tunioris,</strong></span> <span class='ocrx_word' id='word_1_308' title='bbox 364 2392 414 2461; x_wconf 91' lang='lat' dir='ltr'><strong>qui</strong></span> <span class='ocrx_word' id='word_1_309' title='bbox 444 2392 562 2445; x_wconf 89' lang='lat' dir='ltr'><strong>omnino</strong></span> <span class='ocrx_word' id='word_1_310' title='bbox 577 2399 655 2455; x_wconf 90' lang='lat' dir='ltr'><strong>sunt,</strong></span> <span class='ocrx_word' id='word_1_311' title='bbox 677 2400 704 2446; x_wconf 92' lang='lat' dir='ltr'><strong>et</strong></span> <span class='ocrx_word' id='word_1_312' title='bbox 728 2405 776 2459; x_wconf 87' lang='lat' dir='ltr'><strong>per</strong></span> <span class='ocrx_word' id='word_1_313' title='bbox 800 2405 872 2461; x_wconf 92' lang='lat' dir='ltr'><strong>quos</strong></span> <span class='ocrx_word' id='word_1_314' title='bbox 897 2391 1030 2460; x_wconf 87' lang='lat' dir='ltr'><strong>judicant</strong></span> 
     </span>
     <span class='ocr_line' id='line_1_51' title="bbox 210 2461 1028 2534; baseline -0.004 -14"><span class='ocrx_word' id='word_1_315' title='bbox 210 2464 349 2534; x_wconf 88' lang='lat' dir='ltr'><strong>episcopi,</strong></span> <span class='ocrx_word' id='word_1_316' title='bbox 372 2468 400 2517; x_wconf 92' lang='lat' dir='ltr'><strong>et</strong></span> <span class='ocrx_word' id='word_1_317' title='bbox 414 2475 547 2532; x_wconf 90' lang='lat' dir='ltr'><strong>perquos</strong></span> <span class='ocrx_word' id='word_1_318' title='bbox 560 2461 686 2529; x_wconf 88' lang='lat' dir='ltr'><strong>episcopi</strong></span> <span class='ocrx_word' id='word_1_319' title='bbox 707 2461 794 2517; x_wconf 90' lang='lat' dir='ltr'><strong>simul</strong></span> <span class='ocrx_word' id='word_1_320' title='bbox 813 2462 990 2531; x_wconf 86' lang='lat' dir='ltr'><strong>judicantur.</strong></span> <span class='ocrx_word' id='word_1_321' title='bbox 1015 2479 1028 2510; x_wconf 78' lang='lat' dir='ltr'><strong>n</strong></span> 
     </span>
     <span class='ocr_line' id='line_1_52' title="bbox 208 2529 1030 2602; baseline -0.006 -11"><span class='ocrx_word' id='word_1_322' title='bbox 208 2539 272 2591; x_wconf 81' lang='lat' dir='ltr'><strong>llaec</strong></span> <span class='ocrx_word' id='word_1_323' title='bbox 284 2537 362 2591; x_wconf 90' lang='lat' dir='ltr'><strong>circa</strong></span> <span class='ocrx_word' id='word_1_324' title='bbox 382 2547 488 2588; x_wconf 86' lang='lat' dir='ltr'><strong>annunt</strong></span> <span class='ocrx_word' id='word_1_325' title='bbox 503 2529 556 2586; x_wconf 88' lang='grc'><strong>840</strong></span> <span class='ocrx_word' id='word_1_326' title='bbox 571 2533 624 2587; x_wconf 90' lang='lat' dir='ltr'><strong>Leo</strong></span> <span class='ocrx_word' id='word_1_327' title='bbox 639 2535 647 2586; x_wconf 94' lang='lat' dir='ltr'><strong>l</strong></span> <span class='ocrx_word' id='word_1_328' title='bbox 654 2535 673 2587; x_wconf 87' lang='lat' dir='ltr'>V</span> <span class='ocrx_word' id='word_1_329' title='bbox 688 2535 816 2600; x_wconf 85' lang='lat' dir='ltr'><strong>scripsit,</strong></span> <span class='ocrx_word' id='word_1_330' title='bbox 831 2532 880 2588; x_wconf 93' lang='lat' dir='ltr'><strong>ubi</strong></span> <span class='ocrx_word' id='word_1_331' title='bbox 896 2547 950 2588; x_wconf 93' lang='lat' dir='ltr'><strong>non</strong></span> <span class='ocrx_word' id='word_1_332' title='bbox 964 2534 1030 2602; x_wconf 93' lang='lat' dir='ltr'><strong>epi-</strong></span> 
     </span>
     <span class='ocr_line' id='line_1_53' title="bbox 209 2603 1030 2673; baseline -0.006 -11"><span class='ocrx_word' id='word_1_333' title='bbox 209 2608 299 2662; x_wconf 91' lang='lat' dir='ltr'><strong>stolas</strong></span> <span class='ocrx_word' id='word_1_334' title='bbox 313 2605 493 2661; x_wconf 87' lang='lat' dir='ltr'><strong>decretalesa</strong></span> <span class='ocrx_word' id='word_1_335' title='bbox 517 2603 660 2657; x_wconf 79' lang='lat' dir='ltr'><strong>Clemente</strong></span> <span class='ocrx_word' id='word_1_336' title='bbox 674 2613 724 2660; x_wconf 90' lang='lat' dir='ltr'><strong>aut</strong></span> <span class='ocrx_word' id='word_1_337' title='bbox 736 2605 882 2669; x_wconf 75' lang='lat' dir='ltr'><strong>anacleto,</strong></span> <span class='ocrx_word' id='word_1_338' title='bbox 899 2604 946 2657; x_wconf 90' lang='lat' dir='ltr'><strong>sed</strong></span> <span class='ocrx_word' id='word_1_339' title='bbox 968 2609 1030 2673; x_wconf 89' lang='lat' dir='ltr'><strong>post</strong></span> 
     </span>
    </p>
   </div>
   <div class='ocr_carea' id='block_1_9' title="bbox 210 2674 1061 2743">
    <p class='ocr_par' dir='ltr' id='par_1_9' title="bbox 210 2674 1061 2743">
     <span class='ocr_line' id='line_1_54' title="bbox 210 2674 1061 2743; baseline -0.006 -10"><span class='ocrx_word' id='word_1_340' title='bbox 210 2683 318 2733; x_wconf 90' lang='lat' dir='ltr'><strong>statuta</strong></span> <span class='ocrx_word' id='word_1_341' title='bbox 330 2674 460 2730; x_wconf 83' lang='lat' dir='ltr'><strong>silvestri</strong></span> <span class='ocrx_word' id='word_1_342' title='bbox 478 2687 565 2743; x_wconf 78' lang='lat' dir='ltr'><strong>pape,</strong></span> <span class='ocrx_word' id='word_1_343' title='bbox 589 2674 704 2729; x_wconf 88' lang='lat' dir='ltr'><strong>aSiric.</strong></span> <span class='ocrx_word' id='word_1_344' title='bbox 730 2675 853 2730; x_wconf 89' lang='lat' dir='ltr'><strong>incitoat.</strong></span> <span class='ocrx_word' id='word_1_345' title='bbox 881 2676 971 2741; x_wconf 88' lang='lat' dir='ltr'><strong>Nono,</strong></span> <span class='ocrx_word' id='word_1_346' title='bbox 996 2689 1030 2729; x_wconf 84' lang='lat' dir='ltr'><strong>ex</strong></span> <span class='ocrx_word' id='word_1_347' title='bbox 1054 2708 1061 2721; x_wconf 83' lang='lat'><strong>·</strong></span> 
     </span>
    </p>
   </div>
   <div class='ocr_carea' id='block_1_10' title="bbox 165 2743 1030 3100">
    <p class='ocr_par' dir='ltr' id='par_1_10' title="bbox 165 2743 1030 3100">
     <span class='ocr_line' id='line_1_55' title="bbox 209 2743 1030 2817; baseline -0.004 -14"><span class='ocrx_word' id='word_1_348' title='bbox 209 2749 308 2803; x_wconf 92' lang='lat' dir='ltr'><strong>codice</strong></span> <span class='ocrx_word' id='word_1_349' title='bbox 323 2745 465 2817; x_wconf 80' lang='lat' dir='ltr'><strong>vigliano,</strong></span> <span class='ocrx_word' id='word_1_350' title='bbox 493 2756 605 2814; x_wconf 89' lang='lat' dir='ltr'><strong>querna</strong></span> <span class='ocrx_word' id='word_1_351' title='bbox 622 2745 713 2815; x_wconf 84' lang='lat' dir='ltr'><strong>Vigila</strong></span> <span class='ocrx_word' id='word_1_352' title='bbox 730 2747 868 2800; x_wconf 88' lang='lat' dir='ltr'><strong>monacbo</strong></span> <span class='ocrx_word' id='word_1_353' title='bbox 882 2759 956 2800; x_wconf 91' lang='lat' dir='ltr'><strong>anno</strong></span> <span class='ocrx_word' id='word_1_354' title='bbox 977 2743 1030 2800; x_wconf 83' lang='lat'><strong>876</strong></span> 
     </span>
     <span class='ocr_line' id='line_1_56' title="bbox 209 2815 1030 2888; baseline -0.004 -13"><span class='ocrx_word' id='word_1_355' title='bbox 209 2817 395 2888; x_wconf 85' lang='lat' dir='ltr'><strong>compilatum</strong></span> <span class='ocrx_word' id='word_1_356' title='bbox 422 2815 510 2870; x_wconf 89' lang='lat' dir='ltr'><strong>tradit</strong></span> <span class='ocrx_word' id='word_1_357' title='bbox 530 2815 647 2870; x_wconf 89' lang='lat' dir='ltr'><strong>Garzias</strong></span> <span class='ocrx_word' id='word_1_358' title='bbox 678 2817 776 2870; x_wconf 88' lang='lat' dir='ltr'><strong>Loaisa</strong></span> <span class='ocrx_word' id='word_1_359' title='bbox 800 2816 828 2870; x_wconf 94' lang='lat' dir='ltr'><strong>in</strong></span> <span class='ocrx_word' id='word_1_360' title='bbox 865 2816 1030 2885; x_wconf 79' lang='lat' dir='ltr'><strong>prelatione</strong></span> 
     </span>
     <span class='ocr_line' id='line_1_57' title="bbox 208 2886 1030 2956; baseline -0.005 -10"><span class='ocrx_word' id='word_1_361' title='bbox 208 2890 403 2946; x_wconf 80' lang='lat' dir='ltr'><strong>Consiliorum</strong></span> <span class='ocrx_word' id='word_1_362' title='bbox 419 2886 573 2953; x_wconf 80' lang='lat' dir='ltr'><strong>llispaniae,</strong></span> <span class='ocrx_word' id='word_1_363' title='bbox 600 2888 699 2956; x_wconf 88' lang='lat' dir='ltr'><strong>aitque</strong></span> <span class='ocrx_word' id='word_1_364' title='bbox 721 2888 868 2943; x_wconf 91' lang='lat' dir='ltr'><strong>continere</strong></span> <span class='ocrx_word' id='word_1_365' title='bbox 894 2888 1030 2956; x_wconf 87' lang='lat' dir='ltr'><strong>epistolas</strong></span> 
     </span>
     <span class='ocr_line' id='line_1_58' title="bbox 209 2959 1027 3027; baseline -0.004 -10"><span class='ocrx_word' id='word_1_366' title='bbox 209 2960 365 3017; x_wconf 87' lang='lat' dir='ltr'><strong>decretales</strong></span> <span class='ocrx_word' id='word_1_367' title='bbox 378 2965 491 3014; x_wconf 89' lang='lat' dir='ltr'><strong>centum</strong></span> <span class='ocrx_word' id='word_1_368' title='bbox 507 2964 535 3012; x_wconf 89' lang='lat' dir='ltr'><strong>et</strong></span> <span class='ocrx_word' id='word_1_369' title='bbox 549 2969 644 3023; x_wconf 88' lang='lat' dir='ltr'><strong>unam,</strong></span> <span class='ocrx_word' id='word_1_370' title='bbox 660 2959 707 3013; x_wconf 91' lang='lat' dir='ltr'><strong>sed</strong></span> <span class='ocrx_word' id='word_1_371' title='bbox 730 2959 856 3027; x_wconf 88' lang='lat' dir='ltr'><strong>incipere</strong></span> <span class='ocrx_word' id='word_1_372' title='bbox 871 2976 886 3013; x_wconf 89' lang='lat' dir='ltr'><strong>a</strong></span> <span class='ocrx_word' id='word_1_373' title='bbox 899 2960 1027 3026; x_wconf 86' lang='lat' dir='ltr'><strong>Damaso,</strong></span> 
     </span>
     <span class='ocr_line' id='line_1_59' title="bbox 165 3030 1026 3100; baseline -0.003 -12"><span class='ocrx_word' id='word_1_374' title='bbox 165 3040 167 3043; x_wconf 79' lang='grc'>’</span> <span class='ocrx_word' id='word_1_375' title='bbox 209 3031 545 3100; x_wconf 76' lang='lat' dir='ltr'><strong>etdnireadGreqorium</strong></span> <span class='ocrx_word' id='word_1_376' title='bbox 560 3030 694 3095; x_wconf 87' lang='lat' dir='ltr'><strong>primum.</strong></span> <span class='ocrx_word' id='word_1_377' title='bbox 710 3030 979 3099; x_wconf 87' lang='lat' dir='ltr'><strong>Decimo,denique,</strong></span> <span class='ocrx_word' id='word_1_378' title='bbox 993 3044 1026 3085; x_wconf 85' lang='lat' dir='ltr'><strong>ex</strong></span> 
     </span>
    </p>
   </div>
   <div class='ocr_carea' id='block_1_11' title="bbox 1082 1823 1944 3109">
    <p class='ocr_par' dir='ltr' id='par_1_11' title="bbox 1082 1823 1900 2601">
     <span class='ocr_line' id='line_1_60' title="bbox 1083 1823 1900 1898; baseline 0.011 -23"><span class='ocrx_word' id='word_1_379' title='bbox 1083 1835 1138 1875; x_wconf 92' lang='lat' dir='ltr'><strong>non</strong></span> <span class='ocrx_word' id='word_1_380' title='bbox 1154 1834 1236 1875; x_wconf 88' lang='lat' dir='ltr'><strong>esso:</strong></span> <span class='ocrx_word' id='word_1_381' title='bbox 1252 1835 1317 1876; x_wconf 90' lang='lat' dir='ltr'><strong>eunt</strong></span> <span class='ocrx_word' id='word_1_382' title='bbox 1327 1827 1435 1876; x_wconf 86' lang='lat' dir='ltr'><strong>certant</strong></span> <span class='ocrx_word' id='word_1_383' title='bbox 1448 1824 1487 1878; x_wconf 89' lang='lat' dir='ltr'><strong>sit</strong></span> <span class='ocrx_word' id='word_1_384' title='bbox 1497 1823 1637 1891; x_wconf 88' lang='lat' dir='ltr'><strong>epistolas</strong></span> <span class='ocrx_word' id='word_1_385' title='bbox 1653 1826 1684 1879; x_wconf 90' lang='lat' dir='ltr'><strong>S.</strong></span> <span class='ocrx_word' id='word_1_386' title='bbox 1699 1825 1840 1892; x_wconf 92' lang='lat' dir='ltr'><strong>Cornelii,</strong></span> <span class='ocrx_word' id='word_1_387' title='bbox 1852 1843 1900 1898; x_wconf 83' lang='lat' dir='ltr'><strong>qua</strong></span> 
     </span>
     <span class='ocr_line' id='line_1_61' title="bbox 1082 1893 1898 1968; baseline 0.011 -22"><span class='ocrx_word' id='word_1_388' title='bbox 1082 1893 1400 1962; x_wconf 84' lang='lat' dir='ltr'><strong>exstantinteroperaS.</strong></span> <span class='ocrx_word' id='word_1_389' title='bbox 1412 1895 1546 1964; x_wconf 92' lang='lat' dir='ltr'><strong>Cypriani</strong></span> <span class='ocrx_word' id='word_1_390' title='bbox 1561 1896 1809 1964; x_wconf 76' lang='lat' dir='ltr'><strong>,epistolaslulii</strong></span> <span class='ocrx_word' id='word_1_391' title='bbox 1822 1901 1898 1968; x_wconf 89' lang='lat' dir='ltr'><strong>primi,</strong></span> 
     </span>
     <span class='ocr_line' id='line_1_62' title="bbox 1082 1963 1898 2050; baseline 0.011 -32"><span class='ocrx_word' id='word_1_392' title='bbox 1082 1963 1344 2033; x_wconf 84' lang='lat' dir='ltr'><strong>quaereieruntura</strong></span> <span class='ocrx_word' id='word_1_393' title='bbox 1358 1966 1384 2018; x_wconf 82' lang='lat' dir='ltr'><strong>S.</strong></span> <span class='ocrx_word' id='word_1_394' title='bbox 1399 1966 1567 2031; x_wconf 72' lang='lat' dir='ltr'><strong>iltbanasio,</strong></span> <span class='ocrx_word' id='word_1_395' title='bbox 1580 1966 1724 2050; x_wconf 74' lang='lat' dir='ltr'><strong>apologia</strong></span> <span class='ocrx_word' id='word_1_396' title='bbox 1735 1967 1770 2039; x_wconf 76' lang='lat'><strong>23</strong></span> <span class='ocrx_word' id='word_1_397' title='bbox 1782 1972 1898 2039; x_wconf 82' lang='lat' dir='ltr'><strong>epistolas</strong></span> 
     </span>
     <span class='ocr_line' id='line_1_63' title="bbox 1084 2035 1896 2108; baseline 0.011 -20"><span class='ocrx_word' id='word_1_398' title='bbox 1084 2035 1296 2105; x_wconf 78' lang='lat' dir='ltr'><strong>liberii,quaea</strong></span> <span class='ocrx_word' id='word_1_399' title='bbox 1311 2036 1338 2089; x_wconf 91' lang='lat' dir='ltr'><strong>S.</strong></span> <span class='ocrx_word' id='word_1_400' title='bbox 1349 2035 1459 2091; x_wconf 90' lang='lat' dir='ltr'><strong>Hilario</strong></span> <span class='ocrx_word' id='word_1_401' title='bbox 1473 2041 1501 2090; x_wconf 85' lang='lat' dir='ltr'><strong>in</strong></span> <span class='ocrx_word' id='word_1_402' title='bbox 1516 2038 1896 2108; x_wconf 78' lang='lat' dir='ltr'><strong>Fragmentrsrecensentuq</strong></span> 
     </span>
     <span class='ocr_line' id='line_1_64' title="bbox 1083 2106 1898 2181; baseline 0.01 -21"><span class='ocrx_word' id='word_1_403' title='bbox 1083 2106 1233 2174; x_wconf 89' lang='lat' dir='ltr'><strong>epistolam</strong></span> <span class='ocrx_word' id='word_1_404' title='bbox 1246 2108 1358 2162; x_wconf 84' lang='lat' dir='ltr'><strong>Damasi</strong></span> <span class='ocrx_word' id='word_1_405' title='bbox 1372 2108 1406 2162; x_wconf 89' lang='lat' dir='ltr'><strong>ad</strong></span> <span class='ocrx_word' id='word_1_406' title='bbox 1417 2106 1526 2177; x_wconf 83' lang='lat' dir='ltr'><strong>lllyrici</strong></span> <span class='ocrx_word' id='word_1_407' title='bbox 1543 2110 1714 2179; x_wconf 87' lang='lat' dir='ltr'><strong>episcopos,</strong></span> <span class='ocrx_word' id='word_1_408' title='bbox 1732 2126 1821 2181; x_wconf 91' lang='lat' dir='ltr'><strong>quam</strong></span> <span class='ocrx_word' id='word_1_409' title='bbox 1832 2113 1898 2168; x_wconf 80' lang='lat' dir='ltr'><strong>ibeo</strong></span> 
     </span>
     <span class='ocr_line' id='line_1_65' title="bbox 1083 2176 1895 2254; baseline 0.009 -22"><span class='ocrx_word' id='word_1_410' title='bbox 1083 2178 1200 2232; x_wconf 85' lang='lat' dir='ltr'><strong>doretos</strong></span> <span class='ocrx_word' id='word_1_411' title='bbox 1224 2176 1274 2232; x_wconf 94' lang='lat' dir='ltr'><strong>lib.</strong></span> <span class='ocrx_word' id='word_1_412' title='bbox 1293 2192 1312 2232; x_wconf 93' lang='grc' dir='ltr'><strong>ιι</strong></span> <span class='ocrx_word' id='word_1_413' title='bbox 1338 2180 1410 2233; x_wconf 90' lang='lat' dir='ltr'><strong>llist.</strong></span> <span class='ocrx_word' id='word_1_414' title='bbox 1426 2179 1584 2234; x_wconf 88' lang='lat' dir='ltr'><strong>ecclesiast.</strong></span> <span class='ocrx_word' id='word_1_415' title='bbox 1599 2194 1667 2250; x_wconf 88' lang='lat' dir='ltr'><strong>cap.</strong></span> <span class='ocrx_word' id='word_1_416' title='bbox 1689 2180 1728 2237; x_wconf 71' lang='lat'><strong>22</strong></span> <span class='ocrx_word' id='word_1_417' title='bbox 1752 2186 1895 2254; x_wconf 83' lang='lat' dir='ltr'><strong>exscripsit,</strong></span> 
     </span>
     <span class='ocr_line' id='line_1_66' title="bbox 1083 2248 1897 2321; baseline 0.012 -19"><span class='ocrx_word' id='word_1_418' title='bbox 1083 2248 1348 2317; x_wconf 85' lang='lat' dir='ltr'><strong>aliasqueejusdem</strong></span> <span class='ocrx_word' id='word_1_419' title='bbox 1365 2249 1661 2319; x_wconf 87' lang='lat' dir='ltr'><strong>pontilicisepistolus</strong></span> <span class='ocrx_word' id='word_1_420' title='bbox 1676 2255 1757 2321; x_wconf 92' lang='lat' dir='ltr'><strong>apud</strong></span> <span class='ocrx_word' id='word_1_421' title='bbox 1773 2257 1801 2310; x_wconf 83' lang='lat' dir='ltr'><strong>S.</strong></span> <span class='ocrx_word' id='word_1_422' title='bbox 1818 2257 1897 2312; x_wconf 87' lang='lat' dir='ltr'><strong>Hiero-</strong></span> 
     </span>
     <span class='ocr_line' id='line_1_67' title="bbox 1085 2321 1897 2394; baseline 0.011 -21"><span class='ocrx_word' id='word_1_423' title='bbox 1085 2321 1897 2394; x_wconf 82' lang='lat' dir='ltr'><strong>nymumexstantes,omnesdeniqueveterumpontiticuu</strong></span> 
     </span>
     <span class='ocr_line' id='line_1_68' title="bbox 1084 2391 1899 2465; baseline 0.011 -21"><span class='ocrx_word' id='word_1_424' title='bbox 1084 2391 1232 2459; x_wconf 89' lang='lat' dir='ltr'><strong>epistolas,</strong></span> <span class='ocrx_word' id='word_1_425' title='bbox 1249 2406 1312 2460; x_wconf 75' lang='lat' dir='ltr'><strong>quse</strong></span> <span class='ocrx_word' id='word_1_426' title='bbox 1327 2394 1462 2447; x_wconf 82' lang='lat' dir='ltr'><strong>assuetis</strong></span> <span class='ocrx_word' id='word_1_427' title='bbox 1480 2393 1625 2458; x_wconf 82' lang='lat' dir='ltr'><strong>Patribus,</strong></span> <span class='ocrx_word' id='word_1_428' title='bbox 1638 2402 1694 2450; x_wconf 92' lang='lat' dir='ltr'><strong>aut</strong></span> <span class='ocrx_word' id='word_1_429' title='bbox 1708 2398 1816 2465; x_wconf 89' lang='lat' dir='ltr'><strong>priscis</strong></span> <span class='ocrx_word' id='word_1_430' title='bbox 1828 2399 1899 2453; x_wconf 85' lang='lat' dir='ltr'><strong>ilisto-</strong></span> 
     </span>
     <span class='ocr_line' id='line_1_69' title="bbox 1086 2462 1897 2539; baseline 0.01 -24"><span class='ocrx_word' id='word_1_431' title='bbox 1086 2463 1135 2516; x_wconf 77' lang='lat' dir='ltr'><strong>ries</strong></span> <span class='ocrx_word' id='word_1_432' title='bbox 1144 2463 1345 2517; x_wconf 77' lang='lat' dir='ltr'><strong>ecclesiastice</strong></span> <span class='ocrx_word' id='word_1_433' title='bbox 1358 2462 1550 2532; x_wconf 87' lang='lat' dir='ltr'><strong>scriptoribus</strong></span> <span class='ocrx_word' id='word_1_434' title='bbox 1562 2463 1749 2536; x_wconf 78' lang='lat' dir='ltr'><strong>referuntur,</strong></span> <span class='ocrx_word' id='word_1_435' title='bbox 1763 2471 1897 2539; x_wconf 87' lang='lat' dir='ltr'><strong>gcnuiutn</strong></span> 
     </span>
     <span class='ocr_line' id='line_1_70' title="bbox 1085 2533 1640 2601; baseline 0.004 -14"><span class='ocrx_word' id='word_1_436' title='bbox 1085 2533 1247 2587; x_wconf 90' lang='lat' dir='ltr'><strong>eorumdem</strong></span> <span class='ocrx_word' id='word_1_437' title='bbox 1269 2533 1435 2601; x_wconf 87' lang='lat' dir='ltr'><strong>pontilicum</strong></span> <span class='ocrx_word' id='word_1_438' title='bbox 1450 2533 1548 2590; x_wconf 85' lang='lat' dir='ltr'><strong>loetum</strong></span> <span class='ocrx_word' id='word_1_439' title='bbox 1563 2548 1640 2590; x_wconf 89' lang='lat' dir='ltr'><strong>esse.</strong></span> 
     </span>
    </p>

    <p class='ocr_par' dir='ltr' id='par_1_12' title="bbox 1084 2605 1944 3109">
     <span class='ocr_line' id='line_1_71' title="bbox 1121 2605 1898 2669; baseline 0.013 -11"><span class='ocrx_word' id='word_1_440' title='bbox 1121 2606 1171 2658; x_wconf 85' lang='lat' dir='ltr'><strong>llic</strong></span> <span class='ocrx_word' id='word_1_441' title='bbox 1188 2605 1238 2656; x_wconf 86' lang='lat' dir='ltr'><strong>sub</strong></span> <span class='ocrx_word' id='word_1_442' title='bbox 1251 2607 1414 2669; x_wconf 82' lang='lat' dir='ltr'><strong>Domitiano,</strong></span> <span class='ocrx_word' id='word_1_443' title='bbox 1432 2613 1485 2660; x_wconf 88' lang='lat' dir='ltr'><strong>eie.</strong></span> <span class='ocrx_word' id='word_1_444' title='bbox 1506 2606 1672 2662; x_wconf 76' lang='grc'>8444444444</span> <span class='ocrx_word' id='word_1_445' title='bbox 1688 2608 1720 2664; x_wconf 87' lang='lat' dir='ltr'><strong>in</strong></span> <span class='ocrx_word' id='word_1_446' title='bbox 1734 2611 1898 2669; x_wconf 84' lang='lat' dir='ltr'><strong>Christianos</strong></span> 
     </span>
     <span class='ocr_line' id='line_1_72' title="bbox 1087 2675 1899 2751; baseline 0.014 -23"><span class='ocrx_word' id='word_1_447' title='bbox 1087 2675 1311 2744; x_wconf 84' lang='lat' dir='ltr'><strong>persecutionem</strong></span> <span class='ocrx_word' id='word_1_448' title='bbox 1337 2677 1474 2731; x_wconf 85' lang='lat' dir='ltr'><strong>excitavit</strong></span> <span class='ocrx_word' id='word_1_449' title='bbox 1497 2678 1690 2735; x_wconf 86' lang='lat' dir='ltr'><strong>Domitianus</strong></span> <span class='ocrx_word' id='word_1_450' title='bbox 1705 2682 1899 2751; x_wconf 71' lang='lat' dir='ltr'><strong>Augustuset</strong></span> 
     </span>
     <span class='ocr_line' id='line_1_73' title="bbox 1086 2747 1900 2826; baseline 0.011 -25"><span class='ocrx_word' id='word_1_451' title='bbox 1086 2748 1200 2815; x_wconf 86' lang='lat' dir='ltr'><strong>quidem</strong></span> <span class='ocrx_word' id='word_1_452' title='bbox 1216 2759 1291 2802; x_wconf 93' lang='lat' dir='ltr'><strong>anno</strong></span> <span class='ocrx_word' id='word_1_453' title='bbox 1303 2747 1410 2802; x_wconf 87' lang='lat' dir='ltr'><strong>Christi</strong></span> <span class='ocrx_word' id='word_1_454' title='bbox 1425 2749 1609 2819; x_wconf 81' lang='lat' dir='ltr'><strong>nonagesimo</strong></span> <span class='ocrx_word' id='word_1_455' title='bbox 1625 2752 1732 2809; x_wconf 86' lang='lat' dir='ltr'><strong>tertio.</strong></span> <span class='ocrx_word' id='word_1_456' title='bbox 1751 2756 1789 2810; x_wconf 77' lang='lat' dir='ltr'><strong>lia</strong></span> <span class='ocrx_word' id='word_1_457' title='bbox 1806 2757 1900 2826; x_wconf 69' lang='lat' dir='ltr'><strong>pratis-</strong></span> 
     </span>
     <span class='ocr_line' id='line_1_74' title="bbox 1085 2816 1944 2887; baseline 0.017 -18"><span class='ocrx_word' id='word_1_458' title='bbox 1085 2819 1158 2872; x_wconf 85' lang='lat' dir='ltr'><strong>sima</strong></span> <span class='ocrx_word' id='word_1_459' title='bbox 1173 2816 1229 2872; x_wconf 89' lang='lat' dir='ltr'><strong>luit</strong></span> <span class='ocrx_word' id='word_1_460' title='bbox 1241 2836 1248 2887; x_wconf 77' lang='lat'>3</span> <span class='ocrx_word' id='word_1_461' title='bbox 1261 2818 1440 2874; x_wconf 89' lang='lat' dir='ltr'><strong>ianronico</strong></span> <span class='ocrx_word' id='word_1_462' title='bbox 1450 2819 1526 2873; x_wconf 93' lang='lat' dir='ltr'><strong>euim</strong></span> <span class='ocrx_word' id='word_1_463' title='bbox 1540 2818 1751 2880; x_wconf 75' lang='lat' dir='ltr'><strong>Alexandrino</strong></span> <span class='ocrx_word' id='word_1_464' title='bbox 1763 2826 1799 2882; x_wconf 91' lang='lat' dir='ltr'><strong>ad</strong></span> <span class='ocrx_word' id='word_1_465' title='bbox 1810 2840 1898 2882; x_wconf 89' lang='lat' dir='ltr'><strong>anoutt</strong></span> <span class='ocrx_word' id='word_1_466' title='bbox 1942 2838 1944 2845; x_wconf 90' lang='grc'><strong><em>·</em></strong></span> 
     </span>
     <span class='ocr_line' id='line_1_75' title="bbox 1084 2886 1944 2968; baseline 0.01 -26"><span class='ocrx_word' id='word_1_467' title='bbox 1084 2886 1137 2943; x_wconf 90' lang='grc'><strong>944</strong></span> <span class='ocrx_word' id='word_1_468' title='bbox 1162 2889 1290 2958; x_wconf 80' lang='lat' dir='ltr'><strong>tegitur:</strong></span> <span class='ocrx_word' id='word_1_469' title='bbox 1310 2891 1409 2943; x_wconf 84' lang='lat' dir='ltr'><strong>Brttttts</strong></span> <span class='ocrx_word' id='word_1_470' title='bbox 1434 2890 1596 2961; x_wconf 76' lang='lat' dir='ltr'><strong>(legendum</strong></span> <span class='ocrx_word' id='word_1_471' title='bbox 1620 2892 1761 2965; x_wconf 89' lang='lat' dir='ltr'><strong>Brutius,</strong></span> <span class='ocrx_word' id='word_1_472' title='bbox 1790 2905 1821 2954; x_wconf 92' lang='lat' dir='ltr'><strong>ut</strong></span> <span class='ocrx_word' id='word_1_473' title='bbox 1841 2898 1898 2968; x_wconf 86' lang='lat' dir='ltr'><strong>apul</strong></span> <span class='ocrx_word' id='word_1_474' title='bbox 1942 2918 1944 2951; x_wconf 88' lang='lat'>;</span> 
     </span>
     <span class='ocr_line' id='line_1_76' title="bbox 1085 2959 1899 3038; baseline 0.009 -23"><span class='ocrx_word' id='word_1_475' title='bbox 1085 2959 1250 3029; x_wconf 86' lang='lat' dir='ltr'><strong>Eusebium)</strong></span> <span class='ocrx_word' id='word_1_476' title='bbox 1266 2982 1279 3012; x_wconf 81' lang='lat' dir='ltr'><strong>n</strong></span> <span class='ocrx_word' id='word_1_477' title='bbox 1292 2969 1526 3031; x_wconf 81' lang='lat' dir='ltr'><strong>narratmagnam</strong></span> <span class='ocrx_word' id='word_1_478' title='bbox 1539 2962 1787 3024; x_wconf 80' lang='lat' dir='ltr'><strong>Christianorum</strong></span> <span class='ocrx_word' id='word_1_479' title='bbox 1807 2971 1899 3038; x_wconf 85' lang='lat' dir='ltr'><strong>capitu</strong></span> 
     </span>
     <span class='ocr_line' id='line_1_77' title="bbox 1084 3031 1899 3109; baseline 0.011 -24"><span class='ocrx_word' id='word_1_480' title='bbox 1084 3031 1119 3085; x_wconf 88' lang='lat' dir='ltr'><strong>ab</strong></span> <span class='ocrx_word' id='word_1_481' title='bbox 1136 3032 1194 3085; x_wconf 81' lang='lat' dir='ltr'><strong>XlV</strong></span> <span class='ocrx_word' id='word_1_482' title='bbox 1211 3032 1368 3088; x_wconf 86' lang='lat' dir='ltr'><strong>Domitiani</strong></span> <span class='ocrx_word' id='word_1_483' title='bbox 1382 3046 1456 3088; x_wconf 91' lang='lat' dir='ltr'><strong>anno</strong></span> <span class='ocrx_word' id='word_1_484' title='bbox 1468 3032 1623 3100; x_wconf 90' lang='lat' dir='ltr'><strong>sublatam,</strong></span> <span class='ocrx_word' id='word_1_485' title='bbox 1647 3042 1677 3090; x_wconf 91' lang='lat' dir='ltr'><strong>et</strong></span> <span class='ocrx_word' id='word_1_486' title='bbox 1694 3041 1835 3109; x_wconf 83' lang='lat' dir='ltr'><strong>martyrio</strong></span> <span class='ocrx_word' id='word_1_487' title='bbox 1846 3039 1899 3095; x_wconf 77' lang='lat' dir='ltr'><strong>alie-</strong></span> 
     </span>
    </p>
   </div>
   <div class='ocr_carea' id='block_1_12' title="bbox 209 3101 1899 3176">
    <p class='ocr_par' dir='ltr' id='par_1_13' title="bbox 209 3101 1899 3176">
     <span class='ocr_line' id='line_1_78' title="bbox 209 3101 1899 3176; baseline 0.007 -21"><span class='ocrx_word' id='word_1_488' title='bbox 209 3101 825 3159; x_wconf 74' lang='lat' dir='ltr'><strong>vetericodteecanonurnEcclesiarltomann</strong></span> <span class='ocrx_word' id='word_1_489' title='bbox 838 3101 939 3156; x_wconf 90' lang='lat' dir='ltr'><strong>iterum</strong></span> <span class='ocrx_word' id='word_1_490' title='bbox 950 3103 1027 3156; x_wconf 89' lang='lat' dir='ltr'><strong>edito</strong></span> <span class='ocrx_word' id='word_1_491' title='bbox 1045 3104 1069 3166; x_wconf 84' lang='lat' dir='ltr'>c</span> <span class='ocrx_word' id='word_1_492' title='bbox 1084 3108 1167 3157; x_wconf 88' lang='lat' dir='ltr'><strong>ctam.</strong></span> <span class='ocrx_word' id='word_1_493' title='bbox 1187 3120 1199 3150; x_wconf 81' lang='grc' dir='ltr'>ι</span> <span class='ocrx_word' id='word_1_494' title='bbox 1217 3103 1270 3158; x_wconf 87' lang='lat' dir='ltr'><strong>Diu</strong></span> <span class='ocrx_word' id='word_1_495' title='bbox 1292 3105 1376 3158; x_wconf 90' lang='lat' dir='ltr'><strong>etiam</strong></span> <span class='ocrx_word' id='word_1_496' title='bbox 1390 3104 1516 3169; x_wconf 90' lang='lat' dir='ltr'><strong>duravit,</strong></span> <span class='ocrx_word' id='word_1_497' title='bbox 1538 3109 1568 3158; x_wconf 93' lang='lat' dir='ltr'><strong>ut</strong></span> <span class='ocrx_word' id='word_1_498' title='bbox 1589 3104 1690 3176; x_wconf 82' lang='lat' dir='ltr'><strong>legere</strong></span> <span class='ocrx_word' id='word_1_499' title='bbox 1705 3115 1753 3165; x_wconf 87' lang='lat' dir='ltr'><strong>est</strong></span> <span class='ocrx_word' id='word_1_500' title='bbox 1767 3113 1797 3167; x_wconf 91' lang='lat' dir='ltr'><strong>in</strong></span> <span class='ocrx_word' id='word_1_501' title='bbox 1812 3112 1899 3166; x_wconf 80' lang='lat' dir='ltr'><strong>Critia</strong></span> 
     </span>
    </p>
   </div>
   <div class='ocr_carea' id='block_1_13' title="bbox 121 3168 1030 3811">
    <p class='ocr_par' dir='ltr' id='par_1_14' title="bbox 121 3168 1030 3728">
     <span class='ocr_line' id='line_1_79' title="bbox 121 3168 1029 3245; baseline -0.004 -14"><span class='ocrx_word' id='word_1_502' title='bbox 121 3181 126 3189; x_wconf 77' lang='grc'><em>“</em></span> <span class='ocrx_word' id='word_1_503' title='bbox 207 3174 361 3245; x_wconf 74' lang='lat' dir='ltr'><strong>Mogttntiae</strong></span> <span class='ocrx_word' id='word_1_504' title='bbox 376 3185 451 3227; x_wconf 91' lang='lat' dir='ltr'><strong>anno</strong></span> <span class='ocrx_word' id='word_1_505' title='bbox 468 3168 546 3233; x_wconf 69' lang='lat' dir='ltr'><strong>ttius,</strong></span> <span class='ocrx_word' id='word_1_506' title='bbox 563 3178 593 3226; x_wconf 89' lang='lat' dir='ltr'><strong>ut</strong></span> <span class='ocrx_word' id='word_1_507' title='bbox 608 3172 744 3226; x_wconf 89' lang='lat' dir='ltr'><strong>adversus</strong></span> <span class='ocrx_word' id='word_1_508' title='bbox 764 3173 919 3227; x_wconf 87' lang='lat' dir='ltr'><strong>Lutbcrum</strong></span> <span class='ocrx_word' id='word_1_509' title='bbox 936 3174 1029 3227; x_wconf 61' lang='lat' dir='ltr'><strong>ariele-</strong></span> 
     </span>
     <span class='ocr_line' id='line_1_80' title="bbox 207 3242 1025 3301; baseline -0.004 0"><span class='ocrx_word' id='word_1_510' title='bbox 207 3247 250 3301; x_wconf 90' lang='lat' dir='ltr'><strong>sia</strong></span> <span class='ocrx_word' id='word_1_511' title='bbox 265 3258 298 3300; x_wconf 91' lang='lat' dir='ltr'><strong>eo</strong></span> <span class='ocrx_word' id='word_1_512' title='bbox 320 3258 350 3300; x_wconf 91' lang='lat' dir='ltr'><strong>se</strong></span> <span class='ocrx_word' id='word_1_513' title='bbox 363 3247 503 3299; x_wconf 89' lang='lat' dir='ltr'><strong>tueretur.</strong></span> <span class='ocrx_word' id='word_1_514' title='bbox 526 3242 613 3298; x_wconf 89' lang='lat' dir='ltr'><strong>ilabet</strong></span> <span class='ocrx_word' id='word_1_515' title='bbox 630 3243 736 3297; x_wconf 89' lang='lat' dir='ltr'><strong>titulus</strong></span> <span class='ocrx_word' id='word_1_516' title='bbox 761 3247 836 3296; x_wconf 84' lang='lat' dir='ltr'><strong>nrtnc</strong></span> <span class='ocrx_word' id='word_1_517' title='bbox 850 3246 975 3299; x_wconf 87' lang='lat' dir='ltr'><strong>codicem</strong></span> <span class='ocrx_word' id='word_1_518' title='bbox 992 3257 1025 3298; x_wconf 85' lang='lat' dir='ltr'><strong>ex</strong></span> 
     </span>
     <span class='ocr_line' id='line_1_81' title="bbox 206 3314 1029 3384; baseline -0.004 -12"><span class='ocrx_word' id='word_1_519' title='bbox 206 3317 302 3372; x_wconf 91' lang='lat' dir='ltr'><strong>tribus</strong></span> <span class='ocrx_word' id='word_1_520' title='bbox 315 3314 524 3371; x_wconf 88' lang='lat' dir='ltr'><strong>vetustissimis</strong></span> <span class='ocrx_word' id='word_1_521' title='bbox 545 3314 757 3382; x_wconf 83' lang='lat' dir='ltr'><strong>exemplaribus</strong></span> <span class='ocrx_word' id='word_1_522' title='bbox 768 3315 984 3384; x_wconf 88' lang='lat' dir='ltr'><strong>transcriptum,</strong></span> <span class='ocrx_word' id='word_1_523' title='bbox 1000 3320 1029 3369; x_wconf 91' lang='lat' dir='ltr'><strong>et</strong></span> 
     </span>
     <span class='ocr_line' id='line_1_82' title="bbox 206 3384 1028 3454; baseline -0.001 -12"><span class='ocrx_word' id='word_1_524' title='bbox 206 3394 299 3443; x_wconf 91' lang='lat' dir='ltr'><strong>tamen</strong></span> <span class='ocrx_word' id='word_1_525' title='bbox 322 3387 398 3442; x_wconf 90' lang='lat' dir='ltr'><strong>solas</strong></span> <span class='ocrx_word' id='word_1_526' title='bbox 417 3385 554 3454; x_wconf 90' lang='lat' dir='ltr'><strong>epistolas</strong></span> <span class='ocrx_word' id='word_1_527' title='bbox 580 3385 736 3440; x_wconf 88' lang='lat' dir='ltr'><strong>decretales</strong></span> <span class='ocrx_word' id='word_1_528' title='bbox 748 3384 864 3440; x_wconf 88' lang='lat' dir='ltr'><strong>exbibet</strong></span> <span class='ocrx_word' id='word_1_529' title='bbox 887 3386 1028 3441; x_wconf 90' lang='lat' dir='ltr'><strong>aSiricio</strong></span> 
     </span>
     <span class='ocr_line' id='line_1_83' title="bbox 207 3456 1027 3527; baseline -0.001 -14"><span class='ocrx_word' id='word_1_530' title='bbox 207 3458 347 3527; x_wconf 80' lang='lat' dir='ltr'><strong>usquead</strong></span> <span class='ocrx_word' id='word_1_531' title='bbox 377 3456 546 3526; x_wconf 78' lang='lat' dir='ltr'><strong>Gregorinm</strong></span> <span class='ocrx_word' id='word_1_532' title='bbox 572 3459 717 3527; x_wconf 73' lang='lat' dir='ltr'><strong>blaignum.</strong></span> <span class='ocrx_word' id='word_1_533' title='bbox 742 3456 847 3524; x_wconf 81' lang='lat' dir='ltr'><strong>Qnaea</strong></span> <span class='ocrx_word' id='word_1_534' title='bbox 875 3458 1027 3526; x_wconf 87' lang='lat' dir='ltr'><strong>Turriano,</strong></span> 
     </span>
     <span class='ocr_line' id='line_1_84' title="bbox 204 3527 1028 3599; baseline -0.002 -14"><span class='ocrx_word' id='word_1_535' title='bbox 204 3529 342 3599; x_wconf 90' lang='lat' dir='ltr'><strong>aliisque,</strong></span> <span class='ocrx_word' id='word_1_536' title='bbox 365 3529 415 3598; x_wconf 94' lang='lat' dir='ltr'><strong>qui</strong></span> <span class='ocrx_word' id='word_1_537' title='bbox 436 3541 484 3581; x_wconf 88' lang='lat' dir='ltr'><strong>eas</strong></span> <span class='ocrx_word' id='word_1_538' title='bbox 498 3527 636 3596; x_wconf 89' lang='lat' dir='ltr'><strong>epistolas</strong></span> <span class='ocrx_word' id='word_1_539' title='bbox 653 3532 682 3581; x_wconf 90' lang='lat' dir='ltr'><strong>ut</strong></span> <span class='ocrx_word' id='word_1_540' title='bbox 696 3527 837 3596; x_wconf 73' lang='lat' dir='ltr'><strong>genuinas</strong></span> <span class='ocrx_word' id='word_1_541' title='bbox 858 3537 1028 3598; x_wconf 83' lang='lat' dir='ltr'><strong>agnoscunt,</strong></span> 
     </span>
     <span class='ocr_line' id='line_1_85' title="bbox 204 3598 1030 3667; baseline 0 -12"><span class='ocrx_word' id='word_1_542' title='bbox 204 3602 234 3656; x_wconf 92' lang='lat' dir='ltr'><strong>in</strong></span> <span class='ocrx_word' id='word_1_543' title='bbox 249 3600 374 3655; x_wconf 89' lang='lat' dir='ltr'><strong>medium</strong></span> <span class='ocrx_word' id='word_1_544' title='bbox 385 3598 554 3666; x_wconf 79' lang='lat' dir='ltr'><strong>alterantur,</strong></span> <span class='ocrx_word' id='word_1_545' title='bbox 577 3599 649 3652; x_wconf 89' lang='lat' dir='ltr'><strong>levia</strong></span> <span class='ocrx_word' id='word_1_546' title='bbox 662 3603 739 3667; x_wconf 90' lang='lat' dir='ltr'><strong>sunt,</strong></span> <span class='ocrx_word' id='word_1_547' title='bbox 755 3604 783 3652; x_wconf 92' lang='lat' dir='ltr'><strong>et</strong></span> <span class='ocrx_word' id='word_1_548' title='bbox 793 3612 808 3654; x_wconf 94' lang='lat' dir='ltr'><strong>a</strong></span> <span class='ocrx_word' id='word_1_549' title='bbox 819 3599 891 3654; x_wconf 91' lang='lat' dir='ltr'><strong>viris</strong></span> <span class='ocrx_word' id='word_1_550' title='bbox 905 3600 1030 3656; x_wconf 92' lang='lat' dir='ltr'><strong>eruditis</strong></span> 
     </span>
     <span class='ocr_line' id='line_1_86' title="bbox 204 3671 308 3728; baseline -0.038 0"><span class='ocrx_word' id='word_1_551' title='bbox 204 3671 308 3728; x_wconf 85' lang='lat' dir='ltr'><strong>soluta.</strong></span> 
     </span>
    </p>

    <p class='ocr_par' dir='ltr' id='par_1_15' title="bbox 237 3739 1029 3811">
     <span class='ocr_line' id='line_1_87' title="bbox 237 3739 1029 3811; baseline 0.001 -15"><span class='ocrx_word' id='word_1_552' title='bbox 237 3741 309 3811; x_wconf 88' lang='lat' dir='ltr'><strong>Quis</strong></span> <span class='ocrx_word' id='word_1_553' title='bbox 328 3739 460 3811; x_wconf 81' lang='lat' dir='ltr'><strong>prelatas</strong></span> <span class='ocrx_word' id='word_1_554' title='bbox 475 3739 632 3795; x_wconf 84' lang='lat' dir='ltr'><strong>decretales</strong></span> <span class='ocrx_word' id='word_1_555' title='bbox 649 3740 788 3809; x_wconf 86' lang='lat' dir='ltr'><strong>epistolas</strong></span> <span class='ocrx_word' id='word_1_556' title='bbox 807 3741 861 3797; x_wconf 92' lang='lat' dir='ltr'><strong>sub</strong></span> <span class='ocrx_word' id='word_1_557' title='bbox 892 3742 1029 3798; x_wconf 91' lang='lat' dir='ltr'><strong>ementito</strong></span> 
     </span>
    </p>
   </div>
   <div class='ocr_carea' id='block_1_14' title="bbox 1084 3174 1898 3823">
    <p class='ocr_par' dir='ltr' id='par_1_16' title="bbox 1084 3174 1898 3823">
     <span class='ocr_line' id='line_1_88' title="bbox 1086 3174 1898 3252; baseline 0.011 -26"><span class='ocrx_word' id='word_1_558' title='bbox 1086 3174 1211 3228; x_wconf 83' lang='lat' dir='ltr'><strong>baronii.</strong></span> <span class='ocrx_word' id='word_1_559' title='bbox 1233 3175 1269 3228; x_wconf 77' lang='lat' dir='ltr'><strong>Eu</strong></span> <span class='ocrx_word' id='word_1_560' title='bbox 1284 3174 1418 3229; x_wconf 79' lang='lat' dir='ltr'><strong>saviente</strong></span> <span class='ocrx_word' id='word_1_561' title='bbox 1439 3183 1555 3230; x_wconf 88' lang='lat' dir='ltr'><strong>sanctus</strong></span> <span class='ocrx_word' id='word_1_562' title='bbox 1578 3176 1898 3252; x_wconf 86' lang='lat' dir='ltr'><strong>loannesapostolusin</strong></span> 
     </span>
     <span class='ocr_line' id='line_1_89' title="bbox 1084 3244 1898 3320; baseline 0.009 -21"><span class='ocrx_word' id='word_1_563' title='bbox 1084 3244 1209 3299; x_wconf 90' lang='lat' dir='ltr'><strong>insulam</strong></span> <span class='ocrx_word' id='word_1_564' title='bbox 1228 3247 1338 3300; x_wconf 85' lang='lat' dir='ltr'><strong>Patmos</strong></span> <span class='ocrx_word' id='word_1_565' title='bbox 1355 3245 1497 3315; x_wconf 82' lang='lat' dir='ltr'><strong>relegatus</strong></span> <span class='ocrx_word' id='word_1_566' title='bbox 1519 3252 1573 3314; x_wconf 89' lang='lat' dir='ltr'><strong>est,</strong></span> <span class='ocrx_word' id='word_1_567' title='bbox 1600 3257 1762 3320; x_wconf 82' lang='lat' dir='ltr'><strong>postquam</strong></span> <span class='ocrx_word' id='word_1_568' title='bbox 1780 3253 1898 3310; x_wconf 82' lang='lat' dir='ltr'><strong>Romaiu</strong></span> 
     </span>
     <span class='ocr_line' id='line_1_90' title="bbox 1084 3315 1898 3392; baseline 0.009 -22"><span class='ocrx_word' id='word_1_569' title='bbox 1084 3315 1221 3370; x_wconf 83' lang='lat' dir='ltr'><strong>ferventis</strong></span> <span class='ocrx_word' id='word_1_570' title='bbox 1232 3316 1288 3371; x_wconf 92' lang='lat' dir='ltr'><strong>olei</strong></span> <span class='ocrx_word' id='word_1_571' title='bbox 1304 3316 1414 3371; x_wconf 91' lang='lat' dir='ltr'><strong>dolium</strong></span> <span class='ocrx_word' id='word_1_572' title='bbox 1431 3317 1580 3373; x_wconf 90' lang='lat' dir='ltr'><strong>immissus</strong></span> <span class='ocrx_word' id='word_1_573' title='bbox 1597 3328 1690 3376; x_wconf 92' lang='lat' dir='ltr'><strong>esset.</strong></span> <span class='ocrx_word' id='word_1_574' title='bbox 1702 3321 1768 3392; x_wconf 87' lang='lat' dir='ltr'><strong>Qua</strong></span> <span class='ocrx_word' id='word_1_575' title='bbox 1782 3325 1810 3380; x_wconf 93' lang='lat' dir='ltr'><strong>in</strong></span> <span class='ocrx_word' id='word_1_576' title='bbox 1823 3324 1898 3380; x_wconf 84' lang='lat' dir='ltr'><strong>insula</strong></span> 
     </span>
     <span class='ocr_line' id='line_1_91' title="bbox 1085 3387 1898 3458; baseline 0.012 -16"><span class='ocrx_word' id='word_1_577' title='bbox 1085 3387 1204 3456; x_wconf 90' lang='lat' dir='ltr'><strong>scripsit</strong></span> <span class='ocrx_word' id='word_1_578' title='bbox 1226 3388 1354 3442; x_wconf 90' lang='lat' dir='ltr'><strong>divinam</strong></span> <span class='ocrx_word' id='word_1_579' title='bbox 1370 3388 1584 3458; x_wconf 70' lang='lat' dir='ltr'><strong>apocalypsim.</strong></span> <span class='ocrx_word' id='word_1_580' title='bbox 1608 3391 1704 3448; x_wconf 86' lang='lat' dir='ltr'><strong>Periit</strong></span> <span class='ocrx_word' id='word_1_581' title='bbox 1726 3396 1815 3451; x_wconf 85' lang='lat' dir='ltr'><strong>etiant</strong></span> <span class='ocrx_word' id='word_1_582' title='bbox 1841 3398 1898 3451; x_wconf 83' lang='lat' dir='ltr'><strong>ina</strong></span> 
     </span>
     <span class='ocr_line' id='line_1_92' title="bbox 1086 3458 1897 3531; baseline 0.007 -18"><span class='ocrx_word' id='word_1_583' title='bbox 1086 3460 1282 3529; x_wconf 90' lang='lat' dir='ltr'><strong>persecutione</strong></span> <span class='ocrx_word' id='word_1_584' title='bbox 1294 3458 1406 3514; x_wconf 85' lang='lat' dir='ltr'><strong>Flavius</strong></span> <span class='ocrx_word' id='word_1_585' title='bbox 1414 3459 1543 3523; x_wconf 84' lang='lat' dir='ltr'><strong>Clemens</strong></span> <span class='ocrx_word' id='word_1_586' title='bbox 1555 3461 1604 3515; x_wconf 87' lang='lat' dir='ltr'><strong>vix</strong></span> <span class='ocrx_word' id='word_1_587' title='bbox 1614 3463 1759 3531; x_wconf 87' lang='lat' dir='ltr'><strong>deposito</strong></span> <span class='ocrx_word' id='word_1_588' title='bbox 1770 3467 1897 3523; x_wconf 86' lang='lat' dir='ltr'><strong>ordinario</strong></span> 
     </span>
     <span class='ocr_line' id='line_1_93' title="bbox 1084 3527 1897 3609; baseline 0.01 -25"><span class='ocrx_word' id='word_1_589' title='bbox 1084 3529 1246 3597; x_wconf 89' lang='lat' dir='ltr'><strong>consulatu,</strong></span> <span class='ocrx_word' id='word_1_590' title='bbox 1263 3543 1338 3585; x_wconf 88' lang='lat' dir='ltr'><strong>anno</strong></span> <span class='ocrx_word' id='word_1_591' title='bbox 1353 3527 1387 3584; x_wconf 83' lang='lat' dir='ltr'><strong>at</strong></span> <span class='ocrx_word' id='word_1_592' title='bbox 1401 3543 1465 3585; x_wconf 90' lang='lat' dir='ltr'><strong>eum</strong></span> <span class='ocrx_word' id='word_1_593' title='bbox 1483 3531 1545 3599; x_wconf 88' lang='lat' dir='ltr'><strong>ipso</strong></span> <span class='ocrx_word' id='word_1_594' title='bbox 1562 3531 1739 3593; x_wconf 83' lang='lat' dir='ltr'><strong>Domitiano</strong></span> <span class='ocrx_word' id='word_1_595' title='bbox 1750 3539 1897 3609; x_wconf 70' lang='lat' dir='ltr'><strong>gesta-lila-</strong></span> 
     </span>
     <span class='ocr_line' id='line_1_94' title="bbox 1084 3600 1896 3679; baseline 0.011 -26"><span class='ocrx_word' id='word_1_596' title='bbox 1084 3603 1131 3654; x_wconf 92' lang='lat' dir='ltr'><strong>via</strong></span> <span class='ocrx_word' id='word_1_597' title='bbox 1147 3600 1295 3656; x_wconf 86' lang='lat' dir='ltr'><strong>Domitilla</strong></span> <span class='ocrx_word' id='word_1_598' title='bbox 1308 3601 1433 3670; x_wconf 85' lang='lat' dir='ltr'><strong>ejusdem</strong></span> <span class='ocrx_word' id='word_1_599' title='bbox 1447 3600 1535 3656; x_wconf 84' lang='lat' dir='ltr'><strong>Flavii</strong></span> <span class='ocrx_word' id='word_1_600' title='bbox 1546 3601 1712 3663; x_wconf 86' lang='lat' dir='ltr'><strong>Clementls</strong></span> <span class='ocrx_word' id='word_1_601' title='bbox 1720 3611 1817 3679; x_wconf 90' lang='lat' dir='ltr'><strong>neptis</strong></span> <span class='ocrx_word' id='word_1_602' title='bbox 1830 3609 1854 3664; x_wconf 91' lang='lat' dir='ltr'><strong>io</strong></span> <span class='ocrx_word' id='word_1_603' title='bbox 1866 3610 1896 3663; x_wconf 81' lang='lat' dir='ltr'><strong>ir</strong></span> 
     </span>
     <span class='ocr_line' id='line_1_95' title="bbox 1084 3672 1893 3746; baseline 0.007 -19"><span class='ocrx_word' id='word_1_604' title='bbox 1084 3672 1176 3727; x_wconf 92' lang='lat' dir='ltr'><strong>sulam</strong></span> <span class='ocrx_word' id='word_1_605' title='bbox 1198 3673 1325 3727; x_wconf 85' lang='lat' dir='ltr'><strong>Pontiam</strong></span> <span class='ocrx_word' id='word_1_606' title='bbox 1339 3673 1497 3741; x_wconf 88' lang='lat' dir='ltr'><strong>deportata.</strong></span> <span class='ocrx_word' id='word_1_607' title='bbox 1520 3674 1560 3728; x_wconf 84' lang='lat' dir='ltr'><strong>De</strong></span> <span class='ocrx_word' id='word_1_608' title='bbox 1576 3672 1631 3729; x_wconf 84' lang='lat' dir='ltr'><strong>bac</strong></span> <span class='ocrx_word' id='word_1_609' title='bbox 1653 3679 1893 3746; x_wconf 85' lang='lat' dir='ltr'><strong>persecutionele·</strong></span> 
     </span>
     <span class='ocr_line' id='line_1_96' title="bbox 1084 3740 1754 3823; baseline 0.013 -26"><span class='ocrx_word' id='word_1_610' title='bbox 1084 3742 1193 3814; x_wconf 84' lang='lat' dir='ltr'><strong>gendus</strong></span> <span class='ocrx_word' id='word_1_611' title='bbox 1207 3742 1348 3798; x_wconf 87' lang='lat' dir='ltr'><strong>Eusebius</strong></span> <span class='ocrx_word' id='word_1_612' title='bbox 1368 3743 1417 3799; x_wconf 92' lang='lat' dir='ltr'><strong>lib.</strong></span> <span class='ocrx_word' id='word_1_613' title='bbox 1435 3757 1478 3815; x_wconf 90' lang='grc' dir='ltr'><strong>ιιι,</strong></span> <span class='ocrx_word' id='word_1_614' title='bbox 1491 3755 1553 3813; x_wconf 86' lang='lat' dir='ltr'><strong>cap.</strong></span> <span class='ocrx_word' id='word_1_615' title='bbox 1577 3740 1611 3799; x_wconf 83' lang='lat' dir='ltr'><strong>tt</strong></span> <span class='ocrx_word' id='word_1_616' title='bbox 1622 3753 1653 3803; x_wconf 91' lang='lat' dir='ltr'><strong>et</strong></span> <span class='ocrx_word' id='word_1_617' title='bbox 1669 3763 1754 3823; x_wconf 87' lang='lat' dir='ltr'><strong>seqq.</strong></span> 
     </span>
    </p>
   </div>
   <div class='ocr_carea' id='block_1_15' title="bbox 209 3934 1884 3963">
    <p class='ocr_par' dir='ltr' id='par_1_17' title="bbox 209 3934 1884 3963">
     <span class='ocr_line' id='line_1_97' title="bbox 209 3934 1884 3963; baseline 0.01 -18"><span class='ocrx_word' id='word_1_618' title='bbox 209 3934 1884 3963; x_wconf 73' lang='grc'><strong>-----.-.--.-..---..--.--...-.-,-,,,,</strong></span> 
     </span>
    </p>
   </div>
   <div class='ocr_carea' id='block_1_16' title="bbox 752 4127 1342 4202">
    <p class='ocr_par' dir='ltr' id='par_1_18' title="bbox 752 4127 1342 4202">
     <span class='ocr_line' id='line_1_98' title="bbox 752 4127 1342 4202; baseline -0.01 -2"><span class='ocrx_word' id='word_1_619' title='bbox 752 4127 816 4200; x_wconf 85' lang='lat' dir='ltr'><strong>vt.</strong></span> <span class='ocrx_word' id='word_1_620' title='bbox 863 4127 1051 4199; x_wconf 80' lang='lat' dir='ltr'><strong>SANCTUS</strong></span> <span class='ocrx_word' id='word_1_621' title='bbox 1088 4127 1342 4202; x_wconf 79' lang='lat' dir='ltr'><strong>utuntsrtts.</strong></span> 
     </span>
    </p>
   </div>
   <div class='ocr_carea' id='block_1_17' title="bbox 719 4342 1376 4415">
    <p class='ocr_par' dir='ltr' id='par_1_19' title="bbox 719 4342 1376 4415">
     <span class='ocr_line' id='line_1_99' title="bbox 719 4342 1376 4415; baseline 0.021 -22"><span class='ocrx_word' id='word_1_622' title='bbox 719 4352 807 4397; x_wconf 74' lang='lat' dir='ltr'><strong>anuo</strong></span> <span class='ocrx_word' id='word_1_623' title='bbox 829 4353 957 4398; x_wconf 79' lang='lat' dir='ltr'><strong>cantem</strong></span> <span class='ocrx_word' id='word_1_624' title='bbox 986 4342 1053 4415; x_wconf 75' lang='lat' dir='ltr'><strong>lta,</strong></span> <span class='ocrx_word' id='word_1_625' title='bbox 1075 4359 1212 4403; x_wconf 72' lang='grc'>4444444</span> <span class='ocrx_word' id='word_1_626' title='bbox 1237 4363 1307 4406; x_wconf 74' lang='lat' dir='ltr'><strong>rme.</strong></span> <span class='ocrx_word' id='word_1_627' title='bbox 1327 4349 1376 4407; x_wconf 91' lang='grc'><strong>43.</strong></span> 
     </span>
    </p>
   </div>
   <div class='ocr_carea' id='block_1_18' title="bbox 943 4559 1138 4574">
    <p class='ocr_par' dir='ltr' id='par_1_20' title="bbox 943 4559 1138 4574">
     <span class='ocr_line' id='line_1_100' title="bbox 943 4559 1138 4574; baseline 0.021 -4"><span class='ocrx_word' id='word_1_628' title='bbox 943 4559 1138 4574; x_wconf 73' lang='lat'><strong>——</strong></span> 
     </span>
    </p>
   </div>
   <div class='ocr_carea' id='block_1_19' title="bbox 273 4735 1944 5426">
    <p class='ocr_par' dir='ltr' id='par_1_21' title="bbox 313 4735 1944 5121">
     <span class='ocr_line' id='line_1_101' title="bbox 354 4735 1881 4838; baseline 0.01 -33"><span class='ocrx_word' id='word_1_629' title='bbox 354 4735 608 4823; x_wconf 79' lang='lat' dir='ltr'><strong>6anristns,</strong></span> <span class='ocrx_word' id='word_1_630' title='bbox 649 4739 788 4808; x_wconf 86' lang='lat' dir='ltr'><strong>natione</strong></span> <span class='ocrx_word' id='word_1_631' title='bbox 819 4743 961 4824; x_wconf 75' lang='lat' dir='ltr'><strong>Canens,</strong></span> <span class='ocrx_word' id='word_1_632' title='bbox 992 4764 1033 4810; x_wconf 85' lang='grc'><strong>44</strong></span> <span class='ocrx_word' id='word_1_633' title='bbox 1068 4755 1172 4831; x_wconf 80' lang='lat' dir='ltr'><strong>patre</strong></span> <span class='ocrx_word' id='word_1_634' title='bbox 1209 4755 1325 4818; x_wconf 80' lang='lat' dir='ltr'><strong>Judaeo</strong></span> <span class='ocrx_word' id='word_1_635' title='bbox 1370 4756 1505 4820; x_wconf 89' lang='lat' dir='ltr'><strong>nomine</strong></span> <span class='ocrx_word' id='word_1_636' title='bbox 1538 4756 1647 4838; x_wconf 72' lang='lat' dir='ltr'><strong>duda,</strong></span> <span class='ocrx_word' id='word_1_637' title='bbox 1680 4761 1723 4824; x_wconf 87' lang='lat' dir='ltr'><strong>de</strong></span> <span class='ocrx_word' id='word_1_638' title='bbox 1763 4756 1881 4824; x_wconf 78' lang='lat' dir='ltr'><strong>sinitote</strong></span> 
     </span>
     <span class='ocr_line' id='line_1_102' title="bbox 314 4839 1944 4940; baseline 0.012 -37"><span class='ocrx_word' id='word_1_639' title='bbox 314 4839 518 4920; x_wconf 81' lang='lat' dir='ltr'><strong>Betdtelcenc,</strong></span> <span class='ocrx_word' id='word_1_640' title='bbox 535 4842 620 4906; x_wconf 87' lang='lat' dir='ltr'><strong>sedit</strong></span> <span class='ocrx_word' id='word_1_641' title='bbox 646 4861 753 4906; x_wconf 85' lang='lat' dir='ltr'><strong>annos</strong></span> <span class='ocrx_word' id='word_1_642' title='bbox 777 4844 944 4925; x_wconf 81' lang='lat' dir='ltr'><strong>tredecim,</strong></span> <span class='ocrx_word' id='word_1_643' title='bbox 975 4864 1106 4911; x_wconf 83' lang='lat' dir='ltr'><strong>menses</strong></span> <span class='ocrx_word' id='word_1_644' title='bbox 1123 4867 1181 4912; x_wconf 83' lang='lat' dir='ltr'><strong>sex</strong></span> <span class='ocrx_word' id='word_1_645' title='bbox 1195 4869 1210 4900; x_wconf 70' lang='lat' dir='ltr'><strong>a</strong></span> <span class='ocrx_word' id='word_1_646' title='bbox 1246 4853 1315 4916; x_wconf 84' lang='lat' dir='ltr'><strong>dies</strong></span> <span class='ocrx_word' id='word_1_647' title='bbox 1340 4852 1433 4916; x_wconf 88' lang='lat' dir='ltr'><strong>duos.</strong></span> <span class='ocrx_word' id='word_1_648' title='bbox 1457 4856 1544 4919; x_wconf 76' lang='lat' dir='ltr'><strong>aad</strong></span> <span class='ocrx_word' id='word_1_649' title='bbox 1560 4861 1679 4920; x_wconf 84' lang='grc'>4444444</span> <span class='ocrx_word' id='word_1_650' title='bbox 1697 4855 1881 4940; x_wconf 63' lang='lat' dir='ltr'><strong>centipeda</strong></span> <span class='ocrx_word' id='word_1_651' title='bbox 1941 4880 1944 4904; x_wconf 48' lang='grc' dir='ltr'>ι</span> 
     </span>
     <span class='ocr_line' id='line_1_103' title="bbox 313 4939 1944 5037; baseline 0.009 -38"><span class='ocrx_word' id='word_1_652' title='bbox 313 4939 495 5002; x_wconf 77' lang='lat' dir='ltr'><strong>pontitiani</strong></span> <span class='ocrx_word' id='word_1_653' title='bbox 519 4943 551 5003; x_wconf 90' lang='lat' dir='ltr'><strong>et</strong></span> <span class='ocrx_word' id='word_1_654' title='bbox 579 4943 703 5006; x_wconf 82' lang='lat' dir='ltr'><strong>Neron</strong></span> <span class='ocrx_word' id='word_1_655' title='bbox 728 4942 880 5021; x_wconf 73' lang='lat' dir='ltr'><strong>Trajani</strong></span> <span class='ocrx_word' id='word_1_656' title='bbox 895 4941 969 5020; x_wconf 75' lang='lat' dir='ltr'><strong>b,a</strong></span> <span class='ocrx_word' id='word_1_657' title='bbox 993 4947 1174 5011; x_wconf 84' lang='lat' dir='ltr'><strong>eonsntatn</strong></span> <span class='ocrx_word' id='word_1_658' title='bbox 1200 4949 1353 5014; x_wconf 79' lang='lat' dir='ltr'><strong>Valentis</strong></span> <span class='ocrx_word' id='word_1_659' title='bbox 1381 4955 1414 5014; x_wconf 88' lang='lat' dir='ltr'><strong>et</strong></span> <span class='ocrx_word' id='word_1_660' title='bbox 1451 4954 1581 5017; x_wconf 78' lang='lat' dir='ltr'><strong>Veteris</strong></span> <span class='ocrx_word' id='word_1_661' title='bbox 1604 4971 1716 5037; x_wconf 85' lang='lat' dir='ltr'><strong>nsqne</strong></span> <span class='ocrx_word' id='word_1_662' title='bbox 1745 4957 1792 5020; x_wconf 88' lang='lat' dir='ltr'><strong>ad</strong></span> <span class='ocrx_word' id='word_1_663' title='bbox 1815 4948 1880 5017; x_wconf 77' lang='grc'>(444-</span> <span class='ocrx_word' id='word_1_664' title='bbox 1936 4950 1944 5026; x_wconf 67' lang='grc' dir='ltr'><strong><em>ἓ</em></strong></span> 
     </span>
     <span class='ocr_line' id='line_1_104' title="bbox 315 5033 1944 5121; baseline 0.013 -24"><span class='ocrx_word' id='word_1_665' title='bbox 315 5038 385 5098; x_wconf 84' lang='lat' dir='ltr'><strong>tnnc</strong></span> <span class='ocrx_word' id='word_1_666' title='bbox 403 5039 436 5098; x_wconf 88' lang='lat' dir='ltr'><strong>et</strong></span> <span class='ocrx_word' id='word_1_667' title='bbox 462 5039 638 5100; x_wconf 77' lang='lat' dir='ltr'><strong>Bradanus</strong></span> <span class='ocrx_word' id='word_1_668' title='bbox 662 5037 815 5101; x_wconf 84' lang='lat' dir='ltr'><strong>consules</strong></span> <span class='ocrx_word' id='word_1_669' title='bbox 830 5051 842 5079; x_wconf 79' lang='lat'><strong>⁰</strong></span> <span class='ocrx_word' id='word_1_670' title='bbox 858 5086 864 5099; x_wconf 95' lang='lat'>.</span> <span class='ocrx_word' id='word_1_671' title='bbox 881 5043 1056 5121; x_wconf 77' lang='grc'>4444444444</span> <span class='ocrx_word' id='word_1_672' title='bbox 1076 5047 1303 5110; x_wconf 59' lang='grc' dir='ltr'><strong>4444444444(Ι</strong></span> <span class='ocrx_word' id='word_1_673' title='bbox 1326 5050 1396 5112; x_wconf 86' lang='lat' dir='ltr'><strong>Hic</strong></span> <span class='ocrx_word' id='word_1_674' title='bbox 1415 5049 1538 5113; x_wconf 84' lang='lat' dir='ltr'><strong>titntos</strong></span> <span class='ocrx_word' id='word_1_675' title='bbox 1558 5050 1600 5114; x_wconf 82' lang='lat' dir='ltr'><strong>tn</strong></span> <span class='ocrx_word' id='word_1_676' title='bbox 1613 5053 1699 5115; x_wconf 82' lang='grc'>4444</span> <span class='ocrx_word' id='word_1_677' title='bbox 1724 5056 1824 5119; x_wconf 79' lang='grc'>144444</span> <span class='ocrx_word' id='word_1_678' title='bbox 1836 5048 1878 5111; x_wconf 82' lang='lat' dir='ltr'><strong>a·-</strong></span> <span class='ocrx_word' id='word_1_679' title='bbox 1935 5033 1944 5115; x_wconf 67' lang='grc' dir='ltr'>Ϊ</span> 
     </span>
    </p>

    <p class='ocr_par' dir='ltr' id='par_1_22' title="bbox 273 5132 1878 5426">
     <span class='ocr_line' id='line_1_105' title="bbox 273 5132 1878 5233; baseline 0.009 -39"><span class='ocrx_word' id='word_1_680' title='bbox 273 5132 293 5194; x_wconf 88' lang='grc'>5</span> <span class='ocrx_word' id='word_1_681' title='bbox 311 5133 397 5195; x_wconf 82' lang='lat' dir='ltr'><strong>nisit</strong></span> <span class='ocrx_word' id='word_1_682' title='bbox 416 5133 636 5214; x_wconf 66' lang='lat' dir='ltr'><strong>presbyteris,</strong></span> <span class='ocrx_word' id='word_1_683' title='bbox 666 5138 699 5197; x_wconf 87' lang='lat' dir='ltr'><strong>et</strong></span> <span class='ocrx_word' id='word_1_684' title='bbox 720 5138 845 5215; x_wconf 76' lang='lat' dir='ltr'><strong>septena</strong></span> <span class='ocrx_word' id='word_1_685' title='bbox 872 5138 1029 5202; x_wconf 80' lang='lat' dir='ltr'><strong>diaconos</strong></span> <span class='ocrx_word' id='word_1_686' title='bbox 1057 5144 1241 5218; x_wconf 88' lang='lat' dir='ltr'><strong>constituit,</strong></span> <span class='ocrx_word' id='word_1_687' title='bbox 1259 5146 1320 5226; x_wconf 83' lang='lat' dir='ltr'><strong>qni</strong></span> <span class='ocrx_word' id='word_1_688' title='bbox 1335 5148 1545 5210; x_wconf 82' lang='lat' dir='ltr'><strong>custodirent</strong></span> <span class='ocrx_word' id='word_1_689' title='bbox 1558 5146 1878 5233; x_wconf 82' lang='lat' dir='ltr'><strong>episcopnmpraedi·</strong></span> 
     </span>
     <span class='ocr_line' id='line_1_106' title="bbox 313 5230 1878 5324; baseline 0.01 -31"><span class='ocrx_word' id='word_1_690' title='bbox 313 5234 444 5293; x_wconf 81' lang='lat' dir='ltr'><strong>cantent</strong></span> <span class='ocrx_word' id='word_1_691' title='bbox 466 5235 611 5312; x_wconf 79' lang='lat' dir='ltr'><strong>propter</strong></span> <span class='ocrx_word' id='word_1_692' title='bbox 638 5230 770 5310; x_wconf 72' lang='lat' dir='ltr'><strong>stastum</strong></span> <span class='ocrx_word' id='word_1_693' title='bbox 795 5235 968 5298; x_wconf 80' lang='lat' dir='ltr'><strong>veritatis.</strong></span> <span class='ocrx_word' id='word_1_694' title='bbox 995 5238 1065 5302; x_wconf 85' lang='lat' dir='ltr'><strong>Hic</strong></span> <span class='ocrx_word' id='word_1_695' title='bbox 1089 5238 1171 5320; x_wconf 79' lang='lat' dir='ltr'><strong>lectt</strong></span> <span class='ocrx_word' id='word_1_696' title='bbox 1203 5241 1434 5307; x_wconf 82' lang='lat' dir='ltr'><strong>ordinationes</strong></span> <span class='ocrx_word' id='word_1_697' title='bbox 1466 5247 1532 5307; x_wconf 84' lang='lat' dir='ltr'><strong>tres</strong></span> <span class='ocrx_word' id='word_1_698' title='bbox 1559 5263 1620 5324; x_wconf 90' lang='lat' dir='ltr'><strong>per</strong></span> <span class='ocrx_word' id='word_1_699' title='bbox 1651 5264 1803 5311; x_wconf 87' lang='lat' dir='ltr'><strong>mensem</strong></span> <span class='ocrx_word' id='word_1_700' title='bbox 1827 5247 1878 5308; x_wconf 72' lang='lat' dir='ltr'><strong>bs</strong></span> 
     </span>
     <span class='ocr_line' id='line_1_107' title="bbox 315 5327 1878 5426; baseline 0.012 -35"><span class='ocrx_word' id='word_1_701' title='bbox 315 5327 466 5406; x_wconf 89' lang='lat' dir='ltr'><strong>cembris,</strong></span> <span class='ocrx_word' id='word_1_702' title='bbox 497 5327 706 5409; x_wconf 87' lang='lat' dir='ltr'><strong>presbyteros</strong></span> <span class='ocrx_word' id='word_1_703' title='bbox 721 5345 791 5409; x_wconf 87' lang='lat' dir='ltr'><strong>sex,</strong></span> <span class='ocrx_word' id='word_1_704' title='bbox 808 5329 965 5394; x_wconf 87' lang='lat' dir='ltr'><strong>diaconos</strong></span> <span class='ocrx_word' id='word_1_705' title='bbox 993 5334 1086 5415; x_wconf 89' lang='lat' dir='ltr'><strong>duos,</strong></span> <span class='ocrx_word' id='word_1_706' title='bbox 1117 5337 1286 5418; x_wconf 89' lang='lat' dir='ltr'><strong>episcopos</strong></span> <span class='ocrx_word' id='word_1_707' title='bbox 1301 5356 1360 5418; x_wconf 91' lang='lat' dir='ltr'><strong>per</strong></span> <span class='ocrx_word' id='word_1_708' title='bbox 1385 5339 1517 5404; x_wconf 83' lang='lat' dir='ltr'><strong>diversa</strong></span> <span class='ocrx_word' id='word_1_709' title='bbox 1527 5342 1602 5405; x_wconf 89' lang='lat' dir='ltr'><strong>loca</strong></span> <span class='ocrx_word' id='word_1_710' title='bbox 1616 5346 1793 5426; x_wconf 79' lang='lat' dir='ltr'><strong>quinque⁶</strong></span> <span class='ocrx_word' id='word_1_711' title='bbox 1806 5392 1812 5405; x_wconf 95' lang='lat'>.</span> <span class='ocrx_word' id='word_1_712' title='bbox 1826 5338 1878 5415; x_wconf 73' lang='lat' dir='ltr'><strong>Qti</strong></span> 
     </span>
    </p>
   </div>
   <div class='ocr_carea' id='block_1_20' title="bbox 753 5530 1322 5585">
    <p class='ocr_par' dir='ltr' id='par_1_23' title="bbox 753 5530 1322 5585">
     <span class='ocr_line' id='line_1_108' title="bbox 753 5530 1322 5585; baseline 0.025 -14"><span class='ocrx_word' id='word_1_713' title='bbox 753 5530 892 5575; x_wconf 80' lang='lat' dir='ltr'>NOTULAE</span> <span class='ocrx_word' id='word_1_714' title='bbox 916 5532 1126 5580; x_wconf 70' lang='lat' dir='ltr'><strong>martaritanus</strong></span> <span class='ocrx_word' id='word_1_715' title='bbox 1150 5539 1322 5585; x_wconf 75' lang='lat' dir='ltr'><strong>russnorrt.</strong></span> 
     </span>
    </p>
   </div>
   <div class='ocr_carea' id='block_1_21' title="bbox 233 5682 1871 5767">
    <p class='ocr_par' dir='ltr' id='par_1_24' title="bbox 233 5682 1871 5767">
     <span class='ocr_line' id='line_1_109' title="bbox 233 5682 1871 5767; baseline 0.018 -33"><span class='ocrx_word' id='word_1_716' title='bbox 233 5690 249 5722; x_wconf 72' lang='lat'>⁸</span> <span class='ocrx_word' id='word_1_717' title='bbox 262 5682 293 5746; x_wconf 83' lang='grc' dir='ltr'><strong>Β,</strong></span> <span class='ocrx_word' id='word_1_718' title='bbox 306 5699 352 5737; x_wconf 85' lang='grc'><strong>44.</strong></span> <span class='ocrx_word' id='word_1_719' title='bbox 366 5683 392 5752; x_wconf 88' lang='grc'><strong>9,</strong></span> <span class='ocrx_word' id='word_1_720' title='bbox 405 5702 442 5740; x_wconf 83' lang='lat' dir='ltr'><strong>vn.</strong></span> <span class='ocrx_word' id='word_1_721' title='bbox 459 5685 472 5727; x_wconf 82' lang='lat' dir='ltr'><strong>b</strong></span> <span class='ocrx_word' id='word_1_722' title='bbox 488 5689 518 5754; x_wconf 86' lang='grc' dir='ltr'><strong>Β,</strong></span> <span class='ocrx_word' id='word_1_723' title='bbox 534 5687 650 5756; x_wconf 81' lang='lat' dir='ltr'><strong>Trajani</strong></span> <span class='ocrx_word' id='word_1_724' title='bbox 668 5691 693 5739; x_wconf 92' lang='lat' dir='ltr'><strong>et</strong></span> <span class='ocrx_word' id='word_1_725' title='bbox 714 5683 868 5739; x_wconf 85' lang='lat' dir='ltr'><strong>Hadriani.</strong></span> <span class='ocrx_word' id='word_1_726' title='bbox 884 5687 941 5752; x_wconf 77' lang='lat'><strong>013,</strong></span> <span class='ocrx_word' id='word_1_727' title='bbox 959 5689 1066 5744; x_wconf 83' lang='lat' dir='ltr'><strong>Pisonis</strong></span> <span class='ocrx_word' id='word_1_728' title='bbox 1086 5696 1112 5746; x_wconf 91' lang='lat' dir='ltr'><strong>et</strong></span> <span class='ocrx_word' id='word_1_729' title='bbox 1134 5694 1228 5752; x_wconf 74' lang='lat' dir='ltr'><strong>Hasta</strong></span> <span class='ocrx_word' id='word_1_730' title='bbox 1240 5713 1326 5767; x_wconf 85' lang='lat' dir='ltr'><strong>usque</strong></span> <span class='ocrx_word' id='word_1_731' title='bbox 1345 5699 1384 5754; x_wconf 90' lang='lat' dir='ltr'><strong>ad</strong></span> <span class='ocrx_word' id='word_1_732' title='bbox 1397 5700 1525 5757; x_wconf 78' lang='lat' dir='ltr'><strong>Attalum</strong></span> <span class='ocrx_word' id='word_1_733' title='bbox 1545 5709 1571 5758; x_wconf 85' lang='lat' dir='ltr'><strong>et</strong></span> <span class='ocrx_word' id='word_1_734' title='bbox 1582 5703 1708 5762; x_wconf 82' lang='lat' dir='ltr'><strong>Pansam</strong></span> <span class='ocrx_word' id='word_1_735' title='bbox 1722 5704 1811 5763; x_wconf 73' lang='lat' dir='ltr'><strong>ditae</strong></span> <span class='ocrx_word' id='word_1_736' title='bbox 1820 5702 1871 5758; x_wconf 71' lang='lat' dir='ltr'><strong>Bat-</strong></span> 
     </span>
    </p>
   </div>
   <div class='ocr_carea' id='block_1_22' title="bbox 197 5765 837 5846">
    <p class='ocr_par' dir='ltr' id='par_1_25' title="bbox 197 5765 837 5846">
     <span class='ocr_line' id='line_1_110' title="bbox 197 5765 837 5846; baseline 0.011 -26"><span class='ocrx_word' id='word_1_737' title='bbox 197 5765 312 5822; x_wconf 75' lang='lat' dir='ltr'><strong>adanu</strong></span> <span class='ocrx_word' id='word_1_738' title='bbox 329 5768 390 5826; x_wconf 73' lang='grc'>442.</span> <span class='ocrx_word' id='word_1_739' title='bbox 403 5780 416 5810; x_wconf 74' lang='lat'>⁹</span> <span class='ocrx_word' id='word_1_740' title='bbox 430 5775 460 5827; x_wconf 88' lang='lat' dir='ltr'><strong>B.</strong></span> <span class='ocrx_word' id='word_1_741' title='bbox 474 5773 500 5842; x_wconf 84' lang='lat' dir='ltr'><strong>l,</strong></span> <span class='ocrx_word' id='word_1_742' title='bbox 518 5775 610 5845; x_wconf 89' lang='lat' dir='ltr'><strong>presb.</strong></span> <span class='ocrx_word' id='word_1_743' title='bbox 629 5769 672 5846; x_wconf 87' lang='grc'><strong>47,</strong></span> <span class='ocrx_word' id='word_1_744' title='bbox 686 5773 773 5844; x_wconf 90' lang='lat' dir='ltr'><strong>episc.</strong></span> <span class='ocrx_word' id='word_1_745' title='bbox 795 5772 837 5831; x_wconf 89' lang='grc'><strong>45.</strong></span> 
     </span>
    </p>
   </div>
   <div class='ocr_carea' id='block_1_23' title="bbox 0 0 1960 6132">
    <p class='ocr_par' dir='ltr' id='par_1_26' title="bbox 0 0 1960 6132">
     <span class='ocr_line' id='line_1_111' title="bbox 0 0 1960 6132; baseline 0 0"><span class='ocrx_word' id='word_1_746' title='bbox 0 0 1960 6132; x_wconf 95' lang='lat' dir='ltr'><strong> </strong></span> 
     </span>
    </p>
   </div>
  </div>
 </body>
</html>
