3892 6136
119 280 173 339 ,οὗ
766 266 945 325 nnmnnnro
966 267 1013 324 nu
1034 263 1117 323 non.
1148 265 1182 321 u.
1774 265 1828 328 too

116 408 241 460 attexere
268 402 302 456 dc
329 401 463 471 Anttqais
490 400 629 467 cotcttopis
655 399 813 468 paralipome
841 397 944 450 Romo-
958 388 987 448 A
1006 393 1140 474 inunum
1155 393 1282 450 codicem
1297 408 1361 451 cum
1377 394 1574 451 vetustissima
1588 396 1757 453 collectione
1772 399 1824 455 ln-

117 508 227 546 mrum,
1003 482 1194 552 scriptionum
1204 484 1406 552 Romanarum,
1422 483 1452 538 in
1461 483 1535 539 Urbe
1543 484 1753 555 descriptarum
1765 490 1827 543 tum

151 580 231 637 Licet
245 579 324 635 enlm
340 577 476 634 laudatus
492 577 596 648 presul
613 579 653 631 tot
668 573 803 646 praeclara
815 570 948 629 conseri·
1002 585 1036 627 ex
1051 571 1153 640 sacris,
1169 577 1229 627 tum
1242 585 1276 627 ex
1293 570 1421 643 profanis
1433 571 1585 629 edificiis:
1600 581 1628 628 et
1640 573 1742 630 retulit
1753 573 1828 631 inter

118 670 208 740 pserit
220 669 256 724 de
269 667 324 724 hoc
339 671 510 739 argumento
523 667 553 721 in
568 669 721 721 memorata
732 662 946 731 dissertatione,
1002 659 1137 717 Analecta
1156 661 1276 718 eruditae
1296 661 1489 732 Antiquitatis
1508 666 1584 718 tomo
1599 663 1643 733 lv,
1662 676 1689 732 p.
1707 659 1771 718 506.
1788 663 1827 718 ltu

120 766 150 816 ut
164 773 285 815 messem
301 759 419 815 uberem
433 758 544 814 selectae
558 755 735 812 eruditionis
747 752 879 810 attulerit
891 751 949 806 sin·
1004 747 1257 807 lubentiuscuram
1266 750 1729 820 suscipionoveedltionisbrenis
1741 751 1829 809 istius

119 848 195 920 gulis
214 846 305 903 ferme
322 848 352 903 in
374 847 531 917 capitibus,
547 852 671 901 attamen
691 842 843 914 spicilegia
865 839 949 896 nobis
1004 841 1137 911 opusculi
1152 840 1333 910 adornandae,
1349 841 1424 911 quod
1436 841 1546 897 videam
1560 855 1621 897 esse
1632 842 1827 899 necessarlum

120 937 240 1007 reliquit
265 950 324 993 non
348 935 565 1003 contemnenda,
588 934 747 1004 prasertim
771 944 837 987 cum
854 929 949 1001 ipsius
1003 930 1130 1001 eiusdem
1147 937 1271 1001 partesa
1291 931 1402 988 codicis
1423 930 1506 987 illius
1524 937 1704 1002 compactore
1717 933 1831 989 distra-

118 1027 293 1097 disquisitio
308 1032 440 1082 versetur
455 1024 597 1095 precipue
612 1023 690 1078 circa
703 1023 776 1078 duos
788 1019 948 1091 catalogos,
1005 1025 1066 1074 ctas
1079 1020 1200 1075 invicem
1215 1033 1248 1076 ac
1265 1021 1403 1090 divulsas,
1418 1024 1446 1076 et
1461 1020 1556 1077 alieno
1571 1021 1634 1078 loco
1646 1022 1774 1079 redditas
1785 1021 1828 1094 (ut

121 1116 168 1187 qni
188 1116 297 1172 merito
313 1113 457 1171 habentur
473 1113 609 1185 potiores,
627 1113 751 1183 primum
767 1110 821 1167 snb
837 1108 951 1165 liberio
1006 1107 1098 1180 liquet
1110 1124 1144 1165 ex
1160 1109 1254 1166 uerbis
1268 1110 1443 1181 dimidiatis,
1460 1126 1524 1181 que
1539 1111 1742 1182 respondentes
1758 1112 1830 1169 inte-

121 1205 288 1275 collectuur,
305 1203 495 1260 alterumsub
507 1202 625 1275 vigilio,
643 1204 950 1271 utrumqneservatnm
1006 1213 1063 1270 gre
1081 1198 1205 1255 dictioni
1228 1199 1340 1255 litteras
1354 1198 1486 1256 obtinent
1507 1201 1537 1256 in
1554 1200 1668 1272 paginis
1688 1203 1830 1272 proximis

120 1294 267 1350 veteribus
285 1293 316 1348 in
332 1292 527 1362 membranis3
543 1291 637 1348 obiter
652 1304 718 1346 vero
733 1288 864 1360 attigerit
878 1286 952 1342 alios
1006 1285 1243 1360 liabillonianis),
1258 1288 1361 1344 iterum
1378 1292 1490 1344 nectere
1501 1293 1529 1345 et
1544 1289 1742 1347 inarticulare.

120 1381 284 1453 catalogos,
298 1388 329 1436 et
343 1381 391 1437 vix
404 1380 575 1436 indicaverit
590 1379 742 1435 historiam
755 1383 783 1432 et
795 1373 953 1432 chronolo·
1041 1374 1168 1432 Alterum
1182 1376 1353 1446 opusculum
1367 1378 1493 1447 ejusdem
1508 1377 1595 1435 ferme
1609 1381 1771 1450 argumenti
1785 1395 1831 1452 pe

122 1473 194 1544 giam
205 1469 343 1540 illorum,
355 1470 406 1540 qul
419 1467 701 1539 patriarchalibusin
712 1466 844 1522 basilicis
855 1463 951 1533 Urbis,
1006 1465 1123 1520 tendum
1145 1471 1189 1520 est
1203 1479 1237 1521 ex
1256 1466 1383 1522 ilistoria
1401 1467 1494 1538 gentis
1511 1466 1668 1540 bogiorum
1686 1470 1827 1529 willelmi

123 1559 320 1626 lateranensi,
343 1557 491 1627 Vaticana,
513 1560 542 1611 ct
555 1557 583 1612 S.
606 1555 687 1611 Pauli
703 1554 749 1611 via
763 1552 891 1609 Ostiensi
908 1553 953 1608 dc
1008 1553 1139 1610 monachi
1157 1554 1442 1626 llalmesmurlensls,
1462 1557 1596 1615 ducentis
1611 1560 1729 1616 circiter
1744 1562 1831 1618 annis

123 1647 190 1719 picti
213 1647 388 1716 antiquitus
411 1645 596 1702 visebantur:
622 1657 744 1715 quarum
761 1643 790 1699 in
812 1647 953 1712 postrema
1008 1642 1184 1699 recentiori:
1210 1643 1259 1700 ubi
1282 1645 1407 1715 scriptor
1429 1646 1483 1702 iste
1503 1649 1656 1717 recensuit,
1679 1650 1830 1707 occasione

123 1736 204 1792 ctiam
222 1742 360 1805 superest
375 1733 567 1806 fragmentum
583 1735 655 1788 satis
669 1731 953 1803 conspicuumaFa·
968 1712 994 1771 Β
1007 1743 1095 1785 sacrae
1115 1732 1309 1802 expeditionis
1328 1739 1467 1805 susceptae
1485 1748 1500 1790 a
1520 1750 1605 1793 cruce
1627 1738 1751 1808 signatis
1775 1739 1831 1796 sub

125 1825 208 1881 blano
226 1825 262 1880 ad
280 1824 482 1880 Innocentium
497 1824 561 1893 ejus
577 1822 704 1879 nominis
723 1822 858 1892 primum.
880 1818 952 1874 lllhi
1007 1819 1120 1875 Urbano
1134 1822 1157 1875 ll
1168 1821 1202 1876 ad
1213 1836 1320 1878 annum
1335 1824 1443 1881 Christi
1457 1823 1535 1895 1096,
1549 1828 1711 1884 coemeteria
1726 1829 1831 1886 subur·

125 1927 185 1970 nero
202 1914 253 1969 his
270 1914 423 1969 immorari
447 1926 540 1982 operae
558 1913 683 1983 pretium
698 1912 791 1967 visum
807 1916 850 1966 est
864 1927 871 1979 3
887 1921 952 1964 cunr
1008 1907 1081 1964 hana
1099 1914 1264 1966 sanctorum
1281 1919 1447 1981 martyrum,
1468 1913 1551 1982 juxta
1566 1928 1716 1972 numerum
1732 1930 1765 1973 ac
1780 1932 1830 1975 se-

126 2002 294 2059 abecclesia
305 2003 433 2058 Romana
445 2003 601 2057 redeantur
615 1999 755 2071 propositi
771 1997 883 2068 publice
897 2010 962 2052 non>
1009 1998 1079 2054 riem
1095 2004 1240 2069 portarum
1257 1999 1350 2069 Urbis,
1366 2014 1399 2056 ac
1425 2001 1535 2057 viarum
1550 2005 1760 2074 praecipuarum
1776 2022 1830 2065 sno

128 2092 184 2149 sine
200 2090 378 2162 pontificum
391 2090 581 2161 auctoritate3
597 2091 668 2146 adeo
683 2095 716 2144 ut
729 2087 828 2143 mirari
844 2086 955 2142 contin·
1008 2089 1110 2144 ordine
1124 2089 1278 2145 recensita:
1298 2103 1382 2160 quam
1397 2103 1497 2146 vocare
1512 2090 1579 2147 licet
1589 2094 1724 2149 Notitiam
1739 2097 1828 2152 Urbis.

129 2186 179 2252 gat,
193 2194 210 2236 a
224 2179 354 2248 nemine,
369 2180 446 2249 quod
462 2179 562 2250 sciam,
575 2175 814 2247 exscriptoribus
831 2173 956 2230 instim-
1043 2176 1070 2232 8.
1085 2179 1115 2233 ln
1131 2179 1239 2235 edendo
1259 2184 1381 2250 utroque
1400 2181 1539 2250 opusculo
1559 2187 1714 2240 memorato
1727 2188 1832 2243 aucto-

130 2265 753 2338 tamillorumcomparationemcnmcaeterls
762 2263 955 2321 remotissima
1009 2279 1068 2322 rem
1084 2267 1173 2323 habeo
1186 2268 1448 2325 eminentissimum
1464 2270 1643 2341 scriptorem,
1660 2283 1783 2344 eumque
1797 2288 1832 2331 ex

131 2358 257 2416 ahaetate
272 2358 403 2428 scriptis.
422 2356 632 2427 perjucundum
649 2361 724 2412 certe
737 2354 868 2411 futurum
881 2352 957 2408 arbi·
1009 2369 1092 2427 equo
1111 2356 1301 2413 venerabilem
1322 2357 1389 2413 ritae
1412 2359 1612 2430 sanctimonia,
1635 2374 1669 2416 ac
1692 2361 1832 2420 celebrem

132 2454 184 2504 tror
197 2447 365 2517 obseruare,
388 2446 554 2519 catalogum
572 2447 603 2503 in
625 2445 746 2502 basilica
760 2446 789 2500 S.
806 2442 886 2498 Pauli
902 2457 957 2498 su·
1010 2445 1107 2503 studio
1122 2449 1150 2501 et
1170 2444 1431 2515 lucubrationibus,
1449 2447 1556 2518 quibus
1575 2454 1684 2506 ueteres
1698 2450 1834 2508 Ecclesia

133 2536 277 2606 perstitem
296 2535 407 2592 indicia
422 2536 516 2592 aetatis
528 2534 677 2592 ostendere
691 2533 733 2589 vel
747 2532 838 2588 saneti
854 2531 956 2587 Leonis
1011 2533 1102 2589 libros
1112 2538 1140 2589 et
1149 2547 1229 2590 sacra
1236 2540 1418 2592 monumenta
1426 2537 1606 2595 eximiacum
1614 2538 1698 2596 laude
1707 2539 1835 2598 illustra·

133 2624 235 2698 llagni,
251 2623 299 2680 vel
318 2623 355 2680 ab
376 2625 439 2694 eius
453 2624 558 2681 saeculo
574 2637 630 2680 non
651 2622 803 2679 admodum
823 2620 954 2691 dissitae3
1011 2622 1062 2693 vit,
1086 2637 1185 2693 nempe
1199 2625 1351 2695 iosephum
1366 2626 1485 2682 Mariam
1508 2626 1689 2686 cardinalem
1707 2629 1836 2687 Thoma—
1863 2625 1872 2631 '

134 2713 305 2785 eosdemque
320 2726 457 2769 numeros
471 2726 622 2782 annornm,
640 2711 780 2768 mensium
796 2723 829 2765 ac
843 2709 957 2765 dierum
1012 2711 1098 2767 sium.
1121 2712 1173 2767 llic
1189 2713 1219 2767 in
1234 2713 1312 2769 notis
1326 2713 1361 2770 ad
1384 2715 1520 2785 antiquos
1546 2716 1646 2774 Libros
1669 2717 1834 2791 llissarum,

136 2801 238 2858 intueri
254 2802 365 2858 ibidem
378 2802 541 2875 assignatos
552 2800 738 2872 pontificibus
749 2799 895 2867 liomanis,
907 2797 957 2867 qui
1014 2801 1172 2869 praesertim
1193 2814 1257 2857 vcro
1273 2801 1308 2858 ad
1331 2802 1496 2873 capitulare
1519 2806 1739 2878 Evangeliorum
1762 2820 1837 2878 saepe

137 2890 271 2963 leguntur
282 2892 314 2947 ln
327 2892 427 2948 codice
438 2892 668 2963 octingentorum
679 2903 819 2946 annorum
833 2887 960 2944 ecclcsiae
1016 2888 1149 2957 producit
1160 2891 1325 2946 testimonia
1335 2904 1369 2946 ex
1381 2896 1650 2965 utroqueopusculo
1662 2902 1836 2956 memorato·

138 2979 336 3053 Pergamensis
356 2994 444 3051 supra
464 2985 619 3037 memorato
636 2992 713 3035 num.
735 2977 762 3050 3,
786 2980 819 3048 ll,
835 2977 961 3047 aliisque
1015 2978 1056 3033 Ex
1070 2978 1168 3034 codice
1180 2979 1492 3054 scilicetliinsidlensi,
1507 2986 1654 3056 complexo
1668 2986 1816 3060 descriptio

141 3070 413 3141 parisantiquitatis
428 3068 503 3126 infra
516 3069 693 3141 exponendis
706 3069 736 3124 in
750 3053 1000 3124 nostraUlsser·C
1017 3080 1080 3123 nem
1105 3069 1254 3140 regionum
1279 3069 1406 3140 Urbis,et
1425 3072 1627 3132 collectionem
1647 3077 1840 3138 Romanorum

140 3163 244 3218 tatione
258 3173 340 3217 num.
354 3157 398 3229 12,
412 3174 476 3232 qum
491 3173 547 3217 non
559 3160 633 3216 duos
645 3164 756 3215 tantum
769 3159 895 3228 potiores
906 3155 963 3211 ca-
1018 3157 1249 3228 inscriptionem,
1265 3172 1340 3216 nono
1353 3161 1462 3217 christi
1479 3164 1585 3221 seculo
1600 3166 1629 3222 in
1645 3166 1720 3224 Urbe
1734 3174 1843 3239 specta·

142 3249 258 3322 talogos,
275 3249 324 3305 sed
342 3248 472 3319 reliquos
485 3249 573 3305 etiam
586 3248 761 3318 considerat,
777 3245 965 3316 pluriumque
1020 3246 1144 3315 bilium3
1160 3253 1188 3305 et
1200 3262 1234 3304 ex
1244 3250 1354 3305 Notitia
1364 3249 1459 3319 Urbis,
1470 3265 1486 3308 a
1497 3254 1645 3311 Willelmo
1656 3256 1844 3314 llalmesmu-

141 3337 382 3409 comparationem
395 3337 536 3409 instituit,
550 3342 578 3393 et
590 3350 703 3407 causas,
718 3335 748 3392 ni
764 3333 860 3406 fallor,
872 3333 966 3404 aperit
1022 3337 1112 3393 riensi
1127 3337 1234 3394 inserta
1245 3337 1296 3393 lib.
1310 3353 1342 3395 ιιι
1353 3355 1411 3395 suae
1422 3341 1555 3397 Historiae
1568 3343 1662 3413 gentis
1672 3343 1841 3415 dnglorum.

143 3426 200 3495 eins
228 3426 415 3484 diversitatis
443 3440 506 3497 quae
537 3426 568 3482 ln
596 3424 725 3482 numeris
753 3421 968 3493 chronologicis
1057 3428 1118 3483 Non
1135 3427 1207 3483 levia
1222 3442 1287 3484 vero
1300 3429 1463 3499 adjumenta
1476 3431 1616 3485 censenda
1626 3435 1694 3485 snut
1704 3429 1738 3485 ad
1752 3431 1844 3487 decla·

142 3517 278 3573 mcurrit.
1023 3516 1127 3571 randas
1142 3515 1292 3586 plerasque
1311 3520 1404 3585 partes
1418 3515 1514 3584 operis
1526 3515 1709 3573 Anastasiani
1731 3532 1763 3575 ea
1781 3533 1845 3591 qum

169 3602 195 3660 i.
212 3606 267 3662 llis
282 3605 373 3662 veluti
389 3607 586 3675 Prolemmenis
605 3608 738 3663 Notcrum
752 3602 849 3661 conati
865 3615 968 3658 sumus

145 3694 242 3750 addere
257 3695 440 3765 mantissam,
458 3695 597 3751 nonnulla
612 3694 725 3750 scilicet
745 3693 887 3763 opusculo,
905 3689 970 3759 ple-

146 3783 237 3854 risque
258 3783 338 3841 l'itis
360 3783 543 3840 illustrandis
564 3787 736 3854 opportuna,
757 3786 785 3836 et
800 3792 856 3836 non
873 3778 970 3833 mirans

145 3870 289 3944 brevitate,
316 3885 402 3943 quarn
424 3872 609 3944 antiquitate,
629 3870 794 3942 spectanda,
810 3881 874 3925 cum
891 3867 922 3922 in
938 3880 982 3928 ea¹

145 3962 265 4034 digitum
289 3962 439 4018 intendere
456 3963 563 4032 saepius
582 3960 737 4017 debeamus
757 3960 792 4015 ad
809 3957 970 4029 colligenda

146 4051 314 4109 documenta
330 4065 425 4109 rerum
442 4052 472 4107 in
489 4051 563 4108 Vitis
580 4054 812 4107 memoratarum.

174 4142 308 4199 Primum
318 4140 490 4211 opusculum
502 4140 554 4197 hoc
566 4153 667 4196 nomen
680 4136 810 4210 praefert:
820 4137 970 4206 Descriptio

147 4232 284 4299 reqionum
310 4230 400 4285 Urbis.
417 4231 467 4286 Est
487 4234 581 4286 autem
607 4228 735 4285 recensio
760 4228 970 4298 prucipnorurn

149 4317 270 4376 locorum
289 4317 532 4389 memorabilium,
553 4318 652 4374 dextra
673 4315 799 4387 levaque
813 4328 972 4372 occurren·

1023 3616 1058 3658 ex
1072 3603 1221 3673 opusculis
1236 3603 1373 3659 indicatis
1383 3602 1616 3673 proficiscuntur.
1631 3606 1700 3662 cum
1713 3609 1790 3664 enlm
1803 3623 1848 3667 as·

1025 3692 1192 3763 signeturin
1202 3691 1329 3763 singulis
1340 3690 1427 3747 ferme
1439 3693 1625 3762 pontificibus
1637 3709 1738 3752 nornen
1749 3712 1849 3755 coenre·

1026 3781 1091 3838 terii
1107 3795 1164 3851 quo
1175 3785 1242 3836 sunt
1255 3780 1408 3852 reconditi,
1418 3794 1451 3836 ex
1466 3781 1513 3837 his
1526 3783 1704 3842 testimoniis
1715 3785 1769 3841 add
1775 3786 1845 3843 isci-

1026 3885 1090 3927 mus
1103 3870 1308 3926 indicalionem
1318 3873 1423 3925 certain
1437 3871 1600 3927 eorumdem
1615 3873 1740 3943 sepulcri
1753 3889 1786 3930 ac
1795 3876 1849 3933 de-

1027 3959 1192 4030 positionis.
1216 3958 1245 4014 si
1269 3958 1336 4029 quis
1356 3962 1450 4015 autem
1476 3966 1587 4029 reputet
1609 3976 1694 4032 quarn
1719 3965 1848 4034 proxime

1027 4054 1178 4105 nectantur
1192 4052 1289 4104 aetates
1311 4047 1492 4118 singulorum
1515 4057 1774 4120 monumentorum,
1794 4053 1848 4110 hoc

1026 4144 1069 4194 est
1083 4137 1225 4205 codicum,
1243 4136 1421 4207 picturarum
1437 4141 1465 4191 et
1481 4136 1715 4209 inscriptionum,
1732 4155 1795 4210 qum
1809 4141 1845 4198 ad

1026 4227 1158 4282 tuendam
1171 4232 1199 4280 et
1211 4226 1432 4281 conservandam
1443 4225 1544 4281 seriem
1558 4232 1586 4282 et
1598 4227 1665 4283 Acta
1680 4230 1847 4298 pontificum

1026 4315 1204 4383 colliguntur
1218 4329 1252 4369 en
1265 4319 1368 4384 quarto
1377 4314 1485 4370 Christi
1499 4317 1613 4386 sarculo,
1629 4331 1686 4388 quo
1696 4317 1849 4391 Catalogus

149 4408 226 4476 tium,
242 4411 307 4465 tum
324 4408 401 4464 intra
416 4421 515 4464 muros
530 4407 612 4463 urbis
627 4408 731 4476 Roma,
746 4411 806 4462 tum
823 4407 852 4461 in
869 4404 970 4460 subur·
985 4413 1011 4473 p)
1029 4403 1564 4472 tiberianuscontenebatur,adseriem
1574 4408 1738 4474 perductam
1749 4409 1851 4479 quinto

149 4493 235 4566 lanis,
248 4497 335 4566 juxta
346 4497 466 4552 ductum
479 4497 603 4567 viarum,
620 4509 691 4566 quas
716 4493 848 4563 opusculi
868 4499 969 4548 auctor

150 4585 177 4639 ad
191 4586 287 4641 instar
300 4585 388 4640 breuis
405 4586 555 4647 ltinerurii,
572 4598 623 4640 seu
637 4583 844 4653 Topoprcphirae
860 4581 970 4635 Tabulae

152 4672 253 4731 litteris
265 4675 478 4731 commendavit
491 4688 567 4730 nono
578 4673 686 4730 Christi
699 4671 804 4728 saeculo
816 4672 894 4725 circa
906 4678 970 4726 seta-

152 4768 200 4818 tem
212 4763 409 4820 caroliCalvi.
421 4763 490 4819 lnde
500 4763 577 4819 enim
586 4763 685 4834 colligi
701 4766 794 4832 potest
805 4760 886 4816 locus
898 4772 971 4814 com-

154 4851 275 4919 plurium
298 4852 406 4911 edium
426 4866 584 4924 sacrarum,
609 4866 717 4910 necnon
742 4849 971 4907 coemeteriorum

154 4948 313 4998 unctorum
334 4948 503 5014 martyrum,
520 4943 683 5000 tumeliam
703 4939 918 4997 nomenclatura
940 4951 973 4992 ac

154 5030 305 5102 dispositio
318 5033 480 5089 illustrium
491 5032 577 5088 Urbis
587 5035 834 5089 ornamentorum:
849 5041 911 5098 quac
926 5039 974 5095 per

155 5133 207 5177 em
222 5127 338 5179 :etatem
355 5123 481 5178 nondum
497 5120 678 5191 labefactata,
694 5120 779 5176 hodie
793 5123 888 5174 autern
904 5130 974 5188 par-

157 5211 431 5283 timdlrnta3partim
441 5207 972 5283 praeservata.obscuritatisquidpiarn

159 5302 308 5358 retinerent
327 5302 357 5357 in
373 5306 454 5357 textu
470 5300 628 5371 hnastasil,
650 5299 708 5355 nisi
726 5299 814 5368 hujus
828 5298 974 5353 itinerarii

159 5391 283 5449 subsidio
295 5391 525 5448 illustrarentur.
535 5389 713 5460 opuseulum
724 5389 910 5458 reperitsupe
919 5387 978 5444 lau·

161 5477 978 5539 datusneterumcodicumvindexllabllloniuslnbiblio-

1030 4491 1135 4549 saeculo
1150 4492 1179 4546 in
1191 4491 1314 4561 picturis
1325 4491 1489 4548 basilicas.
1501 4492 1583 4548 Pauli
1595 4494 1630 4550 ad
1643 4496 1789 4565 proximos
1797 4498 1851 4554 de-

1025 4596 1152 4638 cessores
1168 4582 1196 4637 S.
1213 4581 1315 4637 Leonis
1331 4582 1436 4653 blagni,
1459 4586 1517 4636 tum
1534 4582 1568 4638 ad
1589 4585 1746 4641 secundnm
1762 4587 1850 4643 cata-

1026 4674 1121 4745 logum
1138 4670 1365 4727 suhlnstiniano
1381 4672 1457 4726 cirea
1474 4671 1600 4728 medium
1611 4673 1709 4730 seculi
1723 4677 1807 4745 sexti,
1820 4683 1849 4731 ct

1026 4763 1060 4819 ad
1076 4761 1241 4818 corbiensis
1255 4760 1366 4817 codicis
1379 4760 1545 4833 catalogum
1561 4762 1669 4834 vigilio
1684 4764 1821 4834 aequalem
1836 4780 1844 4833 3

1029 4852 1096 4907 binc
1111 4862 1176 4904 vero
1189 4848 1224 4902 ad
1240 4846 1361 4903 alterurn
1376 4848 1559 4905 corbeiensis
1579 4850 1614 4905 ad
1631 4851 1713 4905 fluent
1729 4851 1846 4921 septimi

1028 4938 1125 4995 saeculi
1138 4936 1322 5006 subconone,
1334 4941 1362 4992 et
1371 4937 1405 4993 ad
1419 4938 1536 4993 initium
1548 4939 1640 4994 oomni
1651 4938 1705 4994 sub
1715 4940 1815 5012 Sergio
1824 4944 1850 5000 ll

1028 5033 1056 5084 et
1068 5030 1173 5083 toanne
1188 5027 1221 5081 Vl
1236 5025 1427 5096 perscriptum
1442 5043 1449 5094 3
1464 5031 1525 5080 turn
1539 5027 1573 5082 ad
1589 5027 1723 5085 notitiam
1737 5031 1849 5088 codicis

1029 5113 1850 5185 Einsidlensisnonismcnlitetatempraeseferentisatten·

1030 5207 1079 5261 dat
1093 5225 1100 5276 3
1116 5211 1143 5261 et
1158 5204 1319 5260 consideret
1336 5204 1558 5275 descriptionem
1574 5206 1660 5263 Urbis
1682 5209 1848 5277 productam

1032 5298 1108 5352 circa
1131 5296 1214 5350 tinem
1235 5295 1378 5350 undecimi
1399 5295 1497 5350 saeculi
1518 5296 1553 5351 ab
1577 5296 1717 5354 historico
1731 5298 1851 5355 llalme-

1033 5385 1188 5444 smurlensi
1201 5403 1208 5455 3
1222 5384 1248 5439 sl
1264 5383 1325 5456 has,
1343 5385 1470 5455 inquam,
1485 5386 1681 5442 successiones
1694 5391 1809 5444 aetatum
1824 5396 1853 5447 et

1033 5477 1163 5534 codicum
1173 5472 1855 5545 aequaliumplaceatattcndere.nemononvidet

164 5553 977 5639 thecamunasteriiEinsidlens'tsinlletnctla,compacturn
1030 5567 1066 5623 ab
1081 5565 1159 5620 lrlsce
1173 5565 1375 5634 monumentis,
1394 5579 1457 5634 quae
1477 5564 1639 5634 synchrono
1652 5574 1721 5622 sunt
1738 5570 1852 5625 auctori

371 5681 488 5736 Parnon.
508 5676 641 5736 cxliiii.

1698 5671 1715 5730 l
