3892 6136
151 324 229 383 titii
599 333 756 389 HISTORIA
771 335 815 389 DE
833 334 920 389 vlits
939 335 1023 390 aba.
1045 334 1141 390 PONT.
1158 367 1193 376 —
1204 337 1232 392 S.
1252 337 1418 393 cialibus.
1790 341 1860 400 ⁴078

147 457 192 530 ac
217 449 408 509 auscitanus.
438 466 470 536 ac
496 454 619 524 denique
643 456 781 527 Albanus,
809 457 860 526 qui
885 455 1023 514 omnesA
1039 459 1138 512 sertim
1154 459 1274 530 Eugenii
1293 461 1393 529 Quarti
1416 460 1609 531 quindecima,
1625 461 1739 516 etSisti
1755 460 1857 531 Quinti

148 522 243 601 eliani
268 529 381 604 exstant
398 524 547 608 hodieque,
567 533 668 593 iiraiter
688 529 882 598 episcopatum
898 527 982 582 stivae
1037 529 1286 601 quinquagesima,
1304 546 1366 600 quac
1383 533 1544 587 universam
1558 532 1637 586 Sacri
1650 531 1770 603 Collegit
1783 547 1858 588 sum·

148 586 300 673 Candida,
315 608 364 663 qui
379 594 488 677 obeius
503 597 602 665 oppidi
618 597 840 669 infrequentiam
850 614 914 654 cuin
927 600 982 653 Ec·
1037 612 1109 654 mani
1126 604 1345 671 septuagenario
1362 615 1479 658 numero
1492 603 1619 671 capitum
1633 603 1773 670 delinivit,
1791 616 1860 672 quo-

147 659 243 716 clesia
257 664 407 720 Portuensi
419 668 590 750 auctoritate
602 669 712 725 Callisti
727 671 849 727 Secundi
860 670 980 738 coaluit,
1035 684 1098 725 rum
1114 685 1163 725 sex
1177 673 1305 742 episcopi
1321 673 1491 729 cardinales.
1514 672 1730 745 Quinquaginta
1748 674 1859 743 presby-

148 734 312 804 eademque
329 736 365 790 ιιι
384 750 469 819 causa
492 740 619 795 Ostiensi
641 742 744 796 deinde
760 743 893 797 Ecclesiae
907 740 981 796 sub-
1035 742 1100 808 teri,
1124 743 1238 798 diaconi
1262 758 1327 799 iero
1348 744 1566 814 quatuordecim
1589 750 1766 799 crearentur.
1788 745 1854 798 Tam

149 809 271 859 ventum
285 814 328 860 est
343 809 436 864 unitis
451 809 542 865 eidem
553 812 588 865 ab
604 814 644 866 Eu
665 813 730 868 enio
745 812 978 868 Tertioveiiiris.
1035 813 1209 883 Eugeniana,
1222 815 1295 869 iiihil
1307 816 1342 869 de
1355 828 1473 870 numero
1483 815 1634 880 ιιιιιιιιιιιι,
1648 829 1733 884 quam
1744 815 1857 871 sixtina

149 872 184 928 lu
197 872 252 929 hac
263 877 359 932 eadem
377 880 558 936 lateranensi
573 880 704 953 basilica,
719 885 768 953 qui
782 899 838 939 rem
851 884 978 939 divinam
1034 883 1077 937 sic
1089 897 1154 939 eum
1169 885 1374 953 determinans,
1390 887 1497 942 diserte
1512 887 1624 947 docent,
1641 891 1672 940 in
1685 897 1858 956 quacunque

147 941 399 1030 facerent,·odicia
414 951 524 1020 divina,
543 953 685 1024 horasque
700 958 854 1011 canonicas
868 953 980 1024 persol-
1035 967 1146 1009 numeri
1158 957 1294 1011 uarietate
1306 971 1355 1025 pro
1367 957 1729 1026 temporisopportunitatc
1739 970 1754 1010 a
1764 957 1859 1012 deces-

149 1024 265 1100 serant,
285 1033 306 1072 ii
323 1020 392 1102 olim
415 1030 497 1079 erant
513 1025 592 1092 prior
611 1034 638 1080 et
657 1027 790 1081 canonici
806 1026 902 1081 Sancti
917 1026 981 1080 du·
1035 1026 1151 1080 soribus
1161 1028 1304 1093 ordinata,
1319 1029 1493 1084 sacerdotale
1509 1029 1561 1083 hoc
1574 1029 1740 1097 synedrium
1753 1027 1860 1097 princi·

147 1095 277 1157 qustiui.
290 1092 359 1145 Dein
372 1092 431 1147 hac
443 1096 540 1149 munia
553 1095 704 1152 abiverant
713 1096 980 1167 archipresbyteret
1036 1097 1217 1165 pisomnium
1226 1098 1711 1171 Ecclesiaespecimcnexhiberotam
1723 1104 1857 1168 prusian-

144 1159 525 1242 westarmannomarcha
539 1167 726 1234 beneficiatis,
738 1168 905 1238 capellanis,
919 1167 981 1221 cle-
1035 1168 1141 1223 tissimi
1158 1169 1285 1223 virorum
1301 1178 1391 1225 catus
1408 1172 1435 1225 iii
1454 1170 1558 1240 populo
1571 1183 1668 1225 rerum
1682 1170 1732 1224 Dei
1746 1169 1856 1225 cultum

147 1231 235 1300 rlcis,
255 1234 431 1295 cantoribus.
446 1238 552 1293 etaliis
566 1240 710 1294 ministris
725 1255 797 1310 qnos
816 1238 979 1295 Bonitacius
1036 1239 1162 1308 protesso
1177 1240 1252 1308 apud
1267 1240 1452 1312 Synagoeam,
1469 1243 1584 1311 quando
1599 1240 1653 1295 sub
1666 1241 1759 1309 lloyse
1775 1240 1858 1308 ejus·

147 1313 226 1373 papa
241 1300 363 1360 Octavus
378 1308 528 1363 canonicis
545 1311 726 1380 regularibus
741 1312 841 1379 ejectis
854 1309 978 1370 suffecit,
1035 1323 1090 1379 quc
1118 1311 1255 1382 legitimis
1284 1306 1501 1368 successoribus
1533 1313 1698 1382 apostoticae
1722 1310 1856 1366 Ecclesia

147 1378 184 1427 ιιι
210 1372 287 1428 inira
308 1376 449 1432 dicemus.
471 1380 568 1435 Exstat
593 1383 621 1435 in
644 1382 774 1437 archivio
797 1379 978 1436 lateranensi

145 1447 361 1528 autographum
377 1448 537 1506 litterarum
556 1453 699 1507 anastasii
714 1454 814 1520 Quarti
831 1454 929 1506 ilatum
943 1451 979 1504 dc

145 1525 228 1570 anno
240 1513 319 1584 itui,
332 1519 379 1573 ubi
392 1521 481 1576 multa
490 1521 792 1578 habenturderatione
802 1521 977 1578 inserviendi

145 1584 336 1642 Lateranensi
373 1591 516 1658 Ecclesiae,
545 1608 607 1664 qus
639 1592 785 1649 reicienda
817 1592 978 1649 necessario

145 1659 266 1713 suntad
278 1662 764 1741 eaquadicimusdecardinaliiim
776 1667 977 1735 episcoporum

145 1726 354 1800 celebratione,
373 1747 435 1802 quae
452 1734 522 1790 libet
539 1736 584 1790 hic
598 1737 758 1805 subjicere:
771 1737 818 1790 Ad
830 1737 977 1803 siipqrstia

1033 1381 1141 1436 Christi
1157 1382 1274 1452 liguram
1293 1383 1430 1452 praetulit,
1445 1398 1529 1453 quam
1544 1383 1703 1439 celestium
1719 1382 1855 1437 ordinum

1034 1452 1214 1520 hierarchice,
1240 1454 1287 1506 cui
1312 1455 1402 1509 altera
1423 1469 1457 1509 ex
1483 1460 1562 1524 parte
1584 1453 1742 1521 respondet.
1772 1452 1801 1507 ln
1823 1464 1856 1506 ea

1033 1524 1241 1578 constitutione
1255 1525 1353 1580 Sixtus
1368 1525 1530 1594 duplicavit
1545 1538 1695 1581 numerum
1710 1523 1857 1593 presbyte-

1034 1608 1130 1649 rorum
1147 1608 1179 1649 ac
1194 1595 1392 1657 diaconorum,
1408 1610 1424 1651 a
1438 1597 1518 1651 Petro
1531 1604 1559 1651 et
1571 1596 1649 1651 Cleto
1665 1596 1832 1651 institutum
1847 1611 1856 1660 ς

1032 1679 1096 1719 cuin
1117 1664 1294 1734 presbyteros
1313 1667 1535 1789 quinquaffnta,
1555 1668 1692 1722 diaconos
1713 1671 1858 1737 quatuor-

1031 1737 1123 1790 decim
1149 1735 1205 1807 legi
1234 1736 1420 1792 mandaverit.
1476 1751 1604 1793 umerum
1631 1751 1746 1807 quoque
1768 1738 1857 1792 trium

144 1812 213 1851 neiat
226 1806 390 1887 auctoritate
404 1808 526 1870 fratrum
541 1814 694 1861 nostrorum
709 1808 895 1861 cardinalium
909 1808 977 1874 epis·
994 1807 1241 1885 Bepiscoporunt,
1252 1822 1334 1876 quem
1347 1808 1376 1862 ιιι
1388 1808 1592 1864 Ριιιοιιιιιιιιιῑ
1603 1808 1855 1870 bibliothecarium

145 1883 278 1939 warum
299 1887 448 1938 sancimus,
467 1883 497 1929 iit
516 1879 977 1947 easternecclesiutunqiiumprin-
1031 1878 1120 1946 duplo
1151 1879 1284 1947 majorem
1315 1879 1471 1933 reddidit:
1498 1878 1623 1935 reterens
1653 1893 1792 1934 suminam
1821 1875 1857 1932 to

144 1941 248 2008 cipalis
266 1950 352 1997 mater·
371 1952 396 1999 et
417 1947 536 2007 dontius,
562 1952 669 2002 omnino
691 1950 776 2003 libera
798 1952 833 2003 si't
857 1954 881 2001 ιι
904 1948 977 2000 nulli

140 2014 259 2094 penitus
279 2016 334 2096 nisi
353 2017 404 2069 soli
424 2020 542 2072 Roiniano
557 2023 678 2088 pontifici
694 2023 729 2073 sit
744 2020 876 2087 subjecta,
893 2024 976 2087 atquc

142 2081 233 2166 tedam
245 2089 362 2154 episcopi
374 2089 480 2141 salubri
488 2092 671 2157 prouidentia,
682 2092 768 2144 ueluti
780 2096 973 2159 cooperatores,

143 2157 173 2206 et
194 2157 295 2207 vicarii
318 2160 406 2211 nostri
426 2162 513 2228 ipsius
535 2163 698 2215 reiterabili's
721 2162 839 2215 basilica
860 2161 977 2214 utilitati

143 2227 173 2276 et
187 2223 324 2308 honestati
335 2230 507 2296 provideant.
525 2232 558 2285 Et
574 2231 659 2301 paulo
680 2231 814 2287 inferius
830 2235 913 2287 Porro
929 2247 977 2284 ce·

144 2292 319 2352 morantibus
327 2299 428 2354 ibidem
440 2304 571 2371 episcmis
583 2318 662 2356 sacia
671 2306 817 2357 missurum
831 2303 973 2364 solemnio,

142 2378 208 2418 mim
229 2367 400 2424 clericalibus
419 2375 518 2426 tunicis
535 2379 681 2442 prasertim
701 2376 771 2436 sitis,
792 2381 900 2428 cantum
919 2375 975 2426 int-

140 2442 271 2519 pcnati‘s,
290 2449 371 2509 atque
385 2458 419 2495 ea
431 2444 507 2497 uobis
520 2446 718 2513 piresbpteriim,
739 2445 895 2506 diaconum,
913 2444 975 2498 sub·

144 2505 305 2589 stamnum,
330 2518 410 2581 atque
428 2516 565 2582 acolytum
584 2531 687 2584 semper
696 2516 842 2585 prouidere
862 2517 972 2570 curetis.

142 2577 216 2630 Dein
243 2595 464 2653 unumquemque
490 2587 681 2654 praedictorum
709 2587 894 2640 cardinalium
922 2587 976 2654 epi-

142 2661 298 2718 scoporum,
325 2657 374 2722 quii
391 2665 456 2710 sunt
476 2660 506 2709 in
528 2659 691 2725 principalis
713 2659 813 2710 altaris
834 2659 975 2711 seruitium

143 2717 283 2787 ιιιριιιιιιι,
297 2727 377 2778 semel
391 2729 420 2780 in
439 2727 607 2781 hebdomada
626 2728 659 2781 de
673 2729 846 2781 alsmantia
863 2729 974 2794 reputa,

142 2795 202 2845 otc.
225 2807 276 2861 per
295 2797 369 2865 ipsos
390 2803 446 2852 uice
466 2804 561 2852 nostra
584 2800 723 2853 emendari
743 2802 899 2858 statuimus,
919 2807 974 2852 etc.

184 2880 198 2913 ir
213 2865 250 2917 ht
260 2868 372 2922 crearis
382 2868 626 2937 patriarchalibus
639 2869 754 2938 templis
768 2869 895 2924 ministri
906 2882 975 2937 sep-

144 2935 205 2987 tem
218 2943 303 3016 emat
316 2939 467 3009 assignati,
485 2953 540 2995 non
558 2941 686 3010 episcopi
703 2948 807 3009 tamen,
824 2941 872 2996 sed
891 2953 974 3009 pres-

143 2999 249 3088 byteri·
265 3010 437 3076 cardinales,
465 3011 515 3081 qui
543 3013 669 3066 universi
693 3018 775 3066 erant
796 3020 861 3067 octo
884 3024 972 3079 supra

141 3075 972 3152 viginti·.huncsiquidemnumerumconticiuntquatuor

1032 1949 1122 2003 totius
1131 1949 1250 2019 Collegii
1262 1950 1296 2003 ad
1310 1963 1402 2018 parem
1415 1951 1560 2005 seniorum
1576 1963 1725 2005 numerum
1735 1962 1751 2003 a
1763 1951 1858 2018 lloyse

1031 2019 1164 2074 allectum
1183 2021 1285 2075 i'iiiuo
1298 2022 1382 2088 jussii
1403 2021 1436 2075 ad
1454 2034 1539 2076 onera
1562 2021 1744 2090 principatus
1759 2031 1855 2075 secum

1031 2089 1166 2159 terenda3
1182 2096 1212 2146 ut
1228 2090 1338 2147 illustri
1354 2092 1451 2161 ligura
1463 2093 1637 2147 universalis
1652 2091 1784 2146 Ecclesiae
1796 2091 1854 2157 jam

1032 2168 1091 2216 tum
1107 2162 1260 2229 piramissae
1275 2161 1303 2216 in
1316 2163 1478 2217 iudaeorum
1492 2170 1574 2234 gente
1587 2163 1737 2218 catholicae
1751 2167 1855 2216 nostrae

1031 2233 1137 2287 veritas
1162 2238 1298 2301 perpetuo
1326 2233 1519 2301 responderet.
1545 2235 1638 2288 blanel
1663 2232 1755 2303 igitur
1781 2230 1855 2285 Petri

1031 2302 1187 2358 consilium
1204 2304 1233 2358 iii
1255 2303 1410 2372 multiplici
1431 2304 1620 2372 disciplinas
1639 2300 1858 2358 successoribus

1032 2387 1178 2444 uunquam
1206 2374 1371 2438 dimissum,
1398 2381 1458 2430 tum
1481 2373 1661 2430 ostendenda
1684 2371 1856 2428 Christianae

1031 2444 1201 2500 hierarchia
1222 2459 1332 2500 summo
1347 2446 1474 2514 eiusdem
1494 2445 1633 2513 antistiti,
1648 2451 1677 2499 et
1691 2443 1778 2510 capiti
1803 2443 1856 2497 hac

1030 2516 1060 2570 ιιι
1079 2517 1203 2571 itomana
1223 2516 1349 2571 Ecclesia
1369 2516 1457 2571 trium
1477 2517 1610 2570 ordinum
1632 2528 1680 2584 per
1699 2514 1854 2584 collegium

1029 2599 1163 2642 connexae
1175 2592 1203 2642 et
1220 2587 1352 2641 indicata
1366 2604 1374 2654 3
1389 2594 1449 2641 tuni
1465 2587 1630 2642 declarandi
1646 2584 1768 2654 symboli
1783 2583 1856 2638 uni-

1029 2658 1186 2725 versitatis,
1197 2654 1855 2727 mysticoinnumerosempersiqnidcatae,sire

1031 2729 1162 2796 pervices
1170 2727 1360 2783 sacerdotales
1368 2726 1493 2783 iimodo
1503 2728 1532 2783 in
1544 2726 1717 2797 presbyteris
1726 2726 1854 2793 iteratas,

1029 2800 1089 2854 sive
1107 2811 1155 2868 per
1169 2799 1331 2867 septenaria
1347 2800 1376 2854 in
1394 2798 1625 2854 hebdomadariis
1647 2794 1855 2867 partitionibus
1887 2822 1893 2835 ·

1028 2876 1139 2924 servata
1155 2875 1212 2925 tam
1231 2869 1260 2924 in
1281 2870 1457 2940 presbyteris
1471 2867 1507 2924 98
1519 2882 1604 2939 quam
1621 2870 1651 2923 in
1667 2866 1812 2937 episcopis
1823 2862 1852 2936 7,

1028 2953 1060 2995 eo
1074 2956 1128 3010 quo
1138 2941 1269 2995 diximus
1281 2942 1363 2996 modo
1373 2944 1447 3011 (qua
1458 2942 1552 3011 ripere
1562 2939 1703 2994 censenda
1712 2939 1851 2994 estetiam

1028 3011 1057 3065 ιιι
1073 3018 1220 3066 contracto
1235 3011 1267 3065 ad
1286 3011 1430 3066 senarium
1452 3022 1580 3078 numero,
1597 3010 1691 3064 adhuc
1706 3022 1772 3063 cum
1789 3008 1852 3076 ipso

1028 3079 1854 3151 pontiilcemaximoomniumcapiteseptenariumconsti·

142 3150 319 3216 septenaria,
343 3165 408 3206 cum
430 3154 506 3208 enim
528 3153 570 3207 hae
591 3153 720 3209 basilicae
735 3159 829 3208 essent
850 3152 971 3208 minoris
1026 3154 1153 3222 tuente):
1173 3164 1227 3207 ncn
1244 3151 1478 3220 discrepantibus
1495 3150 1532 3204 ab
1548 3151 1599 3205 hoc
1622 3150 1750 3219 symbolo
1765 3149 1852 3204 etiam

139 3215 311 3287 dignitatis,
331 3236 417 3291 quam
439 3224 560 3280 basilica
581 3226 789 3292 lateranensis,
811 3224 858 3278 cui
879 3191 1010 3278 deser·C

139 3286 261 3344 ciebant
274 3293 401 3363 episcopi
418 3295 591 3363 cardinales,
605 3296 669 3351 ideo
680 3295 821 3351 habebant
834 3295 972 3350 cardina-

141 3354 187 3412 les
199 3359 389 3432 presbyteros,
406 3367 440 3421 ad
458 3381 530 3436 quos
544 3367 649 3437 viginti
665 3372 728 3422 octo
744 3368 876 3423 itomanae
891 3364 972 3420 urbis

140 3427 227 3485 tituli
242 3435 431 3503 pertinebant,
445 3439 480 3493 de
496 3438 603 3507 quibus
618 3438 733 3496 titulis·
742 3452 775 3493 ac
787 3439 822 3492 de
834 3436 972 3492 cardina·

140 3496 218 3556 lium
236 3505 349 3577 origine
366 3509 552 3578 llonuphrius
572 3511 716 3564 Panrinus
733 3513 867 3564 accurate
886 3513 971 3576 atque

140 3572 258 3654 erudite
277 3579 405 3648 scripsit.
423 3599 436 3629 i>

181 3643 260 3701 lacet
286 3647 344 3704 haec
375 3650 502 3707 subicere
523 3651 676 3706 rideantur
703 3650 736 3704 ad
763 3647 969 3705 illustrandum

141 3717 256 3801 texique
285 3720 503 3777 bibliothecarii
528 3729 556 3776 ιι
579 3729 734 3792 utrumque
758 3733 910 3776 numerum
934 3716 970 3775 95

140 3790 171 3839 et
193 3783 230 3841 alo
249 3802 279 3843 in
298 3791 421 3848 dirersis
440 3793 589 3849 codicibus
608 3795 828 3863 consignatum
844 3797 968 3845 attamen

141 3854 346 3928 intempestiva
368 3863 429 3919 iore
445 3879 500 3919 non
518 3866 619 3933 judico
638 3877 736 3931 iiauca,
755 3878 817 3933 qua
839 3862 969 3918 addenda

141 3934 213 3983 sunt
225 3930 261 3985 de
276 3936 429 4001 postremis
450 3936 635 3990 incrementis
651 3935 763 3989 numeri
787 3934 970 4003 presbytero-

142 4008 221 4079 rum,
241 4003 476 4061 acdiaconorum
500 4005 694 4061 cardinalium
718 4007 849 4060 humana
870 4004 969 4059 Eccle-

142 4080 206 4152 sia,
231 4079 267 4154 'ut
290 4076 453 4133 evidentius
479 4085 598 4145 constet,
629 4078 657 4132 in
688 4077 740 4132 hac
768 4077 969 4145 designatione

142 4150 308 4213 principum
331 4149 490 4203 sanctuarii
515 4149 631 4218 perinde
653 4162 685 4203 ac
711 4149 739 4202 in
764 4147 821 4202 alia
844 4146 969 4216 qualiter

140 4216 306 4284 vetustiori,
317 4231 350 4273 eo
359 4232 469 4289 semper
479 4220 603 4275 consilio
614 4233 681 4275 usos
693 4220 766 4274 Petri
778 4231 967 4287 successores,

140 4288 176 4338 ut
191 4284 345 4357 imaginem
364 4291 453 4346 totius
468 4291 671 4346 ecclesiasticae
694 4290 863 4345 hierarchia
885 4302 969 4356 speo-

140 4356 259 4411 tandam
282 4360 452 4417 exhiberent
474 4361 609 4417 tidelibus
629 4364 659 4416 in
679 4362 806 4417 Romano
823 4360 966 4431 pontilice,

140 4438 200 4510 una
212 4440 276 4482 cuin
288 4445 341 4487 suo
352 4434 463 4488 urbano
474 4433 661 4503 presbyterio,
672 4433 732 4487 sive
743 4445 824 4487 sacro
834 4431 967 4502 collegio,

138 4507 174 4551 es
193 4499 296 4581 iisdem
313 4505 472 4558 sanctuarii
498 4504 690 4573 principibus,
715 4503 869 4572 episcopis,
887 4515 968 4570 pres-

138 4566 267 4653 byteris,
287 4573 420 4630 diaconis
439 4576 639 4631 cardinalibus
661 4576 831 4630 constituto.
852 4575 880 4628 ld
902 4587 968 4630 iero

139 4652 330 4710 perspicuum
345 4645 376 4699 ιιι
388 4660 422 4701 ex
439 4647 600 4716 pontificiis
614 4646 885 4713 constitutionibus,
903 4660 971 4715 prai-

1024 3223 1157 3278 diaconis
1169 3221 1378 3288 cardinalibus,
1389 3221 1518 3289 duplicis
1528 3220 1682 3288 septenarii
1697 3231 1848 3285 summam,

1026 3300 1087 3349 tum
1103 3294 1153 3348 diu
1165 3298 1241 3359 ante,
1260 3293 1301 3348 ιιιι
1314 3292 1414 3347 Sixtus
1428 3297 1535 3357 narrat,
1550 3298 1610 3346 ιιιιιι
1623 3289 1659 3344 ab
1674 3289 1758 3345 illius
1772 3289 1851 3344 Con-

1027 3365 1180 3420 stitutione
1201 3361 1421 3432 complentibus.

1355 3450 1514 3507 CthONll.
1552 3509 1557 3515 ,

1062 3543 1147 3598 blitea
1172 3539 1197 3596 l.
1222 3571 1260 3581 -
1282 3542 1331 3594 Hic
1353 3557 1387 3595 eac
1414 3540 1599 3610 praeceptali.
1633 3540 1703 3593 Petr.
1732 3539 1850 3606 triplicia

1025 3616 1145 3686 quinque
1167 3614 1338 3682 presbyteros
1359 3613 1507 3665 ordinauit.
1533 3610 1641 3679 CletuS,
1666 3609 1851 3680 praecipiente

1025 3687 1055 3742 li.
1073 3687 1162 3751 l‘etro,
1186 3697 1250 3739 cum
1270 3684 1458 3752 coepiscopus
1475 3690 1502 3738 ιι
1521 3683 1671 3751 coadjutor
1685 3682 1748 3750 ejus
1764 3685 1849 3749 esset,

1024 3756 1269 3828 vigintiquinque
1282 3754 1459 3824 presbyteros
1470 3754 1614 3809 ordinarit
1627 3754 1654 3807 in
1668 3752 1739 3808 urbe
1749 3751 1848 3820 Roma,

1023 3836 1051 3884 et
1065 3827 1118 3883 sub
1134 3829 1197 3895 ejus
1214 3827 1381 3894 pontificatu
1403 3825 1528 3880 secunda
1543 3838 1559 3879 a
1575 3824 1739 3879 Domitiano
1755 3823 1851 3890 impe-

1025 3905 1118 3954 ratore
1138 3900 1167 3953 in
1187 3898 1369 3952 Christianos
1390 3895 1551 3965 persecutio
1571 3896 1721 3962 suscitata,
1744 3894 1773 3948 in
1793 3905 1849 3962 qua

1023 3973 1131 4025 Nereus
1142 3976 1169 4024 et
1181 3968 1329 4024 achilleus
1341 3967 1469 4038 relegati,
1487 3967 1654 4036 martyrium
1668 3965 1745 4035 passi
1756 3962 1847 4018 tuere.

1024 4044 1057 4096 Et
1080 4043 1193 4094 demum
1218 4038 1421 4094 sanctissimus
1442 4036 1569 4107 pontifex
1590 4051 1653 4093 cum
1676 4037 1798 4091 sedisset
1819 4035 1850 4088 in

1025 4111 1193 4182 pontificatu
1215 4123 1305 4165 annos
1326 4107 1370 4177 ia,
1390 4122 1499 4165 menses
1518 4106 1546 4176 i,
1569 4108 1632 4163 dies
1648 4106 1675 4173 i,
1695 4106 1731 4162 ab
1752 4105 1848 4163 eodem

1023 4183 1188 4239 Domitiano
1203 4181 1340 4251 martyrio
1355 4187 1511 4236 coronatus
1523 4185 1567 4235 est
1580 4192 1609 4233 ιιι
1624 4179 1687 4234 llal.
1703 4177 1784 4234 llaii.

1383 4269 1487 4326 Pilati.

1058 4361 1144 4417 Llnea
1166 4357 1191 4414 ι.
1209 4391 1246 4401 -
1264 4361 1308 4414 Ec
1327 4365 1459 4430 praecepto
1477 4360 1508 4413 B.
1531 4359 1607 4412 Petri
1624 4356 1660 4414 35
1680 4357 1849 4426 presbyteros

1022 4434 1170 4486 ordinauit.
1184 4433 1223 4486 Ex
1237 4432 1412 4501 praeceptos.
1430 4432 1503 4485 Petri
1515 4430 1619 4499 viginti
1632 4429 1762 4510 quinque
1775 4440 1851 4494 pres·

1023 4505 1137 4574 byteros
1157 4504 1307 4559 ordinasse
1330 4504 1359 4556 in
1383 4502 1453 4556 urbe
1476 4502 1563 4556 homa
1585 4499 1695 4555 dicitur
1718 4511 1746 4552 iu
1773 4496 1849 4553 libro

1023 4574 1196 4638 continenti,
1206 4576 1234 4629 id
1247 4580 1290 4628 esi
1300 4572 1401 4627 Urbem
1412 4572 1441 4626 in
1450 4571 1569 4626 totidem
1579 4569 1729 4640 parochias
1737 4567 1849 4622 distin-

1023 4647 1111 4702 sisse.

715 4916 778 4984 tv.
818 4914 1007 4986 sancitis
1044 4911 1254 4983 cubueris,

666 5085 754 5129 anno
775 5083 903 5128 cunisri
924 5065 975 5138 93,
998 5061 1329 5124 D0n11r1iib111a112.10.

284 5316 313 5376 4
335 5314 498 5394 Clemens,
542 5316 680 5379 natione
724 5319 907 5392 Ennianus,
948 5316 988 5378 de
1028 5314 1166 5394 cepione
1208 5309 1419 5375 caeliomonte
1452 5318 1467 5348 ι
1495 5323 1536 5368 ea
1566 5308 1671 5387 patre
1707 5303 1854 5367 Fausti-

227 5431 282 5489 no.
322 5414 411 5476 sedit
453 5430 561 5476 annos
597 5431 646 5492 ix,
692 5430 820 5476 iiieiises
852 5431 886 5490 11,
919 5413 991 5475 dies
1025 5429 1051 5473 x
1076 5411 1101 5470 b.
1127 5410 1213 5472 Fuit
1255 5410 1369 5470 autem
1418 5402 1623 5486 temporibus
1673 5400 1783 5466 aeica
1821 5410 1855 5471 et

231 5511 434 5591 Vespasiani
452 5523 476 5590 0,
498 5527 519 5573 a
544 5510 726 5575 coiisalatu
749 5510 901 5588 Traiani
922 5512 954 5571 et
978 5508 1099 5591 Italici
1123 5523 1230 5587 iisque
1254 5504 1499 5586 Vespasianum
1516 5519 1554 5564 rx
1570 5503 1602 5564 ct
1618 5500 1736 5562 Τιιιιιιι
1749 5497 1774 5559 d.
1791 5498 1856 5561 Hic

718 5653 859 5696 nonnum
877 5651 1090 5696 sinnaritanus
1112 5650 1282 5694 rannon'ri.

181 5772 200 5802 ε
228 5761 257 5816 lt.
286 5759 365 5814 catii
397 5761 512 5815 montis.
531 5759 545 5800 b
567 5760 598 5821 B,
619 5774 655 5814 m.
678 5758 704 5828 6,
729 5760 757 5815 d.
779 5758 875 5826 aab,
900 5761 1060 5821 Domitiani,
1085 5759 1181 5815 Neruae
1203 5762 1229 5811 et
1257 5756 1384 5827 Traiani.
1402 5752 1416 5795 d
1435 5755 1465 5807 B.
1487 5758 1512 5807 et
1531 5751 1689 5808 Glabrionis
1711 5749 1854 5820 usquead

144 5832 269 5899 vinarii
292 5834 329 5887 ill
347 5838 372 5886 et
392 5834 536 5888 Frontonis
558 5832 604 5886 ιιι.
