3892 6136
117 325 194 383 toss
520 308 528 315 “
556 332 716 401 utsromx
734 342 779 396 ns
798 341 885 397 vans
903 342 988 399 nou.
1012 343 1109 399 conr.
1131 375 1166 385 -
1182 347 1211 402 s.
1230 347 1399 404 cususns.
1762 349 1832 409 roso

117 449 187 520 lem,
199 458 227 507 et
239 453 275 508 ob
287 457 403 538 propria
417 461 568 528 merita,et
583 461 721 519 Corintho
737 465 853 519 Romam
872 462 947 517 mis·
960 463 988 519 Α
1005 465 1074 520 blaa.
1096 472 1124 522 et
1141 467 1260 523 Thuano
1282 482 1345 540 pag.
1374 466 1435 539 l33,
1460 470 1491 525 in
1514 471 1661 527 vitaliano
1681 472 1831 543 sequentia

116 537 156 578 su
170 541 196 587 ιι,
216 532 248 580 ut
264 540 398 612 unryersa
413 531 501 587 Panlo
517 535 716 589 renuntiaret:
735 536 782 590 sed
807 549 871 590 cum
891 541 948 589 tto·
1005 537 1088 590 verbs
1114 537 1275 594 habemur:
1296 561 1309 590 ι
1330 541 1433 595 Eodem
1458 547 1587 608 tempore
1615 543 1696 597 missi
1723 551 1790 599 sunt
1815 559 1829 597 a

117 608 196 650 mam
204 606 353 679 perman,
367 615 424 669 yam
444 610 550 687 martyr
566 605 677 661 obierat
692 607 807 671 Paulus,
836 614 863 661 et
881 606 949 661 Cle·
1007 607 1148 664 vitaliano
1159 624 1228 679 papa
1240 612 1268 664 in
1280 612 1437 666 Britanniam
1450 612 1618 668 Theodorus
1630 613 1833 683 archiepisco-

119 673 211 722 mentt
222 671 374 737 epistolam
387 673 476 756 dedit.
490 690 539 745 qur
551 690 601 759 pro
610 685 742 745 suscepto
754 691 870 733 munere
883 677 950 746 epi-
1006 693 1069 747 pus,
1085 687 1113 734 et
1125 681 1376 749 hdrianusabbas,
1388 683 1686 753 utriquedoctissimi,
1705 686 1754 755 qui
1771 686 1831 754 pln-

117 738 225 794 stolam
239 741 394 825 Fortunato
409 745 499 827 dedit.
516 747 626 803 addrtis
656 748 809 817 preboet
824 748 948 816 Valerio,
1006 750 1094 805 rimas
1120 752 1257 807 ecclesias
1283 753 1441 819 bogiorum
1465 755 1606 810 doctrina
1630 756 1832 811 ecclesiasticae

118 810 687 898 quoslegatronrssoctosClemensvocat
701 819 794 875 influe
806 820 947 888 epistola.
1005 819 1087 890 fruge
1101 821 1309 878 fecundarunt.
1321 825 1487 880 Theodorus
1507 827 1744 896 archiepiscopus
1765 840 1833 896 pec-

116 881 308 965 Dodurellus‚
322 900 371 954 qur
384 887 599 972 P⁰F⁰PP¹¹¹¹PP¹
615 891 736 972 accedit,
747 896 828 960 putat
843 891 949 959 episto·
1005 894 1613 965 cantinmjndicia,quantosscilicetannos
1627 911 1678 967 pro
1698 911 1833 968 unoquo-

120 951 326 1037 lamscrrptam
337 957 737 1038 ultrmtsrmpernNeronrani
748 964 950 1031 annisb'eqne
1004 972 1186 1033 quepeccato
1202 967 1270 1035 quis
1285 968 1423 1035 poenitere
1438 966 1549 1033 debeat,
1567 968 1707 1034 mirabili,
1725 982 1759 1024 ac
1770 969 1831 1024 dis·

117 1022 345 1105 aitterrnteibgr
359 1042 441 1112 posse
455 1044 471 1085 a
486 1031 629 1114 Elemente
645 1041 806 1103 susceptam
829 1035 950 1102 provin·
1004 1042 1081 1090 creta
1091 1037 1326 1092 consideratione
1339 1039 1506 1107 descripsit.
1520 1056 1533 1087 s
1548 1039 1691 1094 Similiter
1707 1040 1736 1094 ln
1756 1041 1832 1096 Gre-

118 1107 197 1149 cram
226 1106 258 1151 nt
272 1095 335 1180 loco
348 1100 427 1155 Pnub
444 1103 593 1165 scriberet,
606 1106 800 1174 responderet,
815 1111 843 1161 et
854 1105 950 1159 admo
1004 1108 1086 1176 gorlo
1103 1109 1134 1160 lll
1162 1108 1248 1162 iidem
1270 1109 1384 1165 codices
1399 1109 1504 1163 habent
1532 1123 1565 1177 pa
1586 1150 1593 1165 .
1616 1107 1689 1165 tad:
1709 1130 1722 1160 r
1740 1111 1832 1179 Euius

117 1172 214 1231 neret,
228 1176 268 1251 ‘et
284 1170 400 1252 quidem
417 1188 469 1229 suo
486 1179 514 1228 et
529 1175 661 1230 Ecclesia
675 1176 807 1231 Romana
823 1177 948 1241 tremine,
1005 1177 1185 1245 temporibus
1196 1192 1336 1234 concussa
1349 1186 1392 1234 est
1408 1181 1559 1249 provincia
1599 1194 1768 1237 omanorum
1782 1183 1831 1236 di-

120 1245 198 1292 nteo
213 1239 444 1325 tutuloscrtptam
458 1245 532 1300 dicit
543 1247 667 1301 lrenaus
678 1247 729 1300 lib.
741 1247 845 1314 m,adr
868 1246 947 1313 han,
1005 1247 1077 1302 tloni
1087 1248 1214 1316 subjecta
1227 1249 1414 1305 nefandorum
1429 1251 1692 1321 Longobnrdorum,
1704 1265 1754 1307 seu
1770 1253 1830 1322 regi

92 1323 107 1330 ·
119 1321 149 1363 c.
168 1305 213 1373 30,
230 1323 285 1365 nist
308 1327 375 1382 qma
392 1313 520 1382 pontifex
536 1326 620 1372 esset.
635 1317 677 1372 hd
694 1318 856 1387 pontificem
872 1319 948 1371 enirn
1004 1333 1102 1374 eorum
1131 1322 1308 1388 leuprando.
1336 1323 1514 1391 veniensque
1540 1324 1655 1378 Romam
1680 1325 1709 1378 in
1730 1336 1831 1392 campo

118 1385 268 1461 spectasse
279 1395 313 1464 ex
333 1388 517 1467 persuasione
533 1389 584 1442 ari
596 1389 777 1444 decurrentis
789 1388 822 1444 ad
837 1393 950 1442 exteros
1005 1391 1127 1445 Neronis
1142 1393 1264 1446 tentoria
1279 1393 1411 1457 tetendit,
1437 1392 1656 1462 depraedataque
1676 1394 1831 1463 Campania

119 1450 951 1536 orbasproxincrasscribere.etveradenuntlaresupponit
1006 1461 1112 1516 multos
1139 1461 1250 1517 nobiles
1264 1462 1299 1517 dc
1327 1463 1461 1518 llomanis
1489 1477 1565 1519 more
1581 1464 1829 1536 Langobardorum

118 1528 637 1609 antiqutsstmusscrirrtorClementi,
655 1535 686 1585 nt
703 1536 948 1598 putaturcoaevus.
1005 1533 1130 1587 totondit
1153 1538 1239 1601 atque
1256 1535 1380 1588 vestivit.
1410 1535 1541 1604 Proque
1567 1536 1611 1589 vir
1625 1536 1675 1590 Dei
1703 1535 1832 1592 undiuue

119 1593 383 1677 llermasbnats.
402 1597 950 1667 ff.3,cuilnvisi0nehacdenuntian-
1004 1602 1103 1658 dolore
1133 1604 1310 1658 constrictus
1339 1618 1435 1659 sacras
1465 1605 1558 1661 claves
1582 1618 1616 1661 ex
1649 1595 1831 1662 confessione

120 1670 189 1719 tur:
202 1666 416 1726 «Scribesduos
427 1672 550 1740 libellos,
560 1680 588 1726 et
598 1671 947 1739 mittesunumclementi,
1004 1673 1080 1729 beati
1095 1675 1169 1728 Petri
1181 1691 1206 1733 ιι
1217 1674 1303 1730 ostoli
1321 1676 1467 1745 accipiens
1482 1676 1612 1744 partibus
1634 1677 1760 1732 Francia
1774 1676 1831 1730 Ca-

119 1743 250 1820 etunnm
262 1740 385 1809 Grapte:
401 1743 791 1798 mittetClcmensinexteras
805 1743 949 1807 civitates,
1006 1745 1067 1800 rolo
1091 1745 1279 1816 sagacissimo
1302 1746 1376 1811 siro,
1397 1747 1447 1814 qui
1475 1753 1544 1801 tunc
1570 1761 1688 1816 regnum
1717 1746 1832 1818 regebat

122 1805 170 1888 tlh
184 1821 261 1862 emm
280 1814 451 1880 permissum
471 1822 523 1869 est.
534 1814 640 1881 Grapte
651 1819 745 1868 autern
756 1813 947 1869 commonebit
962 1830 989 1892 Β
1004 1817 1187 1883 Francorum,
1203 1816 1296 1871 navali
1315 1817 1419 1871 itinere
1443 1830 1492 1885 per
1518 1818 1830 1874 missossuosdirexit.

120 1878 229 1934 viduas
245 1887 274 1935 et
286 1885 441 1951 orphanos.
455 1887 495 1939 Tu
517 1892 611 1940 antem
628 1884 703 1953 leges
720 1886 749 1938 in
765 1885 816 1939 hac
831 1884 947 1938 civitate
1003 1886 1323 1956 ldemperllnastasinm
1341 1887 1829 1958 sanctissimumvirnmcpiscopum

120 1947 304 2033 (deliomana
315 1954 453 2031 innuitur,
465 1954 762 2025 utvisioaiebat)cum
772 1955 947 2019 senioribus,
1004 1970 1113 2013 necnon
1128 1964 1157 2012 et
1170 1958 1301 2027 sergium
1320 1958 1514 2027 presbyterum
1528 1959 1706 2026 postulantes
1720 1973 1736 2014 a
1753 1972 1829 2029 pra-

121 2034 176 2102 qur
191 2031 318 2107 presunt
328 2027 470 2082 Ecclesiae.
482 2046 495 2076 ι
507 2029 607 2082 Verum
619 2040 684 2081 cum
695 2025 948 2081 isaaciusVossius
1004 2027 1062 2084 fato
1081 2028 1324 2085 excellentissimo
1341 2028 1453 2089 carolo.
1480 2035 1512 2084 ut
1524 2044 1572 2084 eos
1586 2043 1602 2085 a
1615 2037 1695 2086 tanto
1709 2043 1833 2099 oppres-

123 2103 157 2145 ιιι
180 2105 367 2174 responsione
395 2100 429 2153 ad
456 2113 488 2153 ea
514 2112 576 2168 qnae
599 2096 765 2153 blondellus
780 2097 901 2168 sugillat
916 2097 945 2150 in
1004 2102 1086 2154 sione
1100 2099 1352 2170 Longobardornm
1368 2099 1512 2155 liberaret.
1530 2117 1543 2149 ι
1559 2100 1627 2169 Qua
1639 2101 1832 2170 escerptari-

122 2170 205 2218 notis
223 2165 258 2220 ad
283 2167 420 2236 epistolas
446 2170 562 2240 ignatii.
579 2168 629 2224 ubi
646 2167 747 2237 probat
766 2166 916 2236 epistolam
933 2180 947 2221 a
1003 2170 1110 2225 dentur
1124 2184 1158 2225 ex
1178 2170 1330 2225 Annalista
1354 2172 1483 2237 lietensi,
1507 2178 1535 2225 et
1544 2173 1745 2227 continuatore
1759 2171 1830 2227 Fre-

120 2231 268 2291 Clemente
283 2241 417 2307 scriptam
436 2254 503 2304 uno,
520 2247 572 2295 aut
585 2240 676 2294 altero
696 2252 772 2294 anno
784 2246 850 2294 ante
867 2252 951 2293 ever-

121 2306 421 2389 samlllierosolymam
440 2311 652 2371 :Wendelinns
671 2323 736 2364 vero
753 2309 877 2365 fervente
891 2311 951 2364 Do-

123 2384 243 2460 miti-ant
264 2384 461 2448 persecutione
476 2383 671 2438 circaannum
684 2380 729 2449 95,
749 2382 855 2436 exinde
875 2379 949 2434 nihil

121 2454 197 2504 certa
224 2463 258 2504 ex
283 2464 314 2506 ea
336 2455 500 2522 conjectura
526 2453 630 2509 deduci
657 2460 757 2522 potest.
787 2453 948 2508 Secundum

121 2519 494 2590 quodanimadvertendum
507 2529 644 2591 occurrit,
661 2523 819 2594 etquidem
836 2522 949 2582 sedulo.

122 2592 154 2673 ld
169 2598 212 2646 est
226 2591 332 2674 librum
344 2595 419 2650 bunc
436 2596 629 2651 Pontificalem
645 2608 680 2649 ex
695 2596 826 2663 antiquis
847 2593 950 2648 catalo-

144 2678 181 2729 rs,
196 2664 327 2732 qntolim
346 2667 373 2720 in
391 2667 531 2722 archiviis
547 2667 678 2722 lionranae
701 2665 832 2720 Ecclesiae
849 2673 950 2719 exsta-

165 2741 205 2802 nt,
226 2748 288 2791 esse
305 2739 472 2803 condatur,
499 2752 620 2808 quornm
647 2737 740 2806 aliqui
769 2736 948 2803 electionem,

122 2804 310 2874 aiiiobitnm,
324 2809 375 2864 alii
392 2811 590 2866 ordinationes
601 2807 699 2876 factas,
709 2807 950 2875 aliidonationes,

126 2878 190 2932 sine
202 2880 375 2948 principum.
391 2883 451 2936 sive
464 2880 640 2948 pontificum,
650 2880 711 2935 sive
725 2878 854 2934 fidelium
869 2877 951 2932 desi-

126 2949 256 3074 {naham
268 2970 274 3005 :
288 2965 321 3006 ex
343 2952 390 3006 his
409 2953 551 3008 conflatus
570 2951 715 3006 secundus
741 2949 825 3018 vulgo
852 2949 950 3004 dictus

153 3033 322 3078 omanorum
336 3024 501 3090 prontificum
517 3023 665 3092 catalogus
679 3027 810 3077 vetustus
824 3033 857 3074 ac
869 3019 952 3074 indn-

127 3092 184 3147 bia
207 3093 284 3158 fidei,
298 3095 382 3164 cujus
396 3096 481 3150 verba
496 3094 652 3162 exscripsit
671 3092 744 3148 liber
761 3090 948 3156 Pontificalis,

1004 2241 1126 2312 degarii.
1148 2241 1370 2310 posterioribus,
1386 2255 1419 2297 ac
1435 2242 1548 2297 ultimis
1562 2248 1629 2296 ante
1644 2244 1830 2297 Anastasinm

1005 2312 1355 2381 temporibusprasentem
1369 2313 1531 2381 periochem
1541 2313 1680 2382 additam,
1692 2320 1831 2369 assutam·

1005 2384 1192 2451 quesecundo
1202 2385 1279 2438 hom.
1294 2382 1610 2452 pontibcnmcatalogo,
1626 2389 1705 2451 puto,
1717 2385 1831 2454 quando

1005 2455 1137 2510 monachi
1162 2455 1255 2510 Graeci
1278 2455 1428 2510 occasione
1442 2454 1665 2521 lionothellsmi,
1689 2461 1717 2510 et
1731 2457 1833 2511 loono-

1007 2525 1157 2581 machismi
1172 2526 1313 2580 adsedem
1328 2524 1516 2594 apostolicam
1540 2524 1749 2596 confugientes,
1766 2525 1834 2594 pln-

1006 2597 1079 2650 rirna
1101 2596 1251 2665 opuscula,
1286 2610 1349 2665 qua
1374 2601 1484 2652 tantum
1511 2597 1609 2652 Gracc
1632 2596 1783 2651 exstabant
1797 2596 1832 2651 ad

1005 2666 1107 2722 Urbem
1122 2670 1299 2722 arivexerunt
1320 2667 1418 2733 ,unde
1442 2682 1475 2722 ex
1493 2667 1615 2735 epistola
1643 2667 1833 2737 supposititia

1004 2737 1203 2793 Clementisad
1213 2738 1361 2805 iacobum,
1376 2751 1439 2808 qua
1449 2738 1496 2792 bic
1510 2737 1681 2807 relerentnr,
1697 2740 1835 2808 deprom-

1006 2812 1074 2936 35ιῦ.
1088 2816 1116 2864 et
1130 2811 1229 2880 gestis,²
1239 2816 1290 2865 aut
1307 2811 1392 2877 Petri,
1409 2812 1460 2864 aut
1472 2808 1629 2864 Clementis
1641 2822 1760 2864 assuere
1777 2821 1832 2864 non

1028 2896 1044 2936 u
1068 2880 1161 2934 itavit.

1041 2952 1126 3006 Linea
1140 2951 1168 3006 8.
1183 2952 1308 3005 -Sicut
1329 2954 1354 3004 ei
1370 2954 1465 3018 suerat
1479 2968 1497 3004 u
1511 2951 1625 3005 Domino
1640 2952 1704 3005 Jesu
1726 2950 1834 3003 furato

1005 3023 1135 3076 cathedra
1149 3022 1264 3089 traditu,
1297 3022 1339 3075 uel
1365 3023 1516 3075 commisso.
1533 3021 1766 3077 consarcinatori
1781 3034 1834 3091 gc-

1005 3099 1114 3148 storum
1131 3093 1239 3161 placuit
1249 3092 1400 3162 periocheu
1416 3106 1449 3146 ex
1461 3092 1584 3161 epistola
1599 3092 1753 3147 Clementis
1765 3105 1831 3159 sup

126 3176 162 3218 ac
175 3164 281 3221 deinde
293 3167 353 3221 sine
365 3180 449 3232 nnus,
464 3167 523 3221 site
538 3166 633 3234 plnres
654 3163 736 3219 iactis
749 3161 951 3218 additionibus
965 3167 989 3229 c
1007 3165 1138 3233 posititia
1161 3165 1286 3218 inserere
1304 3162 1338 3216 ad
1354 3163 1605 3217 demonstrandam
1632 3164 1741 3217 aPetro
1758 3174 1830 3216 snc-

127 3235 160 3290 in
175 3248 237 3290 eant
260 3236 378 3293 formam
404 3237 765 3307 molemquedigesserunt,
787 3247 850 3302 qua
869 3231 951 3287 modo

127 3308 282 3363 retinetur.
298 3310 468 3365 hdditiones
484 3309 632 3378 plerasque
647 3306 737 3361 factas
754 3318 826 3371 reor,
842 3305 903 3358 sine
920 3303 949 3356 in

127 3379 288 3445 schedulis,
307 3382 403 3436 verius
417 3382 444 3435 in
461 3379 666 3449 marginalibri
686 3375 870 3443 Pontificalis,
890 3386 952 3444 qua

126 3464 194 3507 teum
209 3452 313 3506 deinde
328 3453 457 3521 aptanda
471 3451 564 3506 forent
576 3450 640 3506 suis
661 3449 743 3515 locis,
766 3447 889 3511 incuria,
901 3450 952 3498 ant

127 3525 349 3577 amanuensium
363 3523 535 3594 ignorantia.
547 3522 642 3577 evenit
652 3529 683 3576 nt
696 3518 769 3574 foeda
780 3518 953 3587 quandoque

127 3594 305 3649 interveniat
328 3601 354 3650 tr
374 3595 526 3664 nspositio,
553 3594 613 3647 sive
633 3604 706 3660 sape
723 3596 803 3644 nutet
823 3587 953 3643 historia

128 3664 212 3729 ades,
224 3666 299 3735 quod
317 3667 346 3721 in
364 3667 455 3721 Felice
470 3668 502 3721 lll
516 3664 690 3731 notabimus,
715 3661 763 3716 ubi
780 3659 861 3715 iacta
875 3659 953 3714 addi·

129 3738 308 3798 tionessuis
319 3737 636 3807 locisrestituta,gesta
647 3734 805 3790 illustrant.
822 3729 953 3786 liefactis

127 3808 332 3865 additionibus
347 3811 427 3864 vario
451 3817 586 3877 tempore,
607 3812 665 3861 eta
684 3804 808 3860 diversis
830 3816 885 3858 non
910 3811 954 3856 est

129 3880 296 3950 ambigendi
315 3882 403 3940 locus,
428 3890 456 3936 et
480 3880 595 3949 quidem
625 3884 688 3947 post
708 3876 818 3932 editum
845 3873 952 3928 librum

131 3951 339 4007 Pontificalem.
358 3954 466 4007 Etenim
483 3965 545 4006 sero
566 3948 647 4004 facta
663 3954 731 4004 sunt
742 3946 907 4001 additiones
918 3944 954 3998 de

126 4022 339 4079 donationibus
349 4022 458 4078 factisa
469 4022 604 4078 Romanis
618 4018 804 4090 pontificibus
815 4019 843 4071 in
856 4021 954 4070 nostro

128 4094 208 4150 libro
219 4094 390 4154 Pontificali.
400 4094 485 4163 cujus
497 4092 641 4159 exemplar
651 4093 691 4148 sit
704 4091 768 4146 Vita
783 4090 810 4143 S.
827 4086 951 4152 Damasi,

127 4166 217 4235 quus
232 4167 312 4234 prior
326 4180 391 4232 yrarrs
406 4166 524 4220 totidem
541 4164 636 4218 verbis
648 4162 755 4234 legitur
765 4159 907 4227 exscripta
919 4170 952 4211 ex

127 4238 193 4293 cod.
220 4237 344 4291 archivii
357 4236 486 4292 basilica
506 4236 658 4300 vttiicana,
681 4235 756 4290 unde
768 4244 828 4287 eam
842 4229 954 4296 excepit

126 4308 223 4363 editio
236 4310 390 4376 operumS.
404 4307 518 4363 Damasi
527 4308 621 4362 homa
634 4305 859 4375 publicataanno
873 4299 953 4380 ides,

127 4393 197 4449 qna
207 4385 300 4433 tannen
312 4380 501 4435 donationum
516 4379 678 4447 catalogum
695 4389 749 4430 non
764 4374 892 4439 exhibet,
910 4376 953 4425 ntr

127 4451 162 4506 iu
179 4457 278 4505 nostro
295 4450 408 4521 legitur.
434 4452 481 4506 Sic
503 4450 621 4504 donatio
636 4449 746 4516 integra
772 4442 953 4499 Constantini

128 4522 275 4577 inseritur
289 4522 317 4576 ln
334 4520 507 4592 quibusdam
521 4521 603 4576 codd.
618 4517 830 4578 Anastasianis,
852 4528 915 4583 qua
925 4514 955 4566 in

1005 3235 1173 3298 cessionem,
1191 3240 1219 3287 et
1245 3232 1434 3300 apostolicum
1455 3245 1585 3299 censum,
1599 3233 1703 3301 dequo
1721 3231 1831 3301 gloria-

1005 3305 1121 3371 bantur,
1144 3304 1233 3359 veluti
1257 3304 1292 3358 de
1313 3303 1445 3358 veritatis
1458 3309 1565 3358 tessera
1578 3302 1721 3366 Ecclesiae,
1737 3308 1765 3358 et
1778 3315 1830 3357 ca-

1006 3376 1113 3432 thedra
1123 3374 1401 3446 origineapostolira
1412 3375 1577 3429 constituta
1594 3374 1812 3457 prerogativam
1825 3389 1833 3440 3

1006 3448 1128 3503 forsitan
1142 3448 1238 3515 etiam,
1261 3455 1292 3501 ut
1308 3451 1375 3501 tunc
1390 3453 1554 3501 occurreret
1568 3459 1602 3501 es
1616 3458 1648 3500 eo
1663 3453 1750 3500 etnam
1768 3457 1831 3499 mo-

1008 3520 1065 3575 tivo
1089 3518 1203 3586 placitis
1228 3517 1539 3585 constantinopolitani
1567 3517 1708 3586 episcopi,
1736 3515 1833 3587 quiec

1008 3598 1143 3658 tempore,
1160 3601 1217 3658 qno
1231 3589 1346 3643 advecta
1365 3602 1399 3643 ex
1413 3588 1523 3643 Gracia
1539 3586 1652 3658 farrago
1678 3586 1833 3656 pseudepi-

1008 3661 1192 3733 graphorum,
1211 3661 1365 3728 primatum
1395 3660 1452 3713 sibi
1480 3658 1645 3714 vindicabat
1671 3669 1832 3727 expraro-

1008 3734 1102 3804 gativa
1116 3732 1200 3796 regia
1224 3731 1316 3785 urbis.
1332 3731 1482 3800 Quisquis,
1499 3730 1541 3785 vel
1554 3731 1657 3799 primis
1674 3730 1760 3785 labiis
1776 3741 1833 3783 an-

1009 3806 1105 3872 tiquas
1118 3803 1273 3871 primitiva
1292 3802 1426 3857 Ecclesia
1449 3802 1673 3857 consuetudines
1696 3803 1836 3926 degusta-

1008 3876 1092 3939 verit,
1106 3883 1183 3928 certo
1198 3874 1286 3941 novit,
1309 3873 1453 3928 Ecclesias
1468 3874 1561 3940 primo
1574 3879 1701 3942 tempore
1716 3888 1733 3943 g
1746 3869 1836 3926 oriari

1008 3952 1138 4001 assuetas
1149 3945 1186 4000 de
1200 3945 1313 4015 origiue
1331 3946 1498 4013 apostolica,
1516 3957 1572 4013 qua
1592 3943 1635 3998 vel
1649 3942 1772 4012 apostoli
1786 3954 1836 3996 ca-

1009 4018 1149 4082 thedram,
1166 4016 1208 4070 vel
1224 4016 1389 4085 episcopum
1406 4014 1442 4070 ab
1463 4016 1536 4084 ipsis
1560 4014 1699 4070 delectum
1723 4012 1837 4069 consti·

1010 4089 1129 4149 tuerint,
1144 4087 1179 4141 ab
1192 4087 1238 4142 his
1248 4101 1316 4141 siros
1330 4100 1435 4142 census
1459 4094 1487 4141 et
1511 4084 1656 4157 catalogos
1673 4085 1835 4141 deduceret.

1008 4158 1088 4227 Quod
1098 4160 1142 4214 sic
1153 4157 1545 4226 expressitTertullianusde
1556 4156 1717 4224 Prascrlpt.
1733 4171 1758 4211 c.
1779 4151 1834 4210 32:

1011 4252 1023 4281 ι
1043 4233 1099 4286 Eoi:
1114 4230 1191 4285 enim
1206 4231 1288 4285 modo
1306 4229 1438 4284 Ecclesia
1459 4228 1625 4298 apostolica
1649 4241 1752 4283 census
1767 4239 1836 4281 suos

1008 4302 1151 4357 deterunt.
1168 4301 1249 4356 Sicut
1270 4301 1477 4370 Smyrnaeorum
1499 4300 1627 4355 Ecclesia
1651 4298 1836 4367 Polycarpum

1010 4379 1139 4428 asancto
1163 4374 1270 4428 toanne
1296 4377 1493 4427 consecratum
1515 4369 1601 4425 refert
1615 4387 1623 4419 ι
1639 4370 1716 4423 sicut
1730 4369 1838 4422 Roma-

1011 4457 1112 4499 norum
1132 4443 1332 4498 Clementema
1348 4445 1429 4497 Petro
1443 4442 1609 4496 ordinatum
1626 4440 1738 4493 itidem.
1765 4439 1833 4492 Per-

1011 4516 1078 4570 inde
1101 4515 1212 4582 utique,
1235 4521 1263 4568 et
1280 4511 1546 4570 rateracxhibent.
1561 4522 1633 4576 quas
1645 4508 1836 4577 abapostolis

126 4592 203 4647 aliis
214 4593 371 4649 omittitur.
384 4593 493 4647 Pariter
510 4605 634 4661 praesens
647 4589 821 4658 periochede
832 4586 957 4640 Clernen·
970 4582 997 4643 D
1012 4587 1040 4640 in
1054 4586 1250 4655 episcopatum
1275 4585 1451 4638 constitutos
1461 4581 1614 4650 apostolici
1631 4581 1752 4635 seminis
1773 4586 1836 4633 tra-

128 4663 172 4719 tis
182 4662 321 4719 electione
331 4679 380 4734 per
399 4664 511 4718 Petrum
535 4662 618 4728 facta,
634 4674 697 4731 qua
713 4658 884 4713 insecundo
905 4668 956 4710 ca-

127 4734 192 4790 talo
212 4734 575 4804 comittiturinaliqnibus
585 4732 716 4788 assuitur
727 4729 815 4796 gestis
828 4729 855 4783 S.
870 4728 955 4788 Petri.

127 4807 162 4861 iu
174 4748 247 4860 afile
260 4820 336 4876 vero,
352 4807 392 4862 uti
410 4806 439 4860 iu
454 4811 551 4861 nostro
562 4805 638 4859 inter
652 4809 713 4858 acta
729 4800 883 4882 Clementis
904 4815 958 4870 po-

126 4877 224 4933 nitur.
253 4877 335 4933 Prior
353 4879 429 4932 enim
445 4877 521 4932 liber
548 4873 801 4941 Pontificalis.qn1
821 4884 854 4926 eo
870 4871 956 4927 titolo

127 4947 266 5003 exstabat
279 4962 353 5005 anno
374 4946 436 5015 650,
465 4948 614 5017 plerasque
639 4947 690 5001 bas
713 4943 877 4999 additiones
900 4954 955 4997 non

130 5019 259 5074 habebat
282 5022 416 5088 insertas,
442 5021 517 5090 qnod
545 5018 638 5074 evinci
656 5022 751 5085 posset
761 5028 795 5070 ex
811 5013 955 5084 pluribus,

127 5091 264 5161 satisque
285 5094 342 5147 erit
356 5103 587 5157 commemorare,
603 5088 678 5159 quod
696 5089 725 5143 in
745 5085 880 5141 hnaclcto
903 5086 957 5140 ha-

125 5167 229 5225 betur,
244 5164 312 5219 dnm
337 5165 367 5218 in
383 5162 557 5233 quibusdam
570 5159 722 5215 codicibus
737 5157 796 5213 bac
811 5157 894 5212 verba
913 5156 958 5212 le-

126 5242 243 5313 guntur
258 5253 265 5289 :
284 5255 297 5285 ι
313 5236 386 5291 duas
401 5238 488 5289 etiarn
502 5233 658 5289 decretales
668 5230 807 5301 epistolas
817 5230 894 5285 omni
907 5241 957 5283 sa-

125 5308 243 5382 pientia
274 5306 370 5375 plenas
396 5305 703 5374 conscripsit:»qua
729 5312 822 5358 tamen
849 5314 899 5355 nec
926 5301 955 5354 in

125 5386 243 5447 nostro,
266 5386 317 5434 aut
341 5378 370 5433 in
384 5376 618 5433 aliiscodicibus
632 5376 778 5446 leguntur,
795 5386 846 5426 nec
865 5372 955 5426 inseri

127 5456 276 5524 poterant.
291 5450 406 5520 quando
420 5449 535 5519 vulgata
548 5456 592 5502 est
607 5448 686 5516 prior
699 5444 767 5501 bbri
779 5442 956 5498 Pontificaiis

127 5523 236 5590 editio,
252 5522 301 5576 sed
319 5528 383 5590 post
398 5534 504 5575 annum
521 5517 584 5582 80o,
602 5518 717 5588 qnando
743 5516 800 5569 bac
823 5515 955 5568 decreta-

128 5597 206 5655 lium
224 5593 390 5663 pontificum
409 5592 517 5661 prioris
530 5591 722 5644 aevimercesa
737 5590 891 5640 mercatore
907 5585 956 5639 in-

127 5672 224 5732 vecta,
241 5664 385 5735 publicari
398 5665 495 5732 coepit.
508 5661 630 5715 Tandem
644 5661 673 5714 in
690 5657 864 5729 qmbusdam
876 5657 959 5711 codd.

126 5739 232 5807 aliqua
265 5736 363 5791 addita
393 5735 543 5798 habentur,
578 5745 641 5801 qnae
680 5731 776 5800 potins
810 5729 959 5784 nationum

150 5808 324 5866 uarnmdam
354 5812 424 5863 sunt
456 5808 650 5864 ornamenta:
680 5809 709 5858 et
735 5801 849 5858 additio
887 5799 960 5855 lacta

126 5826 361 5954 aeprehenditnr
375 5892 409 5934 es
424 5876 593 5935 diversitate
614 5874 695 5943 styli.
722 5876 754 5929 ln
779 5872 862 5930 codd.
880 5872 958 5943 ιιιςἸ

1010 4658 1098 4713 duces
1111 4655 1243 4709 habeant.
1264 4653 1438 4724 Consiguent
1453 4653 1509 4707 tale
1530 4651 1642 4721 aliquid
1665 4649 1834 4705 haretici.»

1010 4726 1203 4796 apostolicam
1237 4725 1465 4793 designationem
1491 4721 1629 4785 habitam,
1658 4721 1701 4776 uti
1730 4719 1836 4793 grande

1013 4798 1196 4868 privilegium
1209 4794 1334 4864 explicat
1347 4795 1505 4850 S.loannes
1519 4793 1740 4862 chrysostomus
1757 4792 1833 4846 hotta.

1012 4867 1056 4939 lb,
1083 4877 1102 4923 t.
1134 4869 1163 4934 ll,
1184 4881 1237 4938 pag
1260 4863 1323 4933 687,
1352 4866 1420 4921 dum
1445 4865 1588 4947 ignatium
1618 4869 1773 4931 martyrum
1802 4873 1836 4917 eo

1011 4943 1097 4997 etiarn
1113 4938 1200 4994 titulo
1214 4938 1404 5003 commendat,
1421 4950 1491 5005 quta
1501 4935 1687 4990 antiochena
1701 4932 1834 4988 Ecclesia

1010 5014 1037 5068 S.
1067 5013 1167 5067 Petrus
1189 5009 1308 5063 tradidit
1329 5009 1532 5076 praefecturam,
1564 5019 1616 5062 seu
1637 5007 1834 5074 episcopatum,

1012 5091 1039 5138 et
1047 5083 1128 5138 addit
1143 5099 1149 5135 ι
1167 5081 1328 5151 «quonlam
1343 5078 1386 5134 illi
1396 5080 1424 5133 in
1434 5075 1834 5146 episcopatushntiocbensis

1010 5154 1154 5226 dignitate
1169 5151 1318 5207 successit.
1334 5152 1404 5205 Nam
1429 5156 1461 5204 ut
1475 5150 1500 5204 si
1527 5149 1595 5218 quis
1615 5147 1834 5203 afnudamento
1893 5173 1896 5179 ,

1013 5238 1146 5296 magnum
1161 5223 1285 5293 lapidem
1311 5228 1402 5280 eruat,
1425 5221 1548 5275 alterum
1561 5219 1679 5274 omniuo
1695 5231 1789 5288 parem
1805 5218 1835 5271 in

1011 5300 1074 5367 ejus
1089 5297 1151 5352 loco
1165 5302 1287 5350 conatur
1298 5294 1486 5360 constituere,
1507 5291 1640 5361 alioquin
1652 5296 1743 5345 totum
1760 5288 1835 5343 adi-

1012 5370 1108 5424 dcium
1123 5366 1246 5421 labescat
1259 5369 1427 5419 etcorruet:
1442 5364 1481 5417 ita
1491 5376 1557 5418 cum
1568 5364 1667 5417 Petrus
1681 5360 1837 5416 Antiochia

1011 5448 1086 5496 esset
1097 5439 1275 5500 dicessurus,
1291 5435 1413 5490 alterum
1426 5435 1507 5489 Petro
1523 5445 1617 5503 parem
1635 5438 1836 5500 praeceptorem

1012 5506 1407 5583 gratiaspiritussubstituit,
1423 5519 1457 5560 ne
1467 5505 1600 5560 inchoata
1612 5505 1669 5573 jam
1681 5502 1836 5558 aedificatio

1011 5583 1188 5639 successoris
1199 5584 1364 5648 contemptu
1377 5575 1596 5633 debiliorlleret.
1610 5593 1622 5625 ι
1636 5573 1838 5631 successionis

1016 5653 1181 5711 istiusmodi
1191 5652 1307 5722 grades,
1324 5662 1381 5720 quo
1394 5650 1427 5704 ad
1436 5648 1576 5718 originem
1587 5647 1774 5716 apostolicam
1786 5657 1837 5699 as-

1015 5726 1199 5792 cendebatur,
1221 5723 1264 5778 uti
1280 5722 1411 5777 veritatis
1422 5727 1556 5774 tesseram
1570 5718 1836 5790 agnoscitlrenaus

1016 5798 1066 5853 lib.
1083 5810 1109 5851 ιιι
1123 5796 1234 5851 advers.
1252 5794 1364 5860 hares,
1380 5806 1443 5861 cap.
1455 5787 1504 5845 ιι.
1516 5803 1553 5844 ac
1564 5789 1752 5863 sequentem
1768 5795 1856 5833 esss-

1016 5871 1133 5926 ntcndat
1143 5881 1198 5941 pro
1211 5866 1323 5924 infensi
1333 5863 1528 5921 inuenienha
1537 5860 1645 5926 tueha,
1656 5848 1878 5909 hams-ansr-
