3892 6136
184 307 233 371 iii

569 316 616 372 hb
639 314 854 374 hNhSl'hSthl
879 316 1135 378 PROLEGOMENA
1159 325 1246 381 EDlT.
1273 326 1487 386 ROM.-VATIC.

1830 332 1890 393 ata

184 464 218 507 ex
231 448 360 519 catalogo
374 460 580 505 successorum.
597 447 774 516 postpositis,
792 445 947 515 permistis,
960 446 1003 501 ad·
1020 446 1048 504 A
1061 461 1212 521 annorum,
1229 456 1367 511 mensium
1382 470 1416 511 ac
1428 457 1542 513 dierum
1559 457 1722 514 eorumdem
1741 459 1819 516 sedis
1833 474 1891 517 non

184 537 257 594 ditis
276 536 361 590 etiam
384 534 623 604 inscriptionibus
643 542 812 604 temporum,
831 549 894 605 quae
912 534 1006 591 nihilo

184 632 280 681 essent
312 625 519 680 emendatiores
547 637 632 694 quam
663 624 817 693 rhapsodia
849 625 1006 695 imaginum

186 727 270 785 quam
294 712 425 783 elegerat.

223 800 265 858 tu.
282 802 395 857 Asseria
419 801 516 871 itaque
528 816 593 858 cum
607 803 646 857 sit
659 803 734 858 aetati
757 802 905 858 Leonianae
918 802 1007 857 series

187 889 239 945 illa
259 891 399 945 vetustior
417 896 446 944 ct
466 891 589 960 genuina
608 891 794 956 chronologia
814 891 934 960 parietis
952 905 1007 945 au-

186 977 294 1045 stralis,
310 985 370 1033 tum
385 977 560 1034 indicatione
574 977 723 1033 manifesta
738 979 914 1048 picturarum
926 978 1005 1049 styli,

187 1065 313 1122 camdem
328 1072 438 1123 aetatem
450 1081 515 1123 cum
532 1068 643 1123 musivo
658 1066 817 1136 referentis,
834 1074 893 1124 tum
911 1067 1008 1137 pluri-

185 1152 241 1210 bus
253 1155 429 1211 testimoniis
441 1155 560 1211 Adriani
578 1169 656 1226 papae
671 1157 758 1225 primi
773 1162 799 1211 ct
813 1156 891 1211 Libri
906 1156 1009 1211 Ponti-

186 1243 288 1312 tlcalis,
309 1243 374 1313 lure
393 1243 533 1299 affirmare
555 1258 707 1313 possumus
730 1244 870 1315 originem
892 1244 1009 1299 Caulo-

186 1346 285 1405 gorum
304 1334 493 1389 vetustiorum
512 1338 598 1402 atque
616 1333 842 1389 emendatiorum
860 1332 928 1387 hinc
946 1345 1008 1388 esse

186 1424 365 1494 repetendam
381 1442 387 1478 :
405 1422 514 1479 Italicis
527 1435 603 1491 vero,
615 1435 648 1477 ac
662 1422 819 1491 praesertim
833 1421 1008 1476 suburbica-

186 1513 250 1583 riis,
273 1512 302 1567 in
320 1513 446 1568 archivis
465 1519 494 1567 et
511 1511 671 1579 codicibus,
690 1511 795 1581 sapius
813 1510 927 1566 collatis
941 1523 1006 1565 cum

186 1603 242 1659 isto
260 1603 423 1672 archetypo,
445 1601 529 1656 talem
549 1602 690 1670 originem
710 1601 934 1655 demonstratum
956 1599 1005 1667 iri,

184 1690 235 1747 ubi
251 1703 409 1746 consensus
427 1687 625 1743 manifestetur
644 1689 873 1757 praestantiorum
891 1686 1008 1743 catato-

1063 536 1145 592 modo
1158 540 1304 610 exhihere,
1318 543 1365 597 sed
1380 543 1466 599 etiam
1491 545 1658 601 nominibus
1673 548 1826 603 consulam
1841 562 1893 605 eos

1061 635 1151 680 annos
1175 626 1354 700 distinguere
1377 632 1406 686 in
1429 632 1469 686 iis
1490 633 1540 702 qui
1563 633 1718 690 Ecclesiam
1743 642 1892 708 rexerunt,

1061 719 1209 771 constante
1232 718 1383 774 consulum
1412 719 1593 792 magistratu.
1618 720 1799 792 Scriptorum
1825 738 1892 783 vero

1061 800 1192 857 codicum
1213 809 1281 860 atas
1301 807 1452 878 colligitur
1468 813 1529 864 tum
1548 822 1582 864 ex
1604 810 1762 879 specimine
1784 810 1893 869 chara-

1061 889 1159 959 cteris,
1177 897 1236 947 tum
1252 908 1286 949 ex
1307 896 1440 964 periocha
1456 896 1485 951 in
1502 911 1558 953 uno
1580 903 1701 968 reperta,
1719 904 1838 956 extensa
1854 901 1889 957 ad

1062 977 1198 1033 saeculum
1223 981 1366 1037 decimum
1388 985 1506 1039 tertium
1522 999 1585 1040 arrae
1606 987 1780 1043 communis.
1796 988 1892 1059 Quare

1061 1067 1298 1125 communicanda
1315 1070 1373 1125 hac
1388 1072 1485 1127 omnia
1500 1086 1562 1128 esse
1574 1073 1707 1145 censuit,
1719 1074 1809 1146 idque
1822 1090 1892 1146 per·

1061 1159 1231 1222 opportune,
1256 1157 1334 1226 prelo
1356 1160 1482 1215 nondum
1503 1159 1630 1230 subjecta
1649 1176 1714 1218 cum
1737 1161 1811 1220 iorct
1832 1165 1892 1222 haec

1062 1239 1237 1298 dissertatio.
1265 1246 1464 1317 Transcriptas
1485 1249 1583 1319 itaque
1605 1248 1744 1307 lectiones
1767 1260 1830 1309 tum
1857 1268 1891 1310 ex

1063 1330 1286 1389 membranaceis
1300 1335 1450 1393 codicibus
1466 1351 1545 1407 mss,
1563 1343 1623 1394 tum
1639 1352 1672 1394 ex
1689 1340 1843 1410 impressis
1855 1343 1889 1400 ad

1063 1430 1107 1473 me
1126 1419 1216 1485 misit,
1234 1436 1305 1492 quas
1322 1436 1373 1495 ego
1396 1424 1545 1481 conserens
1565 1440 1631 1483 cnm
1651 1426 1787 1502 catalogo
1803 1430 1891 1488 Libe·

1061 1505 1144 1563 riano
1154 1508 1279 1580 aliisque
1289 1512 1409 1584 collegia
1420 1513 1572 1569 consulum
1588 1516 1807 1587 assignantibus
1818 1519 1891 1576 Vitae

1062 1597 1240 1666 pontihcum,
1257 1604 1364 1655 etcum
1381 1602 1509 1656 numeris
1529 1602 1743 1676 chronologicis
1759 1606 1789 1661 in
1805 1605 1891 1665 basi-

1062 1684 1118 1740 lica
1136 1687 1164 1740 S.
1187 1687 1268 1743 Pauli
1289 1688 1402 1757 pictura
1424 1691 1577 1759 expressis,
1599 1692 1703 1748 mirum
1722 1692 1753 1748 in
1772 1695 1889 1752 modum

183 1790 284 1850 goram
302 1778 344 1832 ibi
361 1782 548 1847 repertorum,
571 1789 635 1831 eum
657 1774 863 1845 superstitibus
884 1776 1007 1845 picturis
1022 1763 1046 1823 Β
1061 1772 1889 1850 afficior,consensumcolligenspianeconstantemborum

183 1879 200 1922 a
223 1867 250 1922 S.
280 1868 370 1922 Leone
402 1866 513 1922 curatis
539 1865 569 1920 in
595 1865 715 1920 basilica
742 1866 770 1920 S.
796 1864 889 1921 Pauli.
918 1866 1005 1920 Porro
1059 1861 1295 1920 documentorum
1312 1880 1375 1935 quaa
1391 1867 1595 1924 ministrantur
1609 1867 1644 1925 ab
1661 1869 1731 1925 urbe
1746 1872 1846 1941 Roma,
1861 1879 1890 1929 et

184 1956 268 2011 talem
297 1968 468 2010 eonsensum
494 1955 570 2009 inter
596 1954 810 2010 vetustissimos
838 1953 928 2008 ltaliae
953 1967 1006 2009 co-
1059 1951 1259 2021 aregionibus
1275 1953 1500 2025 suburbicariis,
1516 1961 1544 2012 et
1558 1956 1594 2012 ab
1608 1957 1677 2012 aliis
1693 1958 1825 2015 archivis
1838 1973 1888 2017 ec-

182 2044 262 2101 dices
282 2050 308 2100 et
330 2044 458 2113 picturas
476 2043 564 2113 huius
583 2043 668 2098 seriei
691 2043 851 2113 Leonianae,
872 2057 921 2113 per
940 2043 1006 2098 sin·
1059 2038 1212 2097 elesiarum
1225 2042 1314 2097 italiae
1327 2056 1376 2112 per
1386 2044 1491 2099 saeeula
1502 2043 1589 2100 ierme
1599 2046 1715 2117 singula
1725 2061 1790 2103 aerae
1798 2048 1888 2104 Chri-

182 2132 267 2204 gulos
286 2131 435 2202 pontiilces
454 2131 632 2201 exploratum
653 2145 807 2202 proponam
827 2132 920 2201 capite
940 2130 1006 2187 sub
1059 2126 1169 2184 stianae.
1184 2129 1378 2201 Consequitur
1392 2132 1470 2187 enim
1486 2132 1553 2187 heta
1569 2138 1737 2205 martyrum,
1754 2135 1887 2209 collegiis

182 2223 324 2290 mouenti.

218 2307 261 2364 ll.
289 2310 397 2366 hddam
427 2316 569 2380 postremo
603 2310 664 2366 loco
695 2324 728 2366 ex
753 2312 863 2380 regulis
890 2309 1001 2366 criterii

180 2399 376 2472 chronologici
400 2399 520 2468 prolatis
539 2405 567 2454 et
587 2399 715 2468 probatis
734 2401 827 2468 capite
847 2399 1000 2468 superiori,

181 2488 393 2559 chronologiam
406 2488 479 2542 hanc
494 2486 682 2558 pontificiam,
696 2502 729 2543 ex
744 2488 935 2543 monumentis
951 2500 1003 2557 ge-

179 2578 281 2634 nuinis
297 2590 330 2632 ac
352 2575 477 2646 publicis
496 2578 628 2631 Romanae
648 2575 780 2630 Ecclesia
799 2575 957 2645 collectam,
974 2580 1002 2631 et

179 2665 210 2721 in
222 2665 376 2736 praecipuis
385 2665 512 2734 eiusdem
525 2662 657 2718 basilicis
669 2676 718 2732 per
727 2665 839 2719 eosdem
852 2662 1001 2733 pontifices

178 2753 311 2824 positam,
328 2757 521 2808 conservatam
537 2757 565 2807 et
580 2751 740 2821 repetitam,
756 2756 843 2820 atque
858 2764 1000 2806 consensu

177 2826 408 2911 praestantiorum
428 2841 559 2896 codicum
582 2839 788 2908 confirmatam,
806 2839 925 2895 solidari
943 2841 1002 2894 ite-

176 2943 240 2986 rum
258 2943 341 3000 posse
355 2929 498 2985 consumti
519 2927 657 2999 suffragio
672 2936 700 2983 et
714 2928 920 2998 approbatione
935 2942 996 2983 om·

176 3019 257 3074 nium
275 3024 401 3086 aetatum,
419 3031 435 3072 a
454 3018 556 3073 Leonis
578 3017 683 3072 sacculo
704 3017 737 3071 ad
762 3021 891 3072 nostrum
914 3017 1000 3072 inter·

1057 2217 1209 2272 consulum
1219 2218 1386 2288 pierumque
1396 2220 1507 2290 signata
1515 2227 1663 2277 constante
1675 2224 1885 2292 persecutione,

1056 2304 1219 2377 catalogus,
1235 2311 1317 2361 atate
1329 2307 1434 2362 Liberii
1451 2309 1600 2381 collectus,
1613 2311 1661 2366 cui
1678 2311 1800 2381 picturae
1812 2313 1886 2369 Vati·

1057 2405 1134 2448 canae
1162 2394 1242 2462 paria
1271 2395 1391 2464 iaciunt,
1425 2396 1578 2468 imaginem
1613 2398 1721 2454 Liberii
1750 2408 1884 2457 ornantes

1056 2480 1179 2536 virentis
1203 2481 1323 2538 indicio.
1347 2484 1428 2540 liuns
1449 2485 1558 2554 excipit
1581 2486 1744 2543 Leonianus
1767 2487 1834 2557 iste,
1857 2488 1886 2543 in

1056 2568 1177 2624 basilica
1200 2572 1227 2625 S.
1252 2571 1332 2626 Pauli
1359 2573 1491 2641 depictus
1515 2579 1543 2629 et
1565 2575 1741 2648 custoditus,
1766 2575 1829 2632 sive
1856 2576 1887 2633 in

1056 2658 1146 2713 Leone
1162 2658 1256 2728 sistat,
1272 2660 1332 2715 sive
1349 2661 1492 2732 pertingat
1506 2663 1541 2719 ad
1557 2664 1769 2735 Symmachum,
1783 2665 1886 2735 ponti-

1056 2744 1135 2801 dcem
1147 2747 1243 2816 quiriti
1260 2748 1358 2804 saculi
1374 2757 1402 2804 et
1414 2750 1507 2805 sexti:
1525 2750 1572 2806 cui
1587 2758 1736 2821 propterca
1752 2751 1812 2809 iere
1824 2766 1887 2824 syn·

1055 2833 1184 2890 chronos
1204 2840 1247 2890 est
1269 2836 1422 2908 catalogus
1441 2839 1586 2895 secundus
1609 2840 1663 2895 sub
1684 2840 1779 2896 Felice
1801 2841 1837 2897 lv
1856 2847 1885 2898 et

1053 2922 1228 2991 iustiniano,
1244 2925 1315 2979 tanti
1334 2924 1450 2982 habitus
1469 2926 1505 2982 ab
1524 2927 1713 2993 henschenio,
1738 2929 1885 2999 Papebro-

1055 3007 1131 3079 chio,
1160 3011 1317 3082 holstenio,
1348 3013 1561 3085 schelestratio,
1590 3015 1641 3086 qui
1669 3030 1703 3072 ex
1732 3024 1884 3088 prototypo

174 3114 331 3179 ceptarum,
350 3121 398 3176 per
412 3106 580 3161 documenta
595 3118 675 3174 aque
691 3104 816 3175 publica,
837 3104 889 3160 hos
904 3087 1037 3161 nurneG
1054 3099 1225 3169 emendavit,
1243 3106 1270 3156 et
1287 3101 1322 3157 ab
1337 3101 1473 3158 omnibus
1492 3103 1626 3160 eruditis.
1648 3105 1813 3162 Succedunt
1826 3120 1886 3162 sae·

175 3210 225 3253 ros
233 3194 452 3267 chronologicos
461 3195 501 3249 ita
513 3193 690 3263 praeferentia
700 3194 813 3249 caeteris
824 3193 997 3264 rationibus,

172 3290 207 3343 ut
221 3284 333 3341 eosdem
349 3284 503 3340 servandos
517 3296 550 3339 ac
566 3284 757 3354 praelegendus
772 3284 802 3338 in
817 3283 927 3339 divinis
942 3281 999 3338 odl-

172 3373 229 3430 cils
244 3372 453 3444 praescripserit
466 3373 543 3428 clero
558 3371 692 3428 universo
708 3372 846 3442 usquead
860 3373 996 3429 saeculum

171 3462 280 3518 Christi
295 3461 439 3517 decimum
455 3460 590 3530 quintum
606 3461 788 3530 completum.

206 3550 298 3606 Debeo
321 3549 488 3620 presidium
512 3548 613 3603 invicti
636 3549 724 3618 huius
743 3551 904 3620 argumenti
920 3550 996 3607 dili-

171 3639 285 3713 gentiae,
305 3637 465 3693 eruditioni
484 3649 517 3691 ac
539 3637 742 3694 benevolentia
763 3639 916 3696 admodum
937 3655 993 3697 rev.

169 3728 264 3785 Patris
278 3727 311 3781 D.
327 3725 445 3781 loannis
457 3726 644 3796 liarangonii,
656 3728 705 3797 qui
717 3729 809 3783 sacris
823 3730 995 3785 coemeteriis

171 3820 328 3885 martyrum
348 3812 485 3870 curandis
499 3819 526 3867 et
550 3813 679 3869 historiae
700 3816 900 3874 ecclesiasticae
921 3819 993 3875 illu-

169 3905 294 3962 stranda
308 3916 402 3958 comes
420 3901 537 3957 additus
557 3901 656 3970 pietati
672 3916 705 3957 ac
721 3904 832 3971 peritiae
854 3906 909 3960 viri
931 3908 995 3963 cla-

169 3991 280 4048 rissimi
296 3990 383 4046 hiarci
403 3989 520 4044 hntonii
536 3988 658 4045 Boldetti
678 3988 807 4046 basilicae
825 3994 993 4050 Transtibe-

168 4081 239 4137 rlnae
251 4079 393 4147 canonici,
405 4092 480 4134 anno
491 4079 633 4147 superiori
647 4076 724 4150 tito,
738 4096 846 4137 mecum
859 4082 992 4140 incubuit

168 4170 337 4240 perplures
364 4168 426 4224 dies
450 4166 574 4222 fideliter
597 4167 786 4225 describendo
811 4170 940 4242 catalogo
964 4178 993 4227 et

168 4256 361 4328 chronologiae
385 4255 553 4325 pontiacum
575 4270 609 4311 ex
628 4270 671 4323 eo,
692 4257 727 4312 de
753 4271 809 4328 quo
831 4258 990 4330 loquimur,

166 4344 316 4401 Leoninnae
333 4344 426 4399 aetatis
443 4350 592 4415 prototypo
606 4345 635 4400 in
652 4345 814 4402 basilicas.
832 4348 922 4403 Pauli.
936 4350 991 4405 La-

1053 3186 1129 3243 oulis
1144 3189 1275 3260 septimo,
1292 3196 1402 3258 octavo,
1420 3204 1494 3248 nono
1514 3206 1548 3248 ac
1560 3192 1673 3249 decimo
1686 3193 1817 3267 catalogi
1838 3210 1882 3252 ar·

1052 3274 1202 3331 chivorum
1215 3279 1305 3333 ltaliae
1316 3283 1486 3336 vetustiores
1496 3295 1529 3337 ac
1543 3281 1767 3353 prestantiores,
1780 3296 1881 3356 nempe

1051 3362 1258 3434 bergomensis,
1279 3367 1414 3424 Curensis
1432 3376 1461 3424 et
1481 3367 1636 3440 Farlensls,
1655 3370 1734 3427 circa
1756 3373 1882 3428 undeci—

1052 3464 1128 3506 mum
1155 3455 1351 3526 transcriptus
1371 3471 1406 3512 ea
1427 3458 1600 3528 antiquiori.
1626 3459 1707 3514 Hunc
1726 3460 1882 3531 excipiunt

1051 3540 1179 3609 proxime
1189 3544 1302 3600 codices
1313 3544 1694 3603 membranaceidirinorum
1705 3545 1878 3615 officiorum,

1051 3630 1155 3697 reperti
1183 3631 1213 3685 in
1234 3632 1352 3688 archivo
1374 3633 1501 3690 ecclesia
1520 3634 1717 3691 Ocriculensis
1733 3654 1740 3691 a
1756 3640 1785 3691 et
1803 3650 1879 3707 repe

1050 3718 1167 3774 titiones
1186 3722 1290 3777 veteris
1310 3723 1396 3778 seriei
1416 3729 1445 3779 ct
1464 3723 1657 3795 chronologia
1679 3725 1879 3794 pontificiae

1048 3804 1165 3863 Nicolao
1179 3810 1264 3866 tertio
1279 3819 1384 3867 curatae
1397 3811 1492 3866 tribus
1506 3812 1536 3866 in
1555 3810 1687 3867 basilicis
1702 3813 1879 3882 patriarcba·

1049 3892 1126 3949 libus
1149 3896 1225 3951 intra
1244 3903 1271 3953 et
1285 3904 1366 3954 extra
1385 3900 1498 3969 Urbem,
1520 3900 1625 3956 meula
1644 3901 1757 3958 decimo
1779 3902 1876 3969 tertio,

1046 3982 1136 4038 donec
1161 3984 1190 4039 in
1219 3985 1274 4042 tine
1300 3989 1405 4044 decimi
1435 3989 1532 4059 quinti
1559 3990 1657 4046 saeculi
1685 3992 1877 4063 typographia

1047 4084 1145 4127 recens
1168 4073 1281 4129 inventa
1303 4076 1468 4133 divinarum
1491 4092 1607 4150 precum
1629 4077 1777 4151 inlibris,
1800 4080 1876 4137 clero

1046 4159 1080 4215 ad
1107 4160 1286 4218 recitandum
1314 4167 1481 4235 propositis,
1507 4167 1633 4223 eamdem
1660 4172 1770 4237 repetat
1796 4168 1877 4226 chre

1046 4249 1202 4320 noiogiam,
1226 4264 1243 4306 a
1266 4253 1410 4311 leoniana
1438 4262 1530 4327 aetate,
1556 4257 1613 4312 lmo
1633 4261 1661 4312 et
1681 4269 1698 4312 a
1722 4256 1875 4314 Liberiana

1045 4337 1160 4406 publice
1171 4340 1331 4398 dedicatam
1347 4344 1377 4399 in
1390 4346 1521 4402 ecclesiis
1537 4350 1566 4402 et
1581 4345 1611 4401 in
1627 4346 1808 4416 patriarchio
1823 4347 1876 4404 lio·

165 4433 250 4491 bentc
262 4441 355 4489 autem
366 4445 442 4488 anno
458 4429 535 4493 liat.
553 4448 617 4489 cum
633 4434 717 4490 verbo
731 4436 780 4491 Dei
800 4437 990 4496 ministrando
1007 4428 1141 4489 Dmano·

163 4520 753 4593 deputatusinissetpersacrumjejnnium
762 4525 990 4597 Quadragesimae

165 4611 194 4668 ln
210 4611 360 4682 collegiata
373 4610 504 4684 ecclesia,
521 4611 590 4667 olim
606 4612 774 4681 cathedrali,
792 4615 891 4684 oppidi
904 4616 991 4673 Ocri-

165 4701 274 4766 culani,
300 4701 348 4756 vix
375 4714 408 4756 en
435 4708 599 4771 pervenerat
624 4708 652 4757 et
679 4704 831 4773 apostotici
862 4709 990 4765 muueris

163 4790 289 4848 officium
308 4803 439 4846 exercere
458 4795 589 4860 coepvcrat,
611 4805 675 4846 cum
697 4792 726 4847 in
747 4793 895 4851 archivum
916 4795 989 4852 sub-

164 4881 273 4937 secivas
288 4880 373 4936 boras
389 4879 502 4935 utiliter
518 4880 701 4950 impensurus
716 4882 881 4953 deducitur,
895 4889 924 4939 et
937 4899 990 4941 co-

164 4966 240 5037 piam
260 4976 386 5024 veterum
406 4969 537 5026 codicum
558 4969 588 5026 in
607 4972 781 5027 membranis
801 4972 986 5043 scriptorum,

165 5065 274 5108 necnon
290 5055 366 5111 hand
382 5058 515 5128 exiguam
532 5058 734 5128 impressorum
751 5064 817 5114 ante
832 5060 915 5116 hnem
932 5075 989 5117 sae-

164 5141 224 5197 culi
240 5153 276 5195 nv
298 5145 414 5209 reperit,
434 5146 469 5200 ad
485 5144 576 5199 odicia
591 5146 691 5200 divina
706 5145 874 5203 celebranda
891 5150 920 5204 in
936 5164 989 5206 ve-

163 5230 217 5284 teri
231 5227 389 5284 cathedrali
406 5229 563 5296 collectam,
579 5231 717 5286 Observat
732 5233 760 5286 in
777 5236 895 5306 scriptis
909 5252 941 5293 ac
957 5239 987 5294 in

164 5316 326 5388 impressis,
341 5317 496 5384 pracsertim
511 5317 637 5374 venetiis
652 5335 725 5372 rinno
741 5319 818 5390 taut,
832 5327 909 5393 apud
922 5328 988 5380 An-

165 5405 258 5459 drrum
272 5407 305 5460 de
319 5405 476 5460 Torrcsurtis
489 5405 523 5458 de
537 5406 627 5459 Asulu
639 5408 683 5462 die
698 5422 735 5464 xx
751 5412 838 5476 durtii,
851 5414 987 5473 lectiones

165 5494 327 5563 propositas
337 5495 371 5550 ad
388 5493 565 5549 recitandum
581 5495 609 5549 in
624 5495 706 5553 iestis
720 5514 895 5559 summorum
912 5519 988 5574 pon·

164 5580 274 5637 tidoum
300 5584 409 5640 sanctis
434 5583 636 5654 ascripturum,
662 5587 879 5659 chronologicas
904 5599 985 5650 notas

1080 4514 1143 4570 Nisi
1168 4517 1226 4573 haec
1245 4521 1334 4577 series
1359 4535 1414 4577 non
1437 4523 1599 4594 interrupta
1621 4523 1827 4594 probationum
1845 4530 1874 4581 et

1044 4602 1280 4664 documentorum
1298 4611 1426 4667 habenda
1448 4612 1488 4668 sit
1503 4615 1712 4670 demonstratio
1726 4613 1873 4671 hismricae

1045 4696 1072 4745 et
1091 4693 1300 4767 chronologicae
1318 4701 1460 4769 veritatis,
1479 4703 1562 4771 juxta
1581 4702 1710 4773 regulam
1735 4703 1872 4772 superius

1044 4781 1230 4838 constitutam
1250 4787 1344 4854 capite
1362 4791 1497 4862 secundo,
1519 4803 1638 4847 numero
1653 4796 1765 4860 octavo,
1780 4789 1872 4847 fateor

1045 4881 1088 4923 me
1101 4884 1218 4939 prorsus
1230 4874 1362 4945 ignorare
1373 4880 1441 4949 quid
1455 4879 1612 4949 aliquando
1623 4886 1733 4935 certum
1746 4880 1872 4936 humana

1045 4955 1100 5013 dde
1114 4961 1143 5013 tn
1160 4960 1299 5019 historico
1313 4970 1341 5020 et
1356 4967 1560 5039 chronologico
1576 4981 1679 5039 genere
1692 4967 1754 5024 dici
1768 4969 1870 5039 possit.

1344 5089 1481 5162 CAPUT
1512 5093 1559 5167 V.

1041 5188 1228 5269 Profertur
1253 5195 1359 5258 series
1381 5201 1414 5260 et
1430 5198 1645 5280 chronologia
1664 5198 1872 5280 porttisicum

1080 5271 1317 5352 Romanorum,
1339 5294 1409 5356 quc
1429 5283 1595 5359 eruperaet,
1614 5279 1735 5343 suartio
1749 5279 1871 5360 putato

1081 5365 1152 5411 cere
1181 5351 1386 5444 Christiana
1405 5359 1500 5438 piria
1523 5360 1563 5422 iu
1587 5358 1731 5423 buaiiieu
1755 5358 1873 5422 sancti

1080 5429 1872 5519 Paulae]rraprrecoucorriiumartormtruiurper

1080 5509 1219 5590 epocham
1229 5513 1447 5594 silagariorum
1462 5519 1686 5581 disiiuetnsei
1696 5534 1872 5600 curiporu-

1080 5592 1135 5654 ius
1157 5607 1232 5656 cum
1251 5595 1503 5675 probatioribus
1521 5598 1700 5679 Catuiacia
1718 5599 1871 5664 omuium
