3892 6136
114 309 166 372 ιιι
515 268 1418 366 ιι)ιιιιιιιιιιιιιιιοιιιιιοιιιιιιιιιι.ιοιι.-ιιιιι.
1766 304 1792 369 a

146 444 225 502 Arsai
254 445 444 516 Imperatores,
466 439 603 503 consules,
616 441 809 506 Eouseuorum,
835 433 915 489 Anni
952 432 982 493 A
1011 431 1091 489 Aoni
1133 434 1360 501 Chrononum,
1389 437 1545 492 iudeorum
1559 441 1583 492 et
1607 438 1669 507 144ιί-
1708 437 1787 494 Anni

153 516 210 573 iai.
346 530 389 572 ros
413 518 494 585 ueste
527 517 553 568 et
584 513 753 567 documenta

145 588 206 643 pgr,
817 581 881 633 unte
890 579 916 632 et

150 664 175 715 ει
188 658 243 715 M
772 646 928 722 postPolil.

260 802 312 860 lial
328 801 400 859 Fehr
423 801 470 859 his
481 813 556 858 coss.
580 796 650 856 Vide
671 798 755 853 notas
776 806 803 850 a.

259 888 323 961 940,
335 894 363 949 el
375 889 534 949 iiormisdae
545 887 581 945 ah
593 889 645 958 Ep.
655 883 691 943 66
706 885 742 942 ad
757 879 802 939 oi.

293 981 322 1038 S.
348 979 520 1054 Fulgentius
545 978 706 1050 Episcopus
740 973 811 1031 ltu-'

258 1071 372 1142 spensls
380 1070 462 1128 exsul
472 1068 552 1127 Fidei
561 1080 648 1126 eausa
658 1066 689 1121 in
699 1063 804 1121 Sardi-

260 1161 308 1217 nia
319 1159 423 1218 scribit
436 1159 545 1216 librum
559 1158 595 1214 de
610 1155 679 1212 Fide
697 1154 732 1210 ad
748 1152 803 1209 Pe-

259 1255 347 1311 trum,
364 1261 447 1316 ouem
475 1247 551 1304 inter
575 1257 660 1316 opera
684 1243 712 1299 S.
739 1241 801 1298 hu·

260 1338 376 1411 gustiui·
398 1341 545 1394 recensent
571 1348 636 1392 cum
658 1330 803 1404 Fulgentii

259 1427 306 1484 tit.
330 1427 401 1485 vide
418 1425 505 1484 Noris
520 1424 581 1481 hist
604 1421 688 1494 Pelas
711 1419 753 1477 iih
772 1416 801 1490 9,

258 1530 284 1573 c.
301 1512 335 1572 49

836 503 910 562 [EG.
1019 505 1114 577 Olprrp
1194 511 1321 564 timorum
1335 509 1508 579 populorum,
1526 511 1680 577 Pontifices,
1718 512 1786 566 m

1191 582 1284 653 ltepeo,
1301 596 1344 636 res
1362 585 1442 650 qesta
1456 585 1481 636 et
1502 581 1673 637 documento.
1694 581 1792 639 Christi

1143 776 1235 847 phane
1249 775 1362 835 civibus
1381 776 1683 849 Constantinopolita-

1142 867 1200 937 nis,
1214 866 1342 924 ellicum
1356 868 1476 939 Evagrio
1496 867 1547 924 iih.
1576 864 1603 939 i,
1627 883 1655 925 u.
1669 866 1698 927 3.

1139 955 1680 1016 lustlnidoioeamcademaitrihunnt.

1141 1037 1314 1102 VidePetav.

1175 1115 1277 1172 loanni
1303 1116 1462 1189 Cappadoci
1479 1121 1593 1176 mortuo
1608 1132 1679 1176 suc-

1140 1207 1216 1264 cedit
1230 1207 1257 1263 h.
1280 1220 1306 1262 a.
1324 1209 1354 1264 in
1369 1207 1444 1264 Eccl.
1459 1208 1679 1279 constantinop.

1139 1297 1330 1368 Epiphanius.

152 1565 224 1681 5934
294 1625 356 1693 imp
381 1621 515 1679 lustinus
536 1619 601 1693 hug
622 1622 656 1675 tr.
684 1632 712 1688 p.
734 1613 762 1674 3.
781 1611 808 1687 4,
844 1608 914 1670 4943
1016 1598 1110 1673 Olpmp
1164 1597 1435 1658 hormisdaeiets.
1720 1599 1759 1661 oli

134 1715 171 1791 Q
199 1709 235 1770 26
253 1725 303 1770 003
840 1699 909 1760 tali

134 1801 171 1876 θ
200 1799 219 1859 9
292 1798 464 1856 Theudorici
477 1792 610 1870 444ςὶ498
623 1798 652 1854 et
664 1792 711 1853 99.

174 1891 205 1976 C·
255 1926 325 1983 Coss
342 1889 538 1973 lastinianus.

140 1963 232 2019 induet
345 1961 485 2017 Valerius.

166 2065 216 2109 ιιι
299 2052 351 2108 vet
388 2049 511 2119 inscript
547 2046 662 2103 Tahrett
691 2056 744 2115 cap
772 2056 800 2113 x,
906 2034 910 2041 '

153 2147 225 2198 etxe
263 2154 330 2198 uum
351 2136 414 2197 454.
433 2138 539 2195 Ticini.
565 2135 701 2208 Epistulae
726 2134 801 2190 lior·

259 2230 360 2287 misdae
375 2228 512 2299 usquead
527 2223 563 2283 89
578 2231 606 2283 et
616 2223 725 2283 iustini
741 2223 802 2278 lm-

261 2318 411 2392 peratoris.
438 2317 510 2374 Vide
525 2325 607 2373 notas
619 2327 674 2386 pag
694 2309 758 2381 935,
771 2308 799 2367 9.

294 2401 801 2464 lastinianusiamosissirnumhunc

258 2495 444 2554 Consulatum
489 2492 703 2551 mandilicentia
749 2501 802 2546 sua

258 2585 375 2643 reddit..
386 2587 456 2642 Nem
465 2580 519 2641 989
533 2583 694 2640 solidorum
705 2575 800 2634 millia

258 2675 289 2731 in
305 2675 442 2744 populum
463 2678 492 2730 et
512 2675 542 2729 iu
566 2668 796 2743 spectaculorum

257 2768 426 2834 apparatum
443 2760 610 2833 insumpsit.
631 2759 796 2826 Leonesxx,

257 2852 361 2923 pardus
372 2866 439 2923 xxx,
452 2852 580 2922 exceptis
592 2847 661 2906 aliis
671 2844 751 2914 ieris,
768 2845 797 2900 in

255 2941 475 3011 Amphitheatro
505 2938 649 2997 exhihuit.
676 2933 800 2992 hiarcel-

257 3029 346 3086 linus.

145 3134 217 3194 5235
288 3138 360 3206 imp.
382 3135 515 3193 lustinus
534 3133 606 3206 hug.
634 3137 670 3190 tr.
693 3148 720 3204 p.
737 3130 763 3205 4,
778 3129 805 3205 5,
840 3128 910 3188 4944
954 3115 979 3179 G
1056 3143 1065 3185 1

131 3317 168 3392 ξ)
199 3311 235 3373 si
255 3240 461 3398 scamni
486 3311 573 3385 Eegis
593 3308 629 3370 99
647 3317 676 3369 et
698 3310 744 3369 30.
836 3217 906 3279 m

130 3411 167 3486 ο
202 3405 234 3465 ιο
645 3399 714 3457 nnn
742 3401 797 3458 sn.

163 3502 199 3585 Β,
252 3534 331 3592 Coss·
365 3493 551 3566 Symmachus
587 3493 652 3588 hian
700 3503 762 3576 seu.

136 3571 225 3630 mosot
379 3564 527 3623 Boethius
613 3562 723 3620 Boethii

164 3674 202 3716 xv
624 3649 760 3708 cosilio.

153 3745 201 3805 etl
284 3749 371 3802 Vetus
387 3743 519 3812 inscript.
533 3742 564 3797 ln
579 3741 642 3796 Bas.
661 3741 689 3796 S.
702 3739 794 3811 Pauli,

251 3836 287 3890 de
301 3844 359 3903 qua
371 3831 530 3885 Severenus
546 3841 573 3898 p.
591 3824 652 3882 459.
668 3831 697 3882 et
710 3826 797 3882 Tleet-

252 3921 323 3980 voud
338 3932 393 3990 pag
404 3913 456 3972 455
471 3915 505 3972 ad
519 3916 546 3972 S.
563 3914 720 3969 Pancratii.

285 4004 496 4067 Trunssmundi
512 4003 718 4061 Wandalorum
736 4003 795 4059 Ee-

253 4101 298 4174 gis
311 4100 341 4154 in
358 4094 454 4153 hirioa
468 4098 588 4152 mortem
601 4092 630 4148 h.
653 4105 680 4148 a.
694 4092 796 4149 consi-

250 4193 318 4262 gnat
339 4184 481 4243 Petavius.
499 4183 606 4255 Pagius
626 4183 661 4239 ad
675 4195 794 4253 sequen-

252 4282 307 4333 tem
323 4273 504 4332 consulatum
524 4269 710 4327 differendam
731 4277 794 4327 sia-

252 4365 319 4423 tuit.
335 4365 376 4420 Ex
388 4363 502 4421 Victore
511 4360 690 4430 Tununensi,
705 4358 794 4416 aliis-

252 4469 318 4527 que.
947 4446 974 4508 D

286 4547 405 4602 Dunaan
468 4541 680 4599 homeritarum
734 4540 793 4598 Eex

253 4632 427 4711 [AEthiopum
442 4633 472 4689 in
485 4630 558 4707 hin]
571 4646 607 4689 ex
621 4630 789 4689 Christiane

250 4726 366 4782 Jndaeus
376 4721 469 4780 lactus
477 4722 588 4780 Fideles
605 4721 791 4792 persequitur

249 4815 277 4872 S.
294 4813 428 4870 hretham
451 4811 593 4884 hiartyriu
608 4808 745 4882 afficiens,
761 4815 790 4866 et

250 4905 354 4962 socios.

145 5011 218 5072 5936
291 5014 350 5083 inp
373 5012 506 5069 lustinus
519 5010 584 5084 hug
599 5013 635 5066 tr.
668 5022 696 5079 p.
720 5004 790 5078 5,6
827 5003 896 5065 4945

131 5109 165 5177 {p
194 5099 231 5160 98
249 5115 298 5158 cos
828 5093 897 5156 4946

125 5194 162 5268 0
193 5190 222 5250 44
287 5189 457 5248 Theudorici
473 5189 559 5260 Regis
574 5185 609 5244 30
620 5192 649 5245 et
663 5185 708 5245 34.

161 5285 186 5340 Α
279 5277 593 5339 Coshiaximussolus.

136 5376 226 5431 iudici
290 5371 376 5426 vetus
391 5366 513 5438 inscript
526 5367 555 5423 iu
576 5367 635 5424 Eas
653 5366 788 5426 Vaticana

246 5463 282 5519 de
310 5473 366 5533 qua
390 5471 420 5514 m
445 5458 522 5514 notis
546 5472 572 5529 p.
595 5455 659 5530 949,
678 5458 734 5526 coi,
761 5454 786 5514 l.

170 5549 182 5608 4
278 5552 388 5608 hierius
412 5549 611 5608 hreniicensis
630 5563 665 5606 ex
690 5549 743 5606 hoc
760 5563 786 5606 a.

152 5647 178 5698 ct
192 5655 213 5697 ιι
259 5640 500 5711 incipitlnserere
519 5651 572 5696 suo
589 5640 695 5695 chron.
711 5638 794 5695 indi-

1040 1687 1093 1746 394
1169 1690 1211 1746 lu.
1234 1689 1336 1746 haiala
1350 1703 1415 1763 pag.
1440 1687 1502 1748 iio.
1528 1691 1605 1749 ldem
1620 1694 1680 1750 lm-

958 1763 985 1826 B
1053 1792 1080 1834 ιι
1136 1783 1250 1849 perator
1264 1779 1405 1852 (lustinus
1421 1782 1507 1838 etiam
1521 1783 1679 1841 certamina

1050 1873 1076 1924 et
1129 1868 1277 1941 Olympius
1300 1870 1461 1942 prohibuit,
1485 1884 1520 1927 ne
1543 1871 1680 1944 deinceps

1043 1955 1097 2014 395
1140 1960 1302 2017 hotius-hia
1313 1961 1349 2016 ah
1360 1962 1524 2018 indictione
1540 1974 1589 2017 ιιι
1603 1962 1680 2019 ceie-

1059 2063 1069 2102 ι
1134 2047 1679 2124 hrarentur.hhhiraniuautemusque

1138 2141 1173 2197 ad
1197 2154 1304 2198 aunum
1335 2154 1440 2198 uuxrnr
1464 2137 1548 2216 [hiras
1572 2142 1680 2200 hirtiu-

1138 2227 1245 2306 chenae]
1262 2243 1318 2303 quo
1333 2238 1460 2303 tempore
1475 2232 1555 2289 ludis
1565 2231 1629 2289 iliis
1639 2233 1681 2289 in·

1137 2322 1291 2378 terdictum
1315 2327 1369 2394 est,
1399 2320 1557 2380 hlitarchae
1580 2335 1679 2379 ιιιιιι

1138 2416 1352 2476 numerantur„

1174 2500 1273 2558 Victor
1298 2501 1329 2558 in
1355 2500 1460 2558 Chron.
1482 2502 1559 2573 apud
1583 2502 1679 2560 Neris.

1136 2591 1172 2648 de
1182 2591 1249 2663 Syn.
1261 2594 1291 2649 V.
1314 2605 1377 2664 pag.
1392 2589 1420 2663 i,
1443 2591 1489 2648 his
1511 2593 1593 2650 Coss.
1610 2607 1679 2651 suc-

1136 2681 1294 2738 cessionem
1319 2681 1448 2738 Dioscuri
1474 2686 1680 2753 postmortem

1136 2771 1277 2827 Timothei
1292 2771 1369 2828 ilex.
1384 2772 1525 2843 assignat.

1171 2859 1258 2917 Paulo
1270 2859 1394 2918 antioch
1415 2867 1528 2919 mortuo
1550 2862 1680 2921 succedit

1135 2948 1316 3021 Euphrasius
1330 2951 1457 3022 Theoph.

1167 3130 1391 3189 Hormisdaesset
1404 3130 1432 3188 9.
1711 3123 1753 3187 sii

1054 3233 1075 3276 11
1176 3222 1312 3279 Tzathius
1333 3225 1483 3280 Laziurum
1513 3237 1563 3281 rex
1577 3237 1595 3281 a
1610 3225 1677 3282 Per-

1136 3323 1233 3368 sarum
1259 3325 1323 3383 rege
1342 3312 1479 3370 deiciens
1504 3313 1674 3385 Constanti-

1137 3400 1262 3471 nopolim
1289 3403 1367 3458 venit
1393 3403 1425 3458 ad
1461 3404 1621 3476 lustinum,
1649 3410 1676 3461 et

1136 3489 1312 3547 christianis
1327 3492 1418 3548 sacris
1439 3493 1578 3552 initiatus
1590 3494 1676 3568 regiis

1137 3579 1331 3652 insignibusa
1351 3582 1467 3639 iustine
1481 3583 1609 3642 donatus
1628 3585 1676 3641 in·

1134 3650 1329 3722 dignationem
1364 3653 1489 3712 Cahadis
1527 3657 1672 3715 Persarum

1135 3740 1212 3812 regis
1224 3742 1348 3799 incurrit
1365 3760 1371 3797 ι
1390 3744 1441 3814 qui
1461 3750 1562 3803 contra
1584 3746 1674 3805 lusti-

1134 3841 1202 3887 num
1218 3832 1344 3887 concitat
1357 3832 1484 3905 Zilighin
1505 3835 1672 3892 Hunnorum

1134 3932 1238 3992 regem,
1255 3922 1437 3991 postmodum
1457 3923 1576 3996 utrique
1588 3923 1675 3983 indi·

1132 4007 1254 4083 irarum,
1289 4017 1317 4069 et
1351 4027 1368 4070 a
1393 4013 1506 4072 Cehade
1533 4017 1672 4088 occisum,

1132 4100 1216 4158 Persa
1246 4116 1311 4159 cum
1340 4106 1478 4162 humanis
1512 4106 1673 4165 amicitiam

1131 4191 1319 4250 instaurante.
1340 4194 1398 4252 chr
1412 4195 1482 4253 hlex
1495 4196 1623 4269 Theoph.

1165 4280 1291 4340 Cahades
1312 4285 1456 4343 Chosroen
1493 4286 1587 4344 lilium
1620 4285 1672 4344 ad-

1130 4373 1223 4443 optari
1237 4374 1381 4432 alusiino
1399 4376 1482 4448 petit,
1503 4376 1552 4433 sed
1574 4375 1674 4435 Pruclu

1131 4462 1316 4522 dissuadente
1337 4467 1401 4523 lust
1426 4471 1541 4524 recusat
1566 4468 1674 4540 Procup

1130 4549 1173 4608 lib
1187 4550 1214 4625 3,
1230 4553 1287 4611 hell
1304 4556 1369 4613 Pers
1382 4555 1508 4628 Theoph.

1047 5017 1068 5059 11
1167 4999 1669 5076 sorsmicaeuemmnsurricis
1711 4968 1782 5044 5³³

1040 5105 1072 5149 ιιι
1126 5090 1144 5149 6
1160 5092 1232 5165 hug.
1258 5094 1328 5151 Vide
1342 5101 1425 5153 notas
1447 5110 1473 5167 p.
1487 5092 1542 5153 999
1562 5101 1591 5153 et
1604 5092 1668 5154 946.

1127 5182 1253 5256 Eligitur
1275 5199 1425 5243 successor
1441 5187 1565 5245 insonus
1585 5186 1669 5245 urdi-

1128 5278 1212 5330 natus
1226 5275 1274 5331 die
1296 5276 1446 5334 Dominica
1462 5274 1496 5334 43
1515 5277 1574 5335 lul.
1597 5277 1667 5336 vide

1128 5369 1210 5422 notas
1225 5379 1251 5434 p.
1267 5362 1331 5421 946.

1160 5454 1298 5513 Eieshaan
1312 5457 1495 5530 Ethyopnn,
1517 5472 1570 5516 seu
1583 5460 1667 5518 Axu-

1127 5545 1261 5602 mitarum
1277 5560 1336 5617 rex,
1356 5549 1452 5606 Eidem
1467 5548 1664 5607 Christianam

1123 5628 1258 5710 suscipit,
1273 5641 1302 5694 et
1322 5635 1427 5697 ioederu
1440 5638 1498 5699 iult
1508 5654 1577 5698 cnm
1590 5652 1663 5698 noro
