3892 6136
119 275 168 337 464
477 277 679 337 semusta.
698 278 849 337 bissena
870 279 917 337 bit
934 279 1048 353 totto.
1069 280 1153 340 ROB.
1174 282 1274 342 PONE.
1292 282 1460 346 clusino.
1773 293 1826 359 loe

118 409 295 466 Caesariensis
322 408 475 464 Potestine
491 408 524 464 de
541 408 632 466 &aee
648 409 791 467 transtulit
806 410 837 465 in
859 410 941 465 Lati-
957 415 987 476 A
1006 411 1147 479 peratoris
1160 413 1351 487 constantini,
1376 416 1452 488 quod
1478 432 1517 474 xx
1530 420 1593 490 ejus
1612 421 1726 492 imperti
1748 437 1824 484 anno

116 515 185 554 num
197 499 235 553 sd
248 499 437 556 chromatium
455 502 617 571 episcopum.
638 502 753 572 Verum,
774 505 807 557 ut
826 500 943 572 quidam
1001 500 1173 560 celebratum
1196 503 1286 563 luisse
1302 520 1358 564 non
1373 508 1465 564 solum
1489 514 1565 579 patet
1578 524 1613 567 es
1633 511 1712 582 aliis,
1728 515 1776 572 sed
1789 528 1823 572 ex

119 586 287 658 hujuslibri
303 602 449 659 possessor
465 590 494 646 in
510 591 637 662 margine
647 591 766 654 notavit,
778 590 872 647 versio
886 603 944 647 non
999 589 1063 660 ipso
1078 606 1190 663 quoque
1214 594 1337 652 Eusebio
1361 596 1412 652 lib.
1430 611 1473 667 ιιι,
1497 599 1533 654 de
1547 599 1609 655 Vita
1630 600 1822 674 constarrtinl,

118 679 203 734 esth.
213 678 391 750 Hieronymi,
403 679 451 736 sed
462 680 557 736 Hulini
569 680 765 752 Aquileiensis
774 680 942 752 presbyteri,
998 693 1061 751 cap.
1077 677 1121 737 ll.
1137 680 1213 740 hdeo
1223 691 1254 740 ut
1266 700 1299 741 ex
1316 685 1362 742 his
1374 687 1509 745 omnibus
1520 690 1821 760 appareatchronicon

117 767 170 838 qui
184 781 245 824 eam
255 768 343 837 jussu
352 768 509 825 chromatii
519 768 715 841 Aquileiensis
726 770 853 841 episcopi
865 767 944 834 lecit,
998 769 1116 826 Eusebii
1132 772 1212 829 valde
1235 781 1401 846 corruptum
1422 777 1457 833 ad
1473 791 1575 835 manus
1595 785 1707 836 nostras
1723 794 1823 852 perve-

118 861 150 912 ut
159 870 193 913 ex
204 857 374 928 pretatione
385 862 469 929 patet,
482 863 509 914 et
528 859 655 916 eamdem
673 859 825 915 historiam
844 871 946 930 prose-
1000 860 1087 930 nisse,
1103 875 1194 934 neque
1212 864 1248 920 ab
1265 865 1327 937 ipso
1342 866 1457 937 quidem
1478 868 1657 940 Hieronymo,
1672 871 1723 941 qui
1739 871 1822 941 plura
1917 858 1921 865 ’

115 949 265 1017 cutusest,
279 951 311 1003 ut
322 946 500 1018 postlibrum
512 961 552 1019 ιι,
565 949 595 1004 in
606 947 946 1018 quoEusebiusdesinlig
998 949 1033 1005 de
1052 965 1104 1008 suo
1119 952 1241 1025 addidit,
1258 953 1348 1012 luisse
1362 957 1442 1026 plene
1455 956 1490 1013 ab
1505 958 1654 1016 erroribus
1669 965 1821 1033 purgatum

115 1033 146 1088 in
162 1037 262 1093 codice
275 1049 327 1092 ms.
344 1038 481 1094 additur:
498 1057 511 1090 r
526 1038 680 1110 Hucusque
691 1037 833 1095 Eusebius
848 1051 942 1094 rerum
997 1046 1048 1097 aut
1062 1042 1176 1098 veritati
1190 1057 1249 1099 suae
1260 1043 1367 1116 ubique
1382 1046 1559 1106 restitutum.

115 1127 145 1181 in
167 1126 299 1182 Ecclesia
324 1133 467 1199 gestarum
491 1129 657 1186 memoriam
680 1129 810 1185 tradidit.
837 1128 942 1184 catera
1032 1127 1060 1185 5.
1080 1132 1229 1188 Enimvero
1258 1148 1321 1204 que
1347 1136 1429 1192 modo
1451 1141 1563 1193 exstant
1585 1137 1614 1193 ln
1635 1138 1822 1200 bibliothecis

114 1228 191 1283 vero,
208 1229 273 1286 quae
288 1229 382 1286 usque
403 1218 438 1273 ad
462 1231 584 1286 praesens
607 1220 719 1288 tempus
742 1230 792 1288 per
811 1217 941 1273 ordinem
998 1222 1193 1292 manuscripta
1213 1221 1354 1280 cbronica
1378 1225 1506 1295 Eusebii,
1529 1224 1587 1282 lere
1609 1228 1706 1283 omnia
1721 1228 1822 1286 Latina

113 1303 307 1361 subsecutura
322 1310 401 1376 sunt,
418 1320 480 1378 quar
494 1306 539 1362 vel
551 1307 580 1362 in
596 1308 737 1378 majorum
749 1307 855 1364 litteris
867 1318 944 1376 repe·
988 1314 1067 1365 sunt
1080 1323 1114 1365 ex
1135 1312 1267 1368 versione
1278 1315 1310 1369 Ι).
1333 1314 1508 1386 Hieronymi,
1526 1316 1578 1387 qui
1601 1316 1681 1374 aliud
1697 1317 1732 1373 ab
1747 1330 1821 1374 anno

112 1394 210 1451 rimus
223 1394 268 1451 vel
284 1400 382 1452 nostra
396 1397 532 1453 memoria
547 1397 679 1468 adscivit,
696 1398 790 1454 Patris
809 1395 941 1469 religiosi
997 1399 1133 1455 vicesimo
1147 1401 1338 1473 constantini,
1355 1403 1385 1458 in
1400 1417 1456 1474 quo
1469 1404 1587 1461 Eusebii
1601 1405 1762 1463 chronicon
1776 1405 1823 1463 de·

113 1485 351 1555 praecepissetis
368 1486 421 1542 hoc
436 1491 577 1555 parentes,
599 1500 655 1557 qua
675 1487 834 1557 poterimus
851 1486 945 1542 brevi·
998 1487 1079 1560 sinit,
1096 1490 1236 1560 usquead
1253 1491 1433 1549 consulatum
1451 1494 1577 1550 Valentis
1594 1495 1626 1550 Vl
1648 1500 1677 1551 et
1691 1494 1822 1551 Valenti-

112 1579 182 1643 sats,
194 1575 343 1630 addemus.
361 1575 449 1631 »Haec
463 1576 595 1647 Hulinus,
613 1576 663 1646 qui
678 1576 752 1634 duos
767 1576 859 1633 libros
869 1577 943 1646 adje·
998 1578 1078 1633 niani
1088 1579 1112 1634 ll
1123 1581 1318 1652 Augustorum
1329 1588 1499 1652 prosecutus
1509 1590 1562 1642 est.
1574 1585 1646 1640 Sunt
1657 1584 1707 1655 qui
1720 1587 1823 1654 putam

112 1663 165 1730 cit,
179 1668 209 1720 et
220 1677 311 1734 usque
320 1664 355 1721 ad
368 1665 522 1723 Theodosii
533 1666 658 1722 senioris
667 1665 779 1722 obitum
790 1665 940 1722 historiam
997 1668 1029 1721 b.
1046 1667 1246 1738 Hieronymum
1267 1670 1421 1727 Eusebiani
1440 1672 1576 1729 Chronici
1590 1673 1821 1742 supplementum

112 1753 336 1812 ecclesiasticam
350 1755 494 1826 perduxit.
507 1756 599 1826 Atque
614 1756 673 1812 haec
691 1755 726 1812 de
745 1756 873 1812 Historia
887 1755 942 1813 En·
955 1758 982 1820 B
997 1757 1149 1826 scripsisse
1171 1758 1200 1813 in
1220 1759 1343 1828 juvenili
1368 1765 1458 1831 atate,
1486 1761 1613 1832 adeoque
1637 1760 1709 1816 illud
1734 1763 1820 1817 tantae

113 1844 199 1914 sebii,
218 1845 368 1901 redeamus
380 1845 438 1914 jam
453 1845 487 1900 ad
503 1846 567 1916 ejus
580 1845 754 1902 chronicon.
995 1842 1179 1901 auctoritatis
1197 1848 1368 1904 censendum
1386 1862 1440 1904 non
1462 1862 1533 1905 esse.
1551 1849 1721 1918 Opinionem
1737 1861 1819 1905 suam

149 1930 175 1989 i.
192 1936 311 1991 Exstant
322 1934 475 1990 Eusebiani
486 1934 621 1990 chronici
634 1937 776 1993 editiones
791 1935 941 2006 quamplu·
994 1934 1161 1991 confirmare
1175 1942 1294 2005 possunt
1311 1936 1534 2009 iterationibus,
1555 1937 1662 2009 quibus
1678 1938 1820 1996 baronius

113 2023 204 2094 rime,
221 2024 251 2078 in
267 2023 376 2094 quibus
387 2024 561 2080 adnotantur
572 2024 641 2079 anni
656 2025 776 2092 Christi,
795 2038 868 2094 quos
883 2036 941 2079 eer-
994 2024 1028 2079 ad
1044 2037 1151 2080 annum
1167 2022 1219 2082 4ιο
1232 2032 1378 2096 permotus
1390 2027 1592 2097 Hieronymum
1608 2029 1820 2098 septuagesimo

111 2119 174 2170 tum
188 2119 232 2169 est
248 2125 298 2169 nec
312 2112 349 2169 ab
363 2113 486 2170 Eusebio
497 2115 606 2185 positos
620 2127 699 2170 neca
715 2116 747 2168 ι).
768 2114 939 2184 Hieronymo
994 2117 1092 2170 octavo
1107 2115 1201 2171 aetatis
1214 2128 1288 2171 anno
1303 2114 1411 2172 obiisse
1427 2116 1557 2171 tradidit.
1571 2117 1641 2172 cum
1656 2117 1733 2172 enim
1747 2129 1821 2173 con-

110 2202 940 2274 additos,quandoquidemhicmodusnumerandiauctore
993 2207 1047 2258 stet
1063 2203 1139 2260 inter
1159 2218 1257 2261 omnies
1283 2206 1314 2259 ι).
1332 2205 1534 2276 Hieronymum
1552 2205 1630 2261 circa
1644 2217 1751 2262 annum
1767 2203 1820 2263 teo

108 2293 250 2364 Dionysio
259 2294 370 2366 Exiguo
387 2295 510 2363 primum
526 2293 750 2349 introductussi
765 2298 828 2362 post
843 2306 934 2349 saecu·
992 2291 1109 2363 obiisse,
1121 2300 1149 2349 et
1165 2294 1225 2364 ipse
1237 2295 1427 2365 Hieronymus
1440 2295 1582 2351 chronico
1595 2308 1647 2351 suo
1663 2295 1747 2351 linem
1761 2295 1821 2352 im-

110 2382 171 2438 lum
183 2383 330 2453 quintum,
341 2382 632 2453 temporetustiniani
645 2382 842 2453 imperatoris:
862 2381 938 2440 unde
992 2382 1122 2453 posuerit
1133 2395 1207 2440 anno
1219 2383 1345 2439 Valentis
1358 2385 1429 2454 xit,
1446 2383 1496 2454 qui
1510 2397 1576 2440 cum
1591 2397 1666 2441 anuo
1678 2380 1741 2456 sti,
1755 2397 1821 2446 con.

108 2479 139 2529 et
154 2473 184 2528 in
202 2473 398 2542 manuscripto
412 2473 686 2529 codicetmandino
703 2485 845 2544 nusquam
865 2471 935 2527 anni
992 2472 1094 2542 currit,
1123 2478 1346 2543 consequeretur
1372 2474 1489 2529 omnino
1510 2474 1712 2544 Hieronymum
1742 2473 1819 2530 circa
1925 2470 1929 2483 '

107 2561 219 2617 christi
236 2565 383 2618 notantur.
398 2561 681 2618 Exhibenturtamen
699 2561 727 2616 in
742 2575 809 2617 mss.
822 2559 938 2617 codici*
989 2576 1098 2619 annum
1114 2562 1292 2619 tricesimum
1304 2563 1439 2633 quintum
1452 2563 1714 2621 aetatischronicon
1726 2562 1819 2620 absol·

107 2650 165 2707 bns
177 2653 247 2707 anni
264 2653 478 2724 imperatorum,
495 2652 603 2724 quibus
615 2652 686 2708 adeo
696 2657 806 2708 certum
819 2657 863 2708 est
872 2654 936 2707 acta
991 2652 1076 2708 visse.
1095 2653 1196 2708 Verum
1213 2657 1401 2723 preterquam
1424 2652 1498 2723 quod
1515 2652 1682 2709 tricesimus
1697 2653 1819 2725 quintus

107 2741 245 2798 adnotata
264 2739 355 2799 luisse
376 2741 412 2798 ab
440 2741 580 2813 antiquis,
604 2745 637 2798 ut
657 2741 719 2810 ipse
739 2740 884 2801 Eusebius
906 2741 937 2796 in
993 2754 1087 2798 annus
1101 2742 1166 2797 vitae
1186 2741 1245 2797 dici
1261 2756 1315 2798 non
1337 2743 1428 2812 possit
1444 2742 1585 2812 juvenilis
1599 2742 1702 2813 atatis,
1721 2745 1820 2799 nomnt

108 2831 440 2888 Historiaecclesiastica
453 2832 558 2902 passim
571 2845 619 2901 per
628 2843 720 2887 annos
731 2831 938 2900 imperatorum
994 2832 1046 2888 alii
1063 2832 1138 2887 haud
1156 2833 1227 2888 adeo
1243 2837 1352 2889 certum
1365 2832 1514 2904 essequod
1535 2833 1676 2890 Batonius
1692 2831 1820 2903 proban-

107 2922 239 2992 assignet
257 2923 448 2979 Romanorum
470 2921 639 2991 pontiticum
660 2926 796 2992 tempora,
817 2925 846 2976 et
863 2919 938 2977 illu·
991 2921 1060 2977 dum
1089 2922 1225 2991 suscepit,
1246 2920 1448 2992 Hieronymum
1474 2922 1587 2978 scilicet
1608 2920 1819 2993 septuagesimo

107 3012 216 3068 striora
231 3012 286 3068 sub
298 3012 372 3083 ipsis
385 3013 415 3067 in
430 3012 557 3069 Ecclesia
578 3019 666 3086 gesta.
687 3014 759 3069 Hinc
773 3017 802 3068 et
817 3009 937 3067 Eusebii
991 3015 1089 3067 octavo
1104 3011 1200 3067 atatis
1214 3024 1289 3068 anno
1303 3010 1425 3068 obiisse.
1444 3011 1581 3080 Quinimo
1592 3011 1619 3067 id
1636 3011 1732 3082 rejicit
1745 3023 1820 3067 com·

107 3099 271 3156 chronicon
288 3114 339 3170 per
350 3114 441 3158 annos
454 3102 657 3172 imperatorum
678 3101 852 3170 exhibituri,
870 3113 937 3156 cer·
952 3106 976 3169 c
993 3102 1090 3156 munis
1105 3100 1296 3157 recentiorum
1309 3100 1498 3157 sententiaeb
1512 3106 1569 3157 tres
1583 3100 1764 3172 potissimum
1779 3110 1821 3155 ra·

108 3185 167 3246 lam
185 3189 268 3259 juxta
287 3190 458 3247 momeliam
481 3191 597 3248 Eusebii
620 3192 812 3248 Romanorum
837 3189 932 3260 ponti·
994 3190 1095 3257 tiones,
1123 3202 1243 3261 quarum
1268 3190 1361 3259 prima
1376 3204 1410 3246 en
1431 3190 1527 3247 verbis
1543 3191 1638 3262 ipsius
1655 3190 1818 3262 Hieronymi

108 3281 194 3338 deum
209 3282 345 3353 epocham
357 3281 518 3354 ligeremus,
532 3281 557 3337 si
574 3288 683 3338 certum
702 3287 731 3337 et
744 3279 826 3358 fidele
844 3281 937 3337 Euse-
992 3279 1165 3351 desumitur,
1183 3284 1323 3350 utpoteex
1336 3279 1444 3352 quibus
1457 3280 1604 3348 habemus,
1616 3282 1818 3350 Hieronymum

107 3370 937 3443 bianicbroniciexemplarnanciscipotuissemusverum
995 3382 1049 3426 non
1066 3367 1152 3425 semel
1179 3381 1209 3425 se
1234 3382 1339 3439 mnam,
1364 3370 1559 3440 augustinum
1583 3380 1649 3423 vero
1673 3368 1819 3436 juniorem

109 3476 173 3518 eum
195 3464 392 3533 manuscripta
412 3477 475 3535 quae
494 3464 589 3518 Home
614 3461 752 3532 vidimus,
778 3463 937 3517 recentiora
993 3471 1115 3515 vocasse.
1131 3458 1288 3513 Eumenius
1303 3457 1454 3513 constetS.
1469 3455 1751 3525 Augustinumanno
1766 3451 1819 3513 430

109 3551 179 3620 sint,
197 3557 227 3608 et
244 3553 412 3624 antiquiora
430 3551 502 3607 alibi
528 3557 639 3608 servata
664 3550 751 3607 etiam
776 3552 889 3606 varient
905 3548 935 3604 in
992 3548 1120 3618 vulgaris
1142 3560 1215 3616 aerae,
1232 3546 1324 3601 aetatis
1345 3556 1410 3599 vero
1425 3556 1484 3599 suae
1499 3543 1711 3615 septuagesimo
1726 3547 1817 3616 sexto,

111 3641 246 3698 nomadis
258 3643 462 3712 imperatorum
474 3641 568 3711 annis,
584 3641 716 3711 idemque
728 3639 858 3695 observet
873 3639 936 3695 hu·
990 3637 1126 3707 Hippana
1141 3636 1172 3691 in
1192 3633 1285 3691 hirica
1303 3631 1421 3695 obiisse,
1438 3631 1463 3687 si
1486 3633 1518 3686 b.
1539 3632 1729 3702 Hieronymus
1743 3646 1818 3690 anno

110 3729 209 3789 bemus
219 3731 379 3788 Hiraeusde
389 3746 455 3787 mss.
468 3730 618 3788 codicibus
631 3728 847 3799 hquieincttnis
859 3727 937 3784 Orte·
992 3722 1043 3781 ιιι]
1059 3724 1190 3782 etaetatis
1202 3737 1261 3780 sua
1277 3722 1488 3794 septuagesimo
1501 3726 1599 3778 octavo
1615 3721 1818 3779 mortalitatem

111 3821 242 3880 lianiset
257 3822 422 3894 Lipslanis:
440 3822 612 3894 quinetiam
628 3835 693 3877 cum
713 3817 936 3877 editiohrnaldi
992 3813 1171 3885 explevisset,
1202 3816 1312 3869 mnium
1336 3811 1488 3868 duodecim
1519 3810 1605 3868 annis
1631 3815 1700 3867 natu
1729 3811 1819 3882 mator

111 3913 226 3969 Pontaci
242 3913 407 3970 vasatensis
418 3913 545 3984 episcopi
561 3926 595 3968 ex
608 3911 744 3983 pluribus
755 3923 822 3966 mss.
838 3922 938 3965 exem·
991 3905 1154 3977 Augustino
1169 3901 1479 3972 luissetHieronymcs,
1495 3901 1663 3972 obquorum
1677 3913 1819 3958 annorum

30 4056 34 4063 .
111 4000 242 4073 pleribus
261 4001 438 4073 elucubrata,
454 4015 470 4057 a
485 4000 623 4073 scaligeri
638 4000 764 4057 editione
778 3999 937 4071 plurimam
991 3993 1183 4051 differentiam
1200 3993 1275 4049 idem
1299 3991 1488 4063 Hieronymus
1504 4004 1651 4062 nunquam
1666 4003 1697 4046 se
1711 4002 1818 4061 senem,

110 4090 234 4160 ditierat,
252 4098 328 4162 patet
343 4090 469 4162 proiecto
481 4090 616 4146 vacillare
638 4090 770 4147 codicum
785 4090 812 4145 ei
827 4088 938 4146 editio-
991 4088 1186 4152 huaustinum
1208 4096 1275 4139 vero
1288 4083 1420 4153 iuvenem
1443 4081 1576 4137 dixisset.
1601 4079 1731 4137 Secunda
1745 4078 1819 4137 ratio

111 4195 179 4239 num
190 4183 401 4250 auctoritatem,
416 4182 549 4252 nihilque
561 4181 722 4238 certiexiis
733 4181 831 4238 haberi
843 4192 935 4251 posse.
992 4173 1154 4229 desumitur
1174 4185 1209 4227 ex
1225 4169 1390 4227 testimonio
1404 4169 1432 4224 S.
1449 4167 1591 4239 Prosperi,
1609 4169 1641 4221 l).
1661 4165 1818 4239 Augustini

110 4272 197 4328 Docet
218 4272 247 4329 id
262 4272 354 4328 editio
376 4272 470 4343 ipsius
485 4272 587 4339 bliraei,
603 4285 666 4341 quae
686 4270 780 4340 habet,
802 4274 937 4342 regnante
991 4261 1142 4333 discipuli,
1157 4261 1207 4332 qui
1224 4262 1253 4316 in
1269 4260 1471 4317 chronicosuo
1487 4258 1605 4315 adnotat
1616 4262 1729 4328 tempus
1744 4257 1820 4313 nati·

110 4361 184 4418 Ello
208 4362 355 4418 Pertinace
378 4361 519 4418 Victorem
549 4361 710 4430 suscepisse
728 4360 935 4431 episcopatum,
995 4352 1094 4409 vitatis
1107 4355 1136 4407 et
1144 4351 1242 4407 obitus
1257 4351 1289 4405 b.
1304 4348 1478 4419 Hieronymi.
1495 4350 1536 4403 lta
1548 4348 1624 4404 enim
1642 4346 1726 4403 habet
1738 4348 1821 4417 Juxta

111 4449 161 4506 nbi
177 4451 240 4522 ipse
254 4451 396 4509 Eusebius
410 4451 665 4522 librovHistoriae,
680 4450 774 4520 capite
786 4447 832 4520 20,
848 4449 978 4518 tradito
996 4443 1123 4500 codicem
1149 4441 1341 4499 Lodonensem
1371 4438 1447 4510 apud
1474 4438 1630 4495 Pontacnm
1652 4455 1659 4492 z
1685 4439 1769 4493 Eosso
1795 4453 1821 4508 ey

111 4541 309 4598 Eleutherium
324 4542 432 4599 obiisse
446 4542 558 4598 decimo
569 4554 645 4598 anno
657 4539 802 4597 commodi
818 4539 938 4610 impera·
992 4535 1110 4591 ablasio
1123 4531 1295 4592 consulibus,
1308 4531 1488 4598 Hierontttttts
1498 4529 1631 4583 nascitur.
1643 4527 1679 4582 ¹32
1689 4526 1718 4582 1¹¹
1732 4525 1822 4582 0fflssi·

112 4632 194 4704 toris,
209 4632 304 4689 tribus
316 4633 403 4689 annis
414 4636 566 4704 antequam
580 4631 674 4688 AElius
688 4631 822 4688 Pertinax
837 4631 872 4688 ad
889 4631 940 4687 im·
993 4625 1048 4683 bus
1072 4621 1289 4693 manuscriptis,
1304 4625 1333 4677 et
1347 4618 1456 4677 editis:
1480 4619 1662 4687 Hieronymus
1675 4616 1821 4687 presbyter

112 4722 224 4792 perium
240 4723 378 4795 pervenit,
394 4727 423 4779 et
438 4729 506 4780 tnnc
522 4736 635 4795 quoque
650 4721 815 4778 Eleutherio
831 4735 941 4778 sueces-
993 4717 1110 4773 moritur
1121 4729 1194 4770 anno
1207 4713 1295 4768 atatis
1305 4710 1479 4779 nonagesimo
1494 4723 1548 4763 ano
1557 4707 1651 4778 pridie
1661 4706 1726 4760 liat.
1743 4704 1819 4760 Octo-

113 4811 184 4868 eisse
196 4812 350 4870 lictorem.
366 4811 455 4869 Habet
467 4811 943 4884 plurasimiliaChroniconEuse-
996 4808 1052 4862 bris
1088 4804 1234 4860 Theodosio
1265 4802 1304 4859 lX
1337 4804 1364 4856 et
1394 4799 1551 4856 Constantio
1574 4799 1618 4853 tll
1652 4793 1819 4850 consulibus.

112 4899 244 4973 hiique
261 4909 469 4976 pugnantium
487 4903 526 4960 iis
539 4917 602 4976 qna
623 4903 778 4960 traduntur
798 4903 829 4960 in
845 4903 940 4975 ipsius
994 4895 1172 4953 Theodosius
1191 4901 1220 4949 et
1238 4890 1425 4948 constantius
1444 4887 1613 4958 predictum
1634 4881 1818 4940 consulatum

111 4990 238 5049 Historia
249 5011 257 5064 3
269 4994 340 5064 quin
353 4994 440 5050 etiam
455 4993 514 5050 alia
530 5007 592 5064 qua
607 4993 783 5050 correctione
797 4992 937 5065 indigent,
995 4988 1145 5062 gesserunt
1157 4994 1232 5039 anno
1248 4977 1310 5051 icti,
1325 4981 1429 5036 Bassus
1448 4989 1514 5034 vero
1527 4980 1556 5031 et
1581 4971 1720 5030 hbiavlus
1744 4984 1820 5031 anno

112 5088 143 5139 ut
157 5093 190 5138 ea
210 5097 274 5154 quae
289 5082 376 5141 relert
390 5084 426 5141 de
438 5084 605 5142 Harcellino
627 5088 655 5141 et
667 5081 800 5140 Marcello
816 5096 939 5153 qnorum
994 5075 1056 5137 33l.
1072 5075 1204 5132 hbanno
1220 5076 1315 5129 autem
1339 5066 1388 5125 eet
1407 5078 1498 5137 usque
1512 5066 1547 5122 ad
1565 5059 1740 5123 annunlio
1754 5061 1821 5135 plus

112 5171 290 5244 temporibus
317 5174 427 5245 deruit,
446 5188 520 5246 quos
534 5180 627 5232 tamen
643 5188 695 5246 pro
711 5187 769 5231 uno
784 5172 940 5246 eodemque
995 5181 1080 5242 quam
1094 5159 1410 5234 ittanntreperiuntnr,
1425 5169 1490 5214 cum
1500 5153 1613 5214 Hanni
1625 5151 1818 5255 intercedant:

113 5262 248 5333 pontidee
262 5263 372 5337 insigni
384 5278 481 5322 errore
491 5263 605 5320 habuit.
624 5263 837 5321 Finitsubinde
849 5265 942 5334 ponti·
995 5261 1064 5318 adeo
1080 5263 1112 5317 ut
1128 5258 1155 5314 S.
1170 5257 1289 5325 Prosper
1301 5248 1415 5308 veritati
1432 5248 1562 5320 proxime
1573 5244 1736 5314 accesserit,
1750 5240 1819 5345 dum

112 5353 226 5412 deatum
237 5354 491 5412 Helchiadisanno
505 5369 537 5410 ιιι
552 5355 819 5426 constantini,cum
831 5357 942 5412 constet
996 5352 1198 5422 Hieronymum
1222 5357 1296 5400 anno
1319 5340 1413 5398 etatis
1430 5338 1614 5412 nonagesimo
1629 5345 1687 5390 uno
1711 5331 1821 5389 obusse

112 5458 186 5503 anno
198 5459 239 5501 vu
254 5450 369 5503 autvrn
384 5445 566 5503 constantini
578 5445 632 5502 sub
647 5445 804 5502 Helchiade
819 5444 942 5502 celebra·
997 5441 1129 5500 tradidit.
1145 5440 1180 5496 Et
1195 5437 1274 5494 hisce
1285 5433 1367 5506 plane
1382 5430 1557 5489 conveniunt
1572 5437 1634 5497 quse
1648 5423 1726 5494 apud
1743 5421 1822 5478 llar-

112 5539 172 5592 tum
196 5533 289 5594 tuisse
310 5535 468 5594 homanum
495 5535 525 5592 in
552 5548 639 5592 causa
650 5536 751 5592 Donati
772 5533 939 5594 concilium.
998 5530 1135 5590 cellinum
1149 5527 1282 5586 comitem
1296 5525 1449 5598 leguntur:
1463 5520 1660 5584 Hieronymum
1673 5511 1821 5568 admodum

112 5625 198 5683 Ponit
209 5626 336 5699 denique
347 5627 495 5686 Nicaeum
505 5625 662 5685 concilium
674 5626 709 5684 ad
722 5638 829 5685 annum
843 5638 880 5683 xv
891 5625 943 5684 tm·
992 5637 1082 5694 senem
1101 5621 1164 5679 otta
1185 5633 1242 5676 sse
1266 5614 1473 5690 mollitiem
1488 5612 1517 5667 tl
1530 5620 1595 5682 (11¹²
1611 5604 1689 5676 apud
1713 5603 1742 5661 S·
1757 5599 1822 5660 Μ’
1853 5639 1859 5651 ·
