3892 6136
71 278 145 337 4237

72 483 259 539 ethnicorum
287 487 435 554 pontilices
458 490 616 544 llammeum
636 490 727 546 velum
752 491 905 545 contrude-

71 567 103 607 re
112 558 294 611 consuevisse
310 576 316 611 ι
330 573 393 612 cnm
408 561 586 615 castimoniae
599 562 751 632 virginalis
764 564 902 631 prot'essio
920 590 931 601 ν

71 624 240 681 boumuuda
255 630 401 685 vitiaretur
413 633 498 686 etiam
515 633 564 702 iis,
579 635 629 702 tpui
648 633 828 702 perfectioris
839 636 903 688 sitm

69 698 172 752 studio
195 704 369 759 tenerentur.
386 702 419 756 ad
446 718 530 772 apuam
556 704 676 761 rationis
699 705 819 775 lumine,
837 705 903 761 licet

69 769 235 839 evangelica
257 771 311 826 lide
342 775 467 828 uorrrlunr
497 777 629 842 adaucto,
659 790 781 846 crepera
808 783 901 832 tamen

70 839 150 893 lucis
164 843 285 910 quodam
307 841 419 913 iulgme
440 848 585 915 perstricti
608 848 846 918 disponebantur,
871 855 902 904 nt

69 909 155 991 longa
189 915 403 972 enumeratione
432 918 544 974 erudite
583 919 681 987 probat
714 920 903 991 ilieronymus

73 983 174 1036 littera
199 991 299 1040 eontra
312 988 508 1044 tortilianum.
538 990 672 1058 Quamdiu
698 991 793 1062 igitur
820 1005 901 1046 suam

67 1053 204 1134 illectam
221 1057 313 1111 iconii
327 1071 390 1113 cum
412 1062 499 1116 Paulo
511 1061 707 1128 celebrabunt,
722 1071 749 1118 et
766 1064 901 1131 iiierapo-

70 1122 157 1178 litant
176 1140 240 1181 cum
262 1127 408 1198 Polycrate
431 1133 504 1186 duas
525 1133 654 1204 virgines
673 1135 798 1205 Pbilippi
826 1134 902 1189 iilius

68 1195 147 1262 apud
169 1197 322 1253 Eusebium
336 1200 387 1254 lib.
406 1216 447 1268 ru,
464 1216 525 1272 cap.
543 1202 587 1270 ii,
601 1206 800 1275 Aquileienses
816 1208 901 1260 Doro·

68 1264 177 1329 theam,
206 1270 391 1339 Euphemiam
408 1282 437 1327 et
461 1277 628 1342 iirasmam3
659 1290 711 1331 uos
740 1291 805 1332 xero
824 1276 899 1345 apud

67 1334 279 1394 consessionem
297 1341 371 1397 beati
396 1345 469 1398 Petri
492 1347 630 1417 sirgnren
647 1348 828 1404 Petronillam
845 1366 851 1414 3
871 1348 899 1401 in

67 1418 227 1478 conspeetu
238 1414 413 1469 nnxnritani
428 1415 645 1474 littoriscoutra
658 1418 769 1473 insulas
785 1420 901 1473 Pontias

68 1476 260 1549 Domitillam,
275 1485 398 1541 Eusebio
411 1488 518 1554 pariter
535 1496 628 1544 uotam
642 1505 706 1545 cum
721 1491 798 1545 socia
813 1490 899 1545 i’lrco·

67 1550 139 1606 dora
157 1572 164 1619 3
183 1554 211 1607 in
227 1553 363 1612 viminali
380 1564 408 1612 et
431 1560 588 1629 lixquiliuo
607 1561 680 1616 colle
700 1562 851 1617 Praxedem
866 1575 899 1615 ac

68 1621 298 1695 Patientiauam3
314 1629 341 1682 in
357 1629 507 1695 Auentino,
525 1644 557 1685 ac
571 1633 660 1687 Coelio
676 1631 835 1697 Balbinum,
865 1646 898 1687 ac

66 1693 257 1767 Theodoram,
274 1699 403 1755 illustres
428 1702 535 1769 titulis,
563 1704 722 1771 memoriis,
743 1704 896 1773 sepulcris,

69 1777 125 1820 uon
141 1769 304 1825 carebimus
317 1773 454 1840 exemplis
464 1775 519 1829 Deo
532 1774 633 1830 dicata·
647 1775 827 1846 virginitatis
844 1777 898 1843 pri·

69 1845 148 1892 moet
160 1839 251 1895 altero
263 1842 368 1897 Cbristi
385 1846 499 1899 saeculo.
517 1846 644 1914 probatis
657 1861 705 1915 per
716 1854 758 1902 tot
772 1848 898 1918 genuina

67 1907 249 1981 documenta,
268 1916 381 1983 quoties
404 1918 583 1984 postmodum
608 1918 800 1974 inclarescunt
813 1919 897 1973 etiam

66 1988 331 2040 aetatescousecutae
343 2000 391 2054 per
401 1988 556 2051 Caeciliam,
571 1991 736 2061 Eugenium,
752 1992 897 2059 agnetem,

66 2054 240 2120 susannam,
262 2058 452 2126 dirrrstasiam,
470 2059 629 2115 Bibiauam.
651 2063 748 2131 Neque
760 2062 835 2116 enim
852 2062 898 2116 di-

67 2136 152 2205 terso
164 2127 326 2197 Evangelio,
340 2131 413 2199 quod
426 2131 561 2198 gerebant
577 2133 604 2186 iu
624 2139 745 2200 pectore,
761 2147 818 2187 usae
832 2138 899 2188 suxit

67 2200 132 2249 istae
146 2197 175 2251 in
185 2198 365 2254 dedicatione
377 2215 435 2255 suat
446 2204 600 2267 castitatis,
614 2217 647 2258 att
662 2205 815 2260 utebantur
825 2205 900 2273 prio·

67 2279 112 2322 res
130 2268 198 2338 itta,
215 2286 337 2340 quarum
351 2273 491 2343 exemplis
503 2282 530 2329 et
543 2276 818 2343 vestigiissecuudae
831 2276 899 2330 iusi·

65 2339 190 2406 stebant,
217 2348 245 2396 et
274 2357 394 2413 quarum
424 2346 566 2414 sepulcris
596 2346 828 2402 advolvebantur.
859 2348 898 2401 Ex

64 2424 124 2537 guo
134 2411 266 2468 Salvator
282 2417 417 2470 nosteriu
435 2431 519 2472 cruce
532 2418 667 2487 pendeus,
684 2433 717 2473 ac
728 2420 897 2490 saraguinem

79 2482 194 2537 undens
207 2492 329 2540 stantem
351 2486 404 2542 sub
420 2502 505 2543 cruce
520 2490 662 2561 virginem
686 2493 802 2545 lintrem
825 2504 899 2559 pon-

64 2553 158 2609 tiilcia
168 2555 255 2611 veluti
267 2559 433 2627 aspersione
444 2561 546 2615 iterum
558 2561 703 2617 dedicarit
712 2564 741 2616 iu
753 2563 899 2631 exemplar

62 2625 225 2695 virgiuum,
242 2635 269 2683 et
286 2631 393 2711 virgini
411 2632 558 2700 discipulo
573 2635 794 2697 commendavit,
812 2639 898 2702 atque

64 2696 145 2752 iruuc
164 2699 257 2766 ipsum
269 2701 446 2771 uirginitatis
457 2703 563 2758 bonore
572 2718 629 2773 prae
640 2705 752 2760 caeteris
761 2704 816 2760 sibi
829 2705 899 2760 dile·

62 2774 144 2823 ctum
170 2769 262 2825 illium
287 2772 452 2841 adoptionis
478 2775 586 2845 virgini
611 2776 695 2831 liatri
730 2776 896 2842 substituit,

63 2839 222 2910 utriusque
241 2844 371 2912 exemplo
394 2850 435 2901 tot
445 2845 571 2916 virgines
592 2854 805 2914 succreverunt,
827 2854 898 2917 quot

63 2909 117 2966 ille
144 2914 172 2965 iu
196 2912 368 2984 Apocalypsi
399 2930 430 2971 se
463 2916 570 2972 vidisse
592 2926 796 2973 commemorat
820 2921 897 2973 circa

60 2983 177 3053 riguum
202 2985 230 3038 iu
257 2993 352 3041 monte
377 2987 455 3056 Sion,
481 2988 530 3058 qni
561 3003 625 3044 curn
648 2989 820 3045 mulieribus
841 3004 895 3047 non

61 3064 133 3110 sunt
145 3055 327 3126 coinquinati
344 3059 492 3130 ,virgines
506 3061 582 3115 euim
598 3066 675 3124 sunt,
693 3067 721 3116 et
734 3068 896 3130 sequuntur

60 3133 176 3196 agnum
192 3141 364 3199 quocunque
380 3131 456 3200 ierit,
474 3133 561 3200 empti
586 3145 621 3187 ex
644 3131 810 3187 bominibus
831 3134 896 3201 pri-

63 3197 159 3251 mitia
173 3199 230 3253 Deo
244 3206 270 3254 et
290 3200 379 3270 tigno.
396 3203 426 3256 Si
444 3203 510 3272 quis
534 3203 563 3258 in
579 3210 658 3259 tauta
673 3203 738 3259 luce
758 3205 894 3272 seriptu-
910 3192 932 3249 C

61 3281 173 3338 rarum,
196 3275 224 3324 et
250 3272 444 3341 exemplorum
474 3287 528 3329 urin
553 3275 630 3329 videt
657 3274 777 3345 gemello
803 3275 892 3330 veluti

62 3346 151 3409 partu
163 3340 257 3396 editas
274 3342 356 3398 idem
384 3345 590 3410 Christianam,
615 3352 644 3401 et
667 3346 840 3401 vocatiouem
858 3348 891 3401 ad

57 3412 234 3480 evangelicas
249 3414 430 3485 virginitatis
450 3417 606 3472 consilium
621 3418 843 3472 consectandum
858 3416 893 3472 ab

61 3482 114 3551 iis,
130 3484 181 3538 otri
205 3484 384 3554 perfectioris
407 3488 473 3541 vitae
497 3489 594 3543 studio
619 3495 793 3557 tenerentur,
809 3502 894 3544 naues

60 3565 180 3624 quoque
191 3556 339 3612 obturabit
352 3559 521 3629 iiierouymo
534 3560 641 3614 diserte
654 3559 783 3627 loquenti
796 3566 893 3615 eontra

61 3625 896 3696 iuimicumejusmodiconsiliiioviuiannmlib.1:odrau-

58 3696 111 3751 dis
139 3696 203 3753 iidei
233 3708 285 3765 est,
312 3702 486 3771 grandisque
522 3702 640 3756 virtutis
675 3703 724 3757 Del
757 3703 892 3772 ternplum

59 3780 126 3822 esse
157 3770 357 3839 purissimum,
388 3779 477 3827 toturn
505 3786 535 3827 se
575 3773 772 3828 holocaustum
793 3773 895 3829 oilerre

59 3839 196 3909 Domino,
227 3847 253 3896 et
278 3843 360 3910 juxta
385 3844 513 3898 eumdem
541 3843 708 3912 Apostolum
737 3859 799 3900 esse
823 3860 893 3899 san-

58 3913 141 3966 ctum
168 3925 285 3979 corpore
306 3920 334 3968 et
360 3915 476 3984 spiritu.
496 3917 527 3969 ili
550 3922 618 3971 suut
637 3917 775 3984 eunuchi,
793 3919 842 3987 qui
864 3931 894 3973 se

60 3980 350 4053 iignumaridumob
366 3987 547 4041 sterilitatem
564 3988 832 4057 putantesaudiunt
845 4002 893 4050 per

60 4054 166 4108 isaiam
183 4055 257 4124 quod
275 4070 324 4125 piro
338 4056 408 4111 illlis
422 4065 450 4113 et
470 4059 586 4114 iiliabns
602 4059 696 4114 locum
713 4060 742 4114 iu
754 4060 835 4115 coelis
847 4061 894 4115 ba·

59 4123 892 4199 beutparatum.iiornrntypusestibdemeleclreunncinus

60 4196 93 4250 iu
123 4196 275 4267 Hieremia,
305 4206 333 4254 et
359 4202 446 4269 spado
477 4201 525 4256 ille
558 4204 662 4274 reginae
692 4203 834 4258 Caudaoes
862 4203 891 4259 iu

56 4267 145 4322 Actis
158 4272 364 4338 apostolorum,
384 4273 432 4341 qui
457 4271 493 4327 ob
516 4272 603 4328 robur
629 4274 694 4328 iidei
715 4275 771 4329 viri
788 4288 890 4330 nomeu

57 4337 203 4394 obtinuit.
224 4342 264 4396 xd
288 4343 350 4408 bos,
372 4349 400 4398 et
421 4344 560 4412 Clemens,
594 4360 744 4401 successor
767 4346 890 4415 apostoli

59 4410 150 4477 Petri,
167 4414 251 4481 cujus
268 4415 373 4470 Paulus
386 4415 534 4484 apostolus
550 4418 692 4485 meminit,
707 4417 810 4472 scribit
825 4419 891 4487 epi-

58 4480 170 4535 stolas:
186 4497 354 4555 ornnemque
372 4501 611 4556 penesermouem
627 4503 711 4543 suum
726 4489 761 4543 de
772 4490 891 4560 virgini·

58 4553 888 4630 tatispuritatecnurexuit3etdeiucepsmultiapostolici,

57 4630 89 4678 et
109 4632 258 4696 martyres,
274 4628 446 4684 etillustres
469 4637 523 4684 tam
545 4632 697 4686 sanctitate
720 4645 804 4700 quam
826 4634 890 4688 eio-

58 4704 181 4769 quentia
196 4699 263 4765 viri,
276 4715 349 4770 (pros
364 4716 396 4756 ex
414 4702 540 4770 propriis
559 4703 677 4771 scriptis
694 4716 777 4758 nosse
794 4705 888 4772 peria-

57 4768 118 4825 cile
131 4776 184 4823 est.
202 4772 368 4827 »Hactenus
384 4774 582 4842 literouyrnus.
597 4776 647 4843 qui
660 4775 786 4828 omnium
802 4773 890 4830 ierme

60 4841 254 4898 Ecclesiarum
276 4842 404 4898 Orientis
434 4853 459 4898 et
482 4845 647 4900 Occidentis
673 4853 836 4914 conspectu,
862 4855 891 4901 et

56 4914 257 4983 experimento
268 4914 386 4970 edoctus
397 4916 567 4970 traditiones
578 4931 650 4986 quas
659 4922 805 4984 acceperat
817 4931 890 4972 cou-

56 4987 189 5042 tinenter
199 4986 320 5040 duerttes
334 4987 369 5040 ab
379 4987 536 5056 apostolica
548 4989 582 5043 ad
597 5001 679 5044 suam
695 4994 804 5043 aetatem
821 5003 890 5058 per-

54 5057 157 5123 duxit,
175 5062 201 5110 et
213 5058 416 5126 comprobarit¹

95 5130 155 5183 b'os
167 5128 284 5183 iuterim
302 5129 331 5183 iu
347 5131 492 5193 Pudentis,
518 5145 567 5187 seo
592 5131 776 5188 Pudentiaute
792 5131 889 5202 titulo,

56 5213 112 5271 per
126 5200 206 5254 Pium
223 5199 328 5267 dicato,
347 5203 417 5256 etin
433 5204 599 5266 cmmeteris,
615 5203 764 5270 Priscillae,
775 5202 824 5259 ubi
838 5204 892 5259 de-

55 5272 156 5343 posita
172 5270 228 5325 init
241 5286 306 5326 cnm
322 5273 434 5343 virgine
449 5288 555 5343 sorore,
570 5288 602 5330 ac
627 5276 793 5344 parentibus
810 5289 890 5331 sacra

54 5343 153 5413 virgo,
167 5341 345 5411 perfruimur
356 5347 767 5415 conspectudocumentorum.
786 5347 832 5402 bis
843 5348 890 5416 pi-

53 5413 154 5471 cturis
167 5427 199 5468 ac
213 5416 335 5470 rnusiris
350 5430 493 5485 expresso,
509 5426 567 5473 tum
585 5418 614 5471 in
630 5419 755 5472 velanda
768 5419 891 5487 virginis

57 5488 133 5550 ritu,
151 5499 233 5555 quem
256 5487 373 5542 exbibet
393 5491 503 5557 pictura
519 5490 695 5553 caemeterii,
717 5495 776 5543 tum
796 5491 824 5542 in
840 5503 890 5559 ge-

56 5558 165 5613 stando
180 5557 346 5625 liujnsmodi
363 5561 480 5624 ιιιιιίιιιι,
495 5566 523 5614 ιι
538 5560 599 5615 velo
616 5561 645 5614 iu
659 5565 800 5614 conventu
817 5573 893 5628 praa-

55 5634 162 5685 sertim
175 5629 317 5700 Ecclesiae,
329 5633 403 5701 quod
415 5646 429 5685 a
440 5632 596 5685 musinario
608 5631 892 5701 utriusquerirginis

55 5700 152 5769 capiti
168 5701 301 5756 decenter
316 5709 344 5756 et
360 5709 524 5757 constanter
538 5708 666 5771 aptatum
692 5704 833 5758 intuemur
862 5705 891 5758 in

55 5772 226 5828 earumdem
240 5773 426 5844 imaginibus,
442 5775 585 5842 expressis
597 5774 626 5828 iu
637 5773 736 5828 abside
748 5775 837 5846 tituli,
852 5790 895 5833 or·

58 5849 131 5900 nata
144 5856 196 5912 per
209 5844 360 5916 siricium,
376 5851 406 5900 et
417 5850 546 5914 reparata
563 5859 612 5914 per
624 5846 794 5903 adrianum.

549 286 710 344 Hismara
730 290 774 344 DE
794 288 881 344 vlits
899 287 985 344 ROM.
1006 289 1105 346 PONT.
1125 321 1161 331 -
1179 290 1206 345 S.
1229 292 1312 348 PlUS.

74 407 203 466 luissent
220 430 227 479 ς
244 426 308 469 enm
325 414 407 484 plane
418 422 543 484 nossent,
559 418 644 473 etiam
665 419 827 474 Vestalibus
841 420 904 475 suis
915 420 945 480 A

1713 290 1783 351 teat

1288 440 1448 497 CiAi'ONll.

996 545 1079 601 liuta
1104 544 1122 601 5
1157 577 1190 586 -
1223 549 1256 601 {It
1280 551 1402 601 stinctum
1439 547 1544 601 Pascite
1573 548 1617 601 die
1643 550 1781 603 Dominioo

958 617 1147 670 celebr-oretur.
1167 619 1237 672 Dum
1253 619 1347 673 dedic
1360 619 1508 674 Pascbatis
1521 620 1642 688 questio
1656 619 1784 744 agitare·

958 695 1005 743 tur
1020 689 1047 741 in
1065 690 1140 751 dsra,
1158 691 1280 755 tiermes,
1296 690 1390 758 ipsius
1404 691 1444 744 Pii
1464 704 1541 760 papae
1564 688 1650 745 irater
1688 690 1780 745 ibrum

958 760 1076 828 scripsit
1097 761 1184 815 tituto
1210 762 1337 815 Pastoris
1362 768 1467 816 sanctae
1491 763 1625 817 Romanae
1648 760 1782 817 Ecclesiae

959 831 1126 899 presbyteri,
1142 832 1264 886 alterius
1276 832 1374 887 iratris
1389 833 1446 891 sui.
1463 833 1491 887 in
1509 846 1566 902 quo
1582 832 1677 899 reiert,
1693 845 1782 904 ange-

959 904 1016 957 ium
1043 904 1166 971 pastoris
1192 917 1311 972 persona
1341 904 1526 959 indutumeti
1545 904 1726 974 praecepisse,
1752 912 1783 960 ut

957 973 1092 1028 omnibus
1110 975 1304 1044 persuaderet,
1321 973 1424 1030 iestum
1439 975 1586 1030 Pascbatis
1597 975 1645 1032 die
1658 975 1785 1032 Domini·

956 1058 988 1099 co
1004 1045 1204 1101 celebrandum
1222 1043 1291 1100 iore.
1307 1047 1380 1115 qnod
1399 1047 1427 1101 in
1443 1061 1476 1101 eo
1491 1046 1625 1102 Christus
1644 1047 1784 1103 Dominus

956 1128 971 1169 a
990 1119 1112 1171 mortuis
1124 1117 1308 1172 surrexisset.
1322 1116 1401 1185 Quod
1418 1123 1445 1172 et
1461 1116 1538 1173 iecit.
1549 1117 1609 1186 Qua
1621 1130 1707 1173 causa
1724 1131 1784 1174 mo·

957 1193 1002 1240 tus
1020 1187 1088 1242 Pius
1106 1200 1174 1257 papa
1192 1188 1395 1258 cumprimum
1417 1195 1587 1260 congregato
1603 1189 1783 1244 sacerdotum

957 1258 985 1311 in
1001 1257 1073 1312 Urbe
1089 1258 1223 1324 coneilio,
1242 1259 1356 1314 decreto
1369 1260 1466 1314 sanxit
1491 1266 1522 1315 ut
1537 1261 1710 1316 resurrectio
1724 1262 1785 1315 Do-

957 1328 1026 1383 mini
1037 1330 1095 1394 die,
1110 1331 1161 1399 qui
1172 1331 1341 1385 Dominicus
1353 1331 1473 1391 dicitur,
1487 1330 1690 1386 celebraretur.
1702 1330 1782 1400 Quod

957 1406 1052 1468 postea
1067 1400 1103 1454 ab
1116 1402 1178 1469 ejus
1205 1401 1423 1457 successoribus
1438 1401 1575 1457 ilomauis
1598 1401 1784 1472 pontiilribus

955 1472 1153 1527 coniirmatum
1168 1479 1220 1527 est.
1237 1472 1308 1528 Vide
1321 1478 1404 1528 notas
1418 1480 1570 1544 sequentes
1584 1474 1674 1546 Pagii.

1314 1616 1416 1673 excit.

988 1742 1073 1797 Linea
1086 1740 1112 1798 5.
1128 1772 1162 1781 —
1178 1743 1213 1796 Ut
1226 1746 1350 1796 saucium
1362 1743 1467 1796 Pascite
1481 1742 1525 1796 dia
1549 1744 1686 1798 Domiuieo
1712 1745 1784 1800 cele-

913 1802 939 1862 b
954 1814 1090 1867 bearetur.
1105 1813 1289 1868 Verioreuim
1302 1819 1329 1869 et
1343 1814 1434 1886 magis
1449 1818 1559 1884 recepta
1573 1820 1614 1870 est
1629 1816 1708 1884 prior
1723 1828 1784 1872 seu·

953 1885 1053 1950 tentia,
1070 1886 1129 1952 cui,
1145 1890 1245 1955 prater
1269 1891 1401 1940 atretores
1426 1884 1567 1952 laudatos,
1585 1886 1782 1955 astipulantur

954 1957 1142 2025 liegesippns,
1160 1957 1210 2026 qui
1235 1956 1289 2011 sub
1303 1957 1401 2011 eodem
1422 1956 1542 2012 iniceto
1558 1958 1672 2012 Romam
1690 1958 1779 2021 veuit,

953 2028 1011 2082 duo
1024 2027 1189 2096 Nicephori,
1208 2041 1240 2081 ac
1255 2028 1368 2082 denium
1398 2034 1453 2082 tam
1478 2029 1572 2082 latini
1590 2041 1674 2097 quam
1689 2029 1780 2085 Graeci

955 2100 1127 2153 recentiores
1137 2112 1244 2153 omues.
1258 2099 1330 2153 llnic
1342 2098 1471 2169 pontifici
1486 2098 1780 2156 tribuiturdecretnm

954 2170 989 2224 de
1002 2169 1172 2224 celebrando
1187 2170 1322 2225 Pascbate
1333 2171 1381 2225 die
1403 2170 1555 2225 Dominico
1571 2187 1578 2238 3
1595 2171 1643 2226 sed
1668 2172 1776 2240 episto·

955 2240 1187 2296 lamdecretalem
1202 2241 1257 2301 Pii,
1273 2255 1306 2295 ex
1323 2256 1378 2311 qua
1395 2242 1421 2296 id
1441 2241 1599 2309 conjicitur
1613 2242 1653 2295 sei
1671 2257 1783 2312 suppo-

954 2313 1038 2367 sitam
1051 2314 1227 2367 crrnreniuut
1242 2326 1340 2368 omnes
1353 2313 1472 2368 eruditi.
1495 2315 1629 2367 Praeterea
1647 2313 1714 2368 licet
1728 2315 1781 2369 de-

954 2391 1062 2438 rretnm
1083 2383 1154 2438 illud
1172 2399 1186 2438 a
1202 2385 1250 2439 i‘io
1266 2383 1375 2440 editum
1392 2398 1453 2439 esss
1467 2385 1580 2453 legatur
1596 2384 1624 2438 in
1637 2384 1781 2442 Chronico

953 2455 1070 2510 Eusebii
1085 2456 1131 2510 iris
1144 2455 1237 2510 verbis
1252 2474 1258 2509 :
1273 2476 1286 2506 ι
1300 2456 1445 2510 sancitum
1463 2461 1505 2510 est
1520 2468 1535 2509 a
1548 2455 1607 2510 i‘io.
1625 2461 1656 2511 ut
1671 2457 1782 2512 ilesur-

954 2528 1043 2581 rectio
1057 2527 1216 2596 Domiuica,
1243 2527 1291 2581 die
1313 2527 1461 2581 Dominica
1486 2526 1655 2595 celebretur,
1672 2528 1781 2598 quoda

954 2597 1089 2667 pluribus
1106 2606 1200 2667 postea
1217 2597 1404 2667 pontiticibus
1417 2598 1670 2654 couirrmatumest
1684 2617 1692 2667 ς
1708 2600 1780 2654 »ir-

954 2669 1057 2724 naldus
1073 2676 1166 2723 tamen
1183 2670 1324 2724 Pontacus
1339 2670 1367 2723 in
1388 2669 1466 2723 notis
1479 2675 1614 2738 testatur,
1633 2669 1682 2724 ilia
1695 2670 1781 2727 verba

952 2754 1008 2795 nou
1027 2741 1146 2810 reperiri
1163 2741 1192 2794 in
1210 2754 1277 2794 mss.
1306 2739 1459 2795 codicibus
1485 2739 1623 2796 Chronici
1650 2741 1780 2805 Eusebii‚

953 2811 1075 2879 ideoque
1089 2826 1122 2867 ex
1134 2825 1167 2866 eo
1185 2811 1301 2879 penitus
1312 2810 1452 2879 delenda3
1479 2825 1542 2867 cum
1561 2813 1719 2882 praesertim
1745 2827 1779 2870 ιιι

952 2884 1075 2952 ipsomet
1090 2883 1215 2938 Eusebio
1244 2882 1295 2937 lib.
1311 2897 1328 2935 ιι
1347 2884 1418 2937 iiist.
1440 2882 1624 2950 ecclesiast,
1651 2897 1712 2953 cap.
1732 2882 1777 2955 23,

952 2960 1062 3009 constet
1076 2954 1131 3008 tale
1145 2954 1303 3021 decretum,
1324 2953 1360 3007 de
1382 2953 1552 3008 celebrando
1568 2954 1703 3011 Pascbate
1731 2955 1780 3011 die

951 3025 1111 3087 Dominica,
1128 3024 1313 3092 abapostoiis
1326 3025 1468 3079 sancitum
1487 3022 1588 3080 luisse.
1603 3024 1697 3094 Quare
1705 3027 1780 3082 iose-

952 3095 1168 3164 pirusScaliger,
1181 3097 1209 3149 in
1218 3108 1288 3151 nova
1297 3095 1425 3150 editione
1435 3096 1570 3151 (ibronici
1579 3096 1732 3152 Eusebiaui
1744 3111 1778 3152 ex

950 3180 982 3221 eo
998 3167 1081 3222 verba
1098 3166 1147 3221 illa
1162 3167 1313 3236 expunxit.

984 3275 1035 3329 Sed
1050 3278 1142 3328 exstat
1151 3274 1226 3342 apud
1238 3273 1407 3328 Gratianum
1419 3287 1480 3342 cap.
1493 3273 1528 3328 de
1540 3274 1772 3340 consecratione,

947 3346 1008 3401 dist
1021 3343 1049 3411 D,
1063 3346 1208 3399 decretum
1226 3344 1268 3398 i‘ii
1282 3358 1358 3412 papae
1375 3345 1408 3398 de
1421 3347 1583 3414 partirentur
1605 3345 1675 3412 rjus,
1691 3346 1771 3414 eujus

948 3418 1114 3484 uoqliqrntr'e
1134 3416 1167 3468 tie
1181 3418 1315 3481 sanquine
1334 3418 1439 3471 Domini
1458 3417 1568 3484 aliquid
1583 3417 1680 3471 stillet.
1697 3418 1771 3474 ittud

948 3496 1041 3543 autem
1059 3488 1114 3542 tale
1129 3494 1192 3541 est:
1218 3486 1274 3541 «si
1298 3500 1347 3555 per
1374 3487 1576 3556 negligentiam
1600 3487 1712 3558 aliquid
1738 3490 1774 3545 de

948 3560 1089 3628 sauguine
1104 3558 1220 3612 Domini
1239 3558 1394 3613 stillaverit
1409 3559 1436 3612 in
1452 3564 1567 3624 terram,
1584 3558 1684 3629 lingua
1698 3560 1774 3614 lam-

948 3630 1042 3694 batur,
1061 3629 1157 3684 tabula
1174 3630 1291 3684 radatur
1307 3630 1351 3694 3si
1368 3642 1422 3683 nnn
1438 3628 1525 3684 luerit
1541 3629 1648 3695 tabula,
1670 3636 1701 3686 ut
1716 3644 1771 3687 nou

948 3701 1143 3767 conrtulcetur,
1158 3701 1238 3756 locus
1253 3702 1432 3763 corrodatur,
1449 3707 1475 3754 et
1492 3702 1557 3771 igne
1572 3709 1770 3765 consumatur,

948 3774 1061 3828 etcinis
1085 3775 1160 3826 intra
1183 3772 1273 3826 altare
1289 3772 1471 3838 recondatur,
1487 3779 1515 3826 et
1536 3773 1669 3827 sacerdos
1695 3786 1772 3842 qua-

948 3845 1079 3915 draginta
1089 3844 1192 3899 diebus
1204 3845 1349 3912 praeniteat.
1362 3843 1390 3896 Si
1405 3856 1468 3897 vero
1479 3856 1565 3912 super
1578 3843 1667 3898 altare
1680 3844 1773 3900 stilla·

948 3917 1021 3971 verit
1033 3916 1120 3983 calix,
1136 3914 1249 3970 sorbeat
1263 3915 1395 3969 minister
1418 3913 1539 3983 stillam,
1554 3920 1583 3969 et
1597 3913 1691 3969 tribus
1705 3916 1773 3970 die-

948 3987 1002 4043 bus
1019 3989 1163 4056 irmiriteat.
1180 3987 1209 4041 Si
1225 3999 1312 4055 super
1324 3984 1444 4041 linteum
1458 3986 1571 4048 altaris,
1596 3991 1623 4039 et
1639 3989 1672 4039 ari
1688 3985 1768 4042 aliud

947 4059 1025 4115 stilla
1043 4059 1210 4127 pervenerit,
1226 4063 1349 4128 quatuor
1361 4057 1465 4113 diebus
1481 4056 1662 4126 poeniteat.Si
1682 4071 1773 4129 usque

947 4132 980 4185 ad
998 4132 1126 4193 tertium,
1142 4143 1239 4184 uorem
1264 4127 1368 4184 diebus
1390 4129 1535 4197 poeuiteat.
1562 4128 1592 4183 st
1619 4142 1711 4199 usque
1735 4131 1769 4185 ad

947 4203 1126 4272 quartumvi
1151 4200 1697 4270 iutidiebuspoeniteat,etiiuteamina,
1729 4214 1772 4256 ιιι

946 4275 1074 4345 tetigerit
1087 4217 1176 4331 stifia.
1190 4271 1284 4327 tribus
1295 4271 1408 4328 vicibus
1417 4272 1550 4327 minister
1562 4271 1671 4340 abluat,
1682 4216 1772 4328 ιιἹιιι

946 4347 1139 4415 superposito,
1154 4350 1182 4399 et
1208 4357 1281 4414 aqua
1304 4343 1465 4399 ablutionis
1484 4348 1626 4410 sumatur,
1642 4349 1670 4397 et
1688 4344 1771 4411 juxta

945 4418 1035 4472 altare
1049 4417 1231 4472 recondatur.
1246 4416 1309 4470 »Ex
1326 4416 1379 4470 boc
1391 4421 1418 4470 et
1432 4414 1501 4470 aliis
1512 4415 1636 4470 derectis
1650 4414 1685 4467 de
1700 4414 1771 4485 ritu,

945 4496 972 4544 et
989 4488 1071 4544 medo
1086 4489 1187 4557 cuipas
1202 4487 1230 4541 in
1256 4495 1465 4541 sacramentum
1484 4484 1675 4539 Eucbaristlae
1688 4498 1770 4538 com-

948 4560 1049 4615 missas
1060 4558 1209 4629 expiandi,
1220 4562 1248 4611 et
1261 4556 1414 4624 supplendi
1423 4555 1551 4610 deiectus
1567 4555 1597 4608 iu
1610 4555 1672 4622 ipso
1683 4555 1772 4608 sacri·

946 4632 1010 4687 icio
1025 4635 1217 4695 occurrentes,
1234 4626 1360 4682 ostendit
1370 4626 1539 4681 Edmundns
1554 4625 1678 4679 biarrtene
1691 4624 1741 4679 lib.
1760 4639 1768 4680 ι

943 4707 979 4758 de
992 4704 1128 4771 antiquis
1143 4699 1275 4754 Ecclesiae
1289 4698 1416 4761 ditibus,
1430 4711 1492 4764 cap.
1507 4695 1534 4762 ὅ,
1549 4701 1593 4749 art
1619 4693 1646 4762 5,
1662 4702 1768 4765 quauta

944 4775 1100 4829 reuerentia
1117 4784 1183 4841 erga
1202 4782 1309 4825 sacram
1326 4768 1530 4823 eucharistiam
1554 4773 1661 4822 veteres
1678 4768 1771 4823 duce-

945 4851 1056 4910 rentur,
1068 4855 1152 4913 quam
1166 4840 1351 4895 reverentiam
1367 4845 1442 4894 recte
1453 4838 1557 4894 scribit
1568 4852 1621 4894 nou
1636 4838 1767 4894 intimum

945 4927 1038 4971 tenere
1051 4915 1142 4970 lacurn
1158 4912 1260 4967 debere
1274 4912 1348 4965 iuter
1362 4911 1440 4965 uaria
1455 4910 1599 4964 rationum
1616 4916 1767 4979 momenta,

945 4987 1053 5059 aquibus
1068 4984 1154 5040 realis
1165 4985 1194 5038 in
1207 4982 1389 5038 Eucharistia
1401 4980 1510 5037 Cbristl
1524 4982 1676 5050 praesentia
1686 4994 1769 5037 com-

946 5059 1060 5129 probari
1078 5054 1216 5127 potest.Si
1233 5055 1322 5121 euim,
1338 5054 1444 5124 iuquit,
1461 5066 1495 5108 ex
1508 5048 1697 5121 Tertulliano,
1714 5052 1766 5108 lib.

944 5133 979 5186 de
994 5133 1103 5185 Corona
1126 5126 1241 5195 militis,
1255 5139 1317 5194 cap.
1331 5123 1358 5190 3,
1387 5124 1547 5180 Cbristiaui
1573 5137 1626 5180 suo
1642 5131 1768 5193 tempore

945 5198 1256 5271 ‹rnutepatiebantnr,si
1268 5197 1337 5268 quid
1349 5210 1384 5253 ιιι
1396 5195 1578 5252 Eucharistia
1607 5208 1634 5249 m
1662 5202 1767 5251 terram

944 5275 1110 5331 decideret:
1126 5279 1154 5327 ιι
1182 5284 1214 5325 ex
1229 5268 1351 5340 Origene
1374 5267 1492 5323 bomilia
1523 5264 1557 5322 t3
1577 5267 1606 5321 in
1629 5267 1767 5337 Exodnm,

944 5362 1002 5400 reos
1024 5357 1054 5400 se
1076 5357 1138 5398 esse
1153 5340 1315 5407 credebaut,
1342 5345 1369 5395 et
1394 5347 1469 5395 recte
1492 5337 1646 5394 credebaut
1660 5337 1768 5408 ildeles,

945 5419 970 5473 si
985 5417 1100 5488 quaudo
1115 5417 1141 5470 id
1159 5427 1206 5481 per·
1220 5411 1424 5483 negligentiam
1442 5410 1612 5479 accidisset3
1628 5423 1691 5480 quae
1702 5416 1771 5466 tan-

945 5490 1007 5544 dem
1025 5494 1108 5542 tautae
1123 5484 1278 5540 auxietatis
1293 5495 1379 5537 causa
1394 5483 1409 5533 i
1422 5496 1484 5552 quae
1499 5481 1595 5550 culpa,
1610 5483 1685 5552 quod
1706 5482 1770 5538 cri-

948 5574 1009 5616 men
1022 5574 1079 5613 reos
1090 5555 1289 5621 coristitueret,
1301 5559 1329 5608 et
1344 5560 1418 5608 recte
1431 5553 1645 5609 constitueret?
1660 5555 1685 5609 si
1703 5568 1770 5623 prae·

948 5642 989 5688 ter
1005 5643 1102 5700 panem
1116 5627 1263 5694 etvinnm,
1281 5637 1444 5696 moramque
1460 5624 1580 5696 liguram
1596 5624 1675 5681 aliud
1693 5625 1769 5682 nibil

948 5703 1131 5775 agnovissent
1146 5700 1174 5753 in
1187 5703 1375 5753 sacramento.
1388 5696 1474 5751 Aliud
1491 5710 1570 5768 ergo,
1584 5702 1612 5752 et
1624 5696 1696 5752 iliud
1715 5712 1770 5754 ma·

949 5789 1034 5847 gnnrn
1051 5772 1163 5843 aliquid
1175 5768 1342 5826 credebant:
1360 5774 1389 5823 et
1402 5768 1471 5838 quid
1489 5767 1561 5824 illud
1577 5766 1591 5822 i
1605 5767 1668 5824 Nisi
1683 5769 1771 5824 realis

951 5851 979 5903 in
994 5843 1179 5902 Eucharistia
1192 5841 1300 5898 Christi
1317 5840 1478 5910 presentia.
