3892 6136
119 269 176 332 957

564 281 610 340 bu
627 283 896 342 annnmnntta
914 284 957 341 Et
975 283 1214 347 AUCTORITATE
1232 290 1259 346 S.
1280 291 1386 349 subis,

1731 278 1828 350 '95⁸

119 400 212 458 citate
225 402 255 458 in
271 403 447 472 punitentia
462 416 640 465 sacramento
655 410 897 478 administrando,
915 423 948 467 ac
963 411 993 472 A
1003 425 1066 467 esse
1079 413 1262 486 videbantur,
1283 430 1347 471 cnm
1364 430 1425 472 sese
1444 422 1586 473 armarent
1599 418 1696 474 Patres
1712 432 1827 475 neeesse

120 471 300 544 negligentia
312 474 341 530 in
357 489 554 548 epzscoporum
571 481 734 554 gradusque
749 481 948 538 interiorisec·

120 542 355 628 clesiasticornm
370 547 508 605 electione
519 569 527 621 3
539 552 650 607 eosdem
666 555 816 622 episcopos
823 553 949 609 11111111-

119 627 180 670 nus
191 622 338 672 renuntiat
349 631 382 673 co
404 620 512 676 nitores
526 622 554 676 in
567 635 652 678 causa
664 625 787 679 duorum
796 624 948 694 episcopo·

121 700 199 742 rum.
220 688 252 742 in
270 634 408 770 decretali
424 691 459 746 ad
473 692 623 774 episcopos
644 694 782 751 Calabriae
796 703 825 751 et
837 693 949 764 apulie

119 769 271 840 sacrorum
284 772 323 813 ns
331 772 472 842 canonum
483 765 644 831 scientiam,
660 771 756 835 utpote
765 767 882 822 omnino
896 778 950 819 ne-

119 841 279 884 cessariam
294 833 448 900 episcopis,
458 835 653 891 commendat:
668 849 698 891 se
716 836 883 907 significans
899 849 950 906 pro

119 913 236 956 summa
267 913 303 955 ua
317 907 361 957 est
374 908 512 971 potestate
528 907 712 975 praecipiendi
726 908 889 964 eorumdem
899 919 947 962 ca-

118 983 257 1027 nonumo
278 974 460 1053 servantiam,
480 975 510 1031 in
525 989 573 1032 eos
584 978 812 1034 animadversum
828 978 949 1048 poenisa

115 1041 357 1125 Jurepraednrtts,
370 1058 443 1112 quos
451 1045 622 1117 obsequium
631 1049 865 1106 suaeauctoritati
875 1049 950 1104 suis·

118 1126 179 1183 quc
193 1113 335 1196 mandatus
346 1114 476 1171 debitum
487 1117 522 1172 ad
532 1120 681 1187 proprium
692 1119 812 1175 minime
823 1118 948 1176 cilicium

120 1184 300 1253 perduxerit.
313 1184 378 1240 Alia
390 1187 504 1242 demum
516 1189 545 1243 in
554 1188 691 1246 decretali
700 1190 821 1259 epistola
831 1192 866 1247 ad
878 1189 950 1258 llly-

118 1255 201 1311 ricos
213 1253 483 1325 presulesdeclarat
497 1273 614 1316 munera
624 1261 671 1315 sui
681 1261 832 1330 apostolici
845 1261 947 1317 vicarii

117 1339 185 1382 esse
199 1343 206 1381 :
220 1325 396 1381 definitivam
411 1328 440 1382 in
461 1342 493 1384 ea
506 1331 655 1399 provincia
669 1332 840 1387 sententiam
863 1332 947 1398 terre,

117 1410 290 1453 consecrare
305 1398 464 1470 episcopos,
481 1413 636 1457 convocare
650 1403 783 1472 synodos,
799 1408 827 1457 et
846 1416 948 1458 causas

117 1482 188 1596 3111
213 1469 248 1524 ad
272 1468 457 1538 apostolicam
483 1472 576 1527 sedem
603 1470 757 1528 relerendae
780 1472 873 1531 lorent
892 1487 949 1529 an-

143 1553 198 1596 xre.

157 1610 314 1736 pelagiani,
331 1610 589 1671 sollicitationibus
597 1627 630 1670 ac
645 1615 779 1683 precibus
795 1616 949 1699 undequa-

1004 483 1062 538 luit
1074 484 1211 541 adversus
1223 486 1460 543 contumeliosam
1476 488 1579 558 agendi
1592 490 1731 545 rationem
1746 490 1827 546 loan-

1005 556 1051 609 nis
1063 555 1246 628 dntiocbeni,
1263 559 1325 627 qui,
1341 559 1465 614 Nestorii
1483 559 1614 614 doctrina
1628 560 1827 629 minimepro·
1864 568 1869 579 “

1004 624 1079 689 bata,
1093 634 1185 683 tamen
1201 636 1351 685 curaverat
1361 636 1393 684 ut
1405 631 1438 684 1).
1451 628 1553 700 cyrilli
1566 629 1699 686 doctrina
1714 633 1743 685 in
1753 644 1826 686 con·

1004 695 1145 753 ciliabulo
1170 699 1267 755 eadem
1291 700 1320 755 in
1346 699 1415 755 urbe
1438 701 1547 770 preso
1562 707 1660 756 coacto
1672 701 1827 756 damnare-

1005 772 1053 822 tur
1064 767 1105 850 (pi.
1128 770 1226 825 Patres
1242 771 1333 839 igitur
1355 776 1420 841 post
1431 772 1594 828 necessaria
1609 771 1716 826 monita
1730 770 1827 827 sebic-

1005 839 1826 914 111111111111111111111111111111111111111111111,

1004 911 1829 982 nequcmmendeposuerunt,sanctaesedisjudicioejus-

1004 981 1406 1051 modipoenamimponendam
1417 983 1623 1054 relinquentes,
1635 983 1677 1039 uti
1686 989 1829 1040 testantur

1005 1051 1034 1104 in
1051 1052 1188 1122 synodica
1207 1053 1242 1109 ad
1258 1052 1463 1123 Coelestinum3
1486 1067 1568 1125 quem
1591 1054 1660 1109 item
1675 1055 1827 1111 certiorem

1003 1119 1426 1196 ieceruntdeposltionisatque
1436 1125 1533 1181 exsilii
1545 1137 1643 1195 poenae,
1655 1138 1712 1194 qua
1722 1125 1825 1181 Nesto·

1004 1193 1080 1248 rium
1095 1194 1299 1250 damnaverant
1314 1209 1422 1252 necnon
1446 1195 1568 1252 alterius
1589 1197 1718 1265 episcopi
1732 1197 1826 1251 eidem

1003 1262 1745 1337 suffecti.Theodosiusimperatorduospontillcile
1782 1271 1828 1323 tos

1004 1335 1086 1390 misit
1108 1335 1283 1407 gratulatum
1306 1338 1342 1393 ob
1367 1338 1518 1394 victoriam
1535 1335 1580 1408 (1),
1595 1350 1680 1407 qnam
1700 1338 1754 1392 Ecc
1767 1337 1827 1392 esia

1005 1406 1142 1462 retulerat
1154 1408 1189 1463 de
1202 1407 1369 1478 heresibus,
1382 1409 1644 1479 praeclarissimam,
1658 1406 1828 1477 apostolicis

1005 1482 1088 1535 utens
1103 1477 1219 1545 gladiis,
1235 1479 1344 1548 quibus
1358 1482 1448 1548 ipsam
1464 1484 1631 1535 armaverat.
1649 1477 1780 1544 Pontifex
1796 1479 1826 1533 in

1003 1548 1147 1617 encyclica
1161 1550 1194 1603 ad
1218 1551 1369 1620 episcopos
1382 1552 1433 1620 qui
1449 1552 1589 1621 synodum
1609 1549 1787 1606 celebrarant
1799 1547 1828 1620 (ἱ)

1004 1619 1827 1691 sententiamdepositioniscondrmat,tumprincipisbac

118 1696 143 1810 3
163 1682 221 1737 ead
245 1681 338 1750 ibitis,
356 1684 950 1770 11111111111111111111111111111111111·
1006 1690 1101 1745 reticae
1126 1689 1208 1773 illins
1223 1697 1316 1774 sectae,
1331 1698 1391 1747 tum
1409 1697 1593 1756 sectatorum,
1611 1705 1684 1762 quos
1707 1690 1826 1774 concilii

146 1766 180 1810 os
195 1753 352 1823 perducere
372 1753 408 1825 (a)
425 1777 428 1804 :
448 1762 548 1812 contra
564 1770 630 1812 vero
654 1772 680 1813 rs
696 1764 810 1828 negavit
827 1756 948 1812 neiarns
962 1761 989 1823 Β
1005 1761 1102 1815 Patres
1125 1768 1295 1816 nominatim
1320 1761 1542 1832 appellaverant.
1572 1764 1653 1819 Poena
1678 1762 1774 1819 eadem
1797 1775 1827 1817 11

117 1823 268 1894 capitibus
290 1827 543 1883 accommodandas
571 1842 666 1897 aures,
684 1842 719 1884 ex
728 1829 806 1897 juris
821 1828 951 1897 praescri·

119 1902 172 1965 pto
185 1895 330 1951 damnatis
346 1914 354 1959 ;
370 1910 516 1967 unamque
532 1899 569 1953 iis
584 1900 626 1954 ait
640 1900 715 1955 viam
731 1912 793 1955 esse
807 1899 947 1969 reliquam

116 1965 157 2023 ad
178 1965 336 2022 Ecclesiam
351 1966 494 2032 redeunti,
511 1970 708 2039 penitentiam
723 1969 772 2040 (b).
804 1971 836 2025 in
855 1971 950 2038 majo-

117 2050 182 2094 rem
202 2037 379 2094 Britanniam
396 2040 488 2107 misit,
502 2042 552 2111 qui
576 2041 752 2110 provinciam
767 2041 802 2096 ab
821 2041 876 2096 ista
896 2040 951 2097 bae-

118 2109 179 2165 resi
202 2116 405 2191 expurgarent.
428 2111 579 2182 Scotisque
598 2112 679 2168 dedit
704 2110 855 2182 praesulem
882 2125 947 2168 cnm

110 2179 280 2251 'evangelici
312 2181 451 2250 praeconis
474 2188 622 2252 potestate,
648 2196 706 2253 quo
731 2182 760 2238 in
780 2182 948 2239 Hiberniam

118 2249 362 2323 proficisceretur,
387 2257 447 2308 tum
462 2260 494 2308 ut
509 2255 560 2324 qui
576 2254 723 2309 Christum
741 2253 847 2309 ibidem
868 2253 949 2309 coie-

118 2328 197 2391 rent,
213 2327 347 2392 servaret,
364 2330 425 2379 tum
441 2330 474 2380 ut
492 2337 579 2381 novos
592 2325 627 2381 ad
650 2325 835 2396 Evangelium
850 2324 949 2381 culto-

118 2393 355 2464 resadjungeret.

158 2464 234 2520 idem
258 2464 386 2533 pontifex
402 2468 602 2524 Nestorianam
622 2467 754 2523 baeresim
770 2468 948 2524 condemna-

117 2536 165 2591 vit
186 2549 221 2592 ex
235 2534 379 2592 delatione
393 2537 427 2592 ad
451 2551 481 2594 se
499 2537 573 2594 iacta
596 2552 645 2607 per
669 2539 807 2610 cyrillum
829 2537 947 2594 Alexan·

117 2606 241 2663 driunm
266 2606 309 2677 lc).
333 2609 535 2664 Naeresiarcbae
558 2610 666 2677 pariter
678 2609 872 2679 depositionis
886 2624 950 2678 poe-

119 2691 188 2733 nam
202 2677 322 2744 indixit,
333 2679 390 2734 nisi
400 2686 506 2736 statum
521 2681 596 2736 intra
605 2687 717 2750 tempus
728 2694 797 2736 suos
806 2693 841 2735 111
851 2682 948 2736 animo

117 2763 152 2805 se
174 2762 287 2806 errores
310 2750 428 2819 ejecisse
449 2752 569 2820 scriptis
591 2751 784 2807 covtdrmaret.
811 2751 947 2806 Eumdem

117 2821 154 2876 D.
177 2819 317 2890 cyrillum
341 2822 531 2891 apostolicum
551 2836 636 2878 suum
649 2824 790 2878 vicarium
805 2822 946 2892 instituit,

120 2899 155 2948 ut
167 2891 347 2948 exsecutioni
367 2900 481 2948 curaret
495 2894 625 2950 mandari
646 2895 815 2950 sententiam
830 2906 846 2948 a
859 2906 889 2948 se
902 2892 947 2948 la-

118 2967 179 3017 tam
192 2968 289 3018 contra
306 2963 469 3020 Nestorium
484 2981 492 3032 ς
507 2978 597 3034 eaque
613 2965 643 3021 in
656 2978 721 3020 eum
737 2963 839 3021 collata
852 2964 948 3034 digni·

119 3038 165 3088 tas
179 3046 267 3089 causa
287 3032 344 3089 luit
356 3048 409 3091 cur
423 3036 607 3091 aecumenicae
627 3036 736 3107 synodo
749 3035 854 3104 Ephesi
868 3034 947 3089 eele-

1004 1830 1408 1918 111111111111111111111111111ι
1421 1835 1472 1903 qui
1483 1848 1548 1889 cum
1560 1834 1590 1889 11
1601 1832 1827 1902 impioseosdem

1005 1915 1106 1957 sensus
1122 1902 1299 1972 lapsiessent
1310 1904 1520 1974 baeresvsatque
1531 1904 1828 1974 eiusauctorisdam-

1006 1974 1117 2028 nationi
1143 1987 1178 2029 ne
1192 1974 1407 2031 subscriberent
1422 1984 1598 2031 recusarent.
1620 1975 1717 2045 Quoad
1741 1976 1826 2045 aiios,

1003 2044 1214 2100 antiochenum
1226 2059 1326 2115 nempe
1336 2046 1484 2114 praesulem
1496 2059 1529 2102 ac
1540 2048 1644 2114 socios,
1658 2047 1720 2117 qni,
1734 2045 1828 2101 baere-

1005 2114 1060 2169 sim
1080 2116 1311 2183 condemnantes,
1330 2117 1525 2173 indemnatum
1543 2118 1719 2186 reliquerant
1733 2117 1827 2172 baere-

1005 2186 1158 2251 siarcbam,
1174 2185 1298 2243 fraterne
1314 2188 1397 2256 prius
1410 2188 1503 2244 voluit
1515 2189 1662 2244 admoneri
1679 2202 1763 2259 quam
1778 2188 1827 2243 in-

1004 2258 1176 2313 clementius
1200 2259 1229 2312 in
1256 2260 1369 2315 eosdem
1396 2265 1537 2331 ageretur.
1561 2261 1642 2316 clero
1666 2258 1828 2329 populoque

1004 2327 1290 2397 constantinopoleos
1315 2331 1484 2399 perscripsit
1506 2330 1541 2386 de
1561 2330 1690 2400 ipsorum
1707 2328 1828 2399 praesute

1004 2412 1102 2455 recens
1112 2399 1202 2455 electo
1217 2399 1272 2471 (m),
1289 2408 1321 2456 nt
1333 2402 1534 2471 cujuscunque
1556 2400 1750 2457 dubitationis
1762 2412 1827 2455 cau-

1003 2483 1049 2526 sas
1064 2469 1163 2539 procul
1177 2472 1313 2527 babentes
1327 2485 1392 2527 eum
1407 2473 1552 2539 audirent,
1565 2472 1672 2542 quippe
1684 2471 1746 2541 qui,
1761 2484 1826 2526 cnm

1003 2542 1134 2596 Itomanae
1157 2542 1187 2596 in
1201 2543 1335 2598 Ecclesia
1347 2544 1416 2600 sinu
1436 2543 1526 2597 alitus
1542 2545 1730 2612 nutritusque
1742 2547 1826 2610 esset,

1004 2612 1066 2667 lieri
1089 2625 1145 2668 non
1165 2619 1276 2681 poterat
1297 2613 1404 2670 utalia
1428 2620 1530 2681 praeter
1548 2614 1698 2682 antiquam
1720 2611 1829 2668 doctri-

1003 2696 1067 2738 nam
1089 2682 1219 2739 imbutus
1237 2692 1336 2755 esset3
1361 2684 1443 2739 novis
1466 2696 1589 2755 namque
1612 2684 1699 2740 rebus
1711 2684 1827 2739 Romam

1003 2754 1102 2810 aditus
1126 2760 1170 2809 est
1192 2754 1346 2811 occlusus:
1371 2767 1495 2821 cumque
1510 2755 1605 2823 ipsius
1629 2755 1824 2825 episcopide

1003 2824 1097 2880 ctrina
1123 2823 1349 2881 fundamentalis
1363 2825 1571 2897 angularisque
1594 2831 1669 2882 esset
1695 2825 1829 2881 Ecclesia

1004 2895 1090 2965 lapis,
1103 2895 1139 2950 ab
1154 2896 1250 2951 eadem
1267 2896 1397 2952 recedere
1413 2895 1492 2952 netas
1507 2897 1704 2953 omninoesse.

1038 2968 1077 3021 111
1104 2966 1132 3021 11
1154 2967 1213 3021 1111
1245 2966 1471 3038 presbyterorum
1496 2967 1632 3024 eGalliis
1645 2980 1773 3028 numero,
1789 2965 1827 3037 (11)
1843 2993 1853 3007 ·

1001 3037 1093 3107 deque
1117 2983 1266 3108 afiquibus
1290 3052 1324 3093 ex
1357 3036 1428 3093 urbe
1451 3036 1550 3093 Genua
1565 3038 1692 3095 delatum
1718 3036 1775 3093 init
1792 3037 1826 3092 ad

119 3103 210 3160 bratae
223 3104 350 3174 cyrillus
375 3114 507 3174 praeesset
529 3106 576 3178 (d).
593 3106 753 3163 Concilium
771 3107 799 3162 id
815 3106 1028 3180 omniumcs.
1059 3108 1165 3177 sedem,
1191 3108 1265 3178 quod
1299 3108 1374 3163 inter
1397 3121 1428 3164 se
1457 3109 1614 3165 coivissent
1635 3109 1773 3165 adversus
1794 3108 1826 3162 11.

119 3176 248 3243 partium
264 3173 419 3246 efflagitatu
440 3177 581 3233 indictum
605 3177 671 3248 luit,
685 3191 749 3232 cnm
766 3176 945 3246 1111111111
1001 3179 1158 3249 Augustini
1177 3178 1336 3234 doctrinam
1363 3179 1397 3234 de
1420 3179 1512 3250 gratia
1534 3187 1562 3234 et
1587 3179 1678 3242 libero
1692 3177 1826 3233 arbitrio.

117 3245 268 3330 flagitante
287 3247 428 3315 Nestorio,
455 3249 505 3317 qui
521 3248 659 3318 cyrillum
681 3246 837 3303 delatorem
859 3260 945 3303 suum
1000 3251 1100 3319 ltaque
1130 3246 1258 3319 pontifex
1291 3249 1433 3305 doctorem
1463 3249 1615 3304 sanctitate
1638 3249 1826 3318 conspicuum

117 3322 148 3373 et
163 3331 261 3386 ipsum
288 3317 420 3373 haeretica
446 3317 509 3375 labe
523 3325 653 3375 notatium
669 3331 730 3374 esse
745 3316 942 3374 contendebat.
1001 3320 1210 3378 vindicaturus.
1233 3320 1283 3389 qui
1301 3318 1386 3389 paulo
1413 3326 1479 3374 ante
1494 3332 1656 3388 supremum
1681 3320 1757 3374 diem
1781 3317 1827 3373 ob

120 3388 279 3445 Potestates
293 3388 393 3459 ambae,
409 3389 558 3459 pontiana
572 3397 602 3446 ct
616 3389 790 3459 imperialis,
802 3388 900 3457 simul,
914 3394 947 3444 ut
1003 3393 1085 3461 ierat,
1108 3390 1142 3446 ad
1164 3389 1330 3447 Gallicanos
1351 3389 1501 3459 episcopos
1536 3389 1709 3460 encyclicam
1747 3389 1827 3446 dedit

120 3459 211 3515 moris
234 3464 305 3523 erat,
335 3460 494 3528 conjunctae
533 3459 650 3516 luerunt
686 3460 723 3517 ob
747 3460 946 3516 convocandos
1001 3460 1153 3532 epistolam
1176 3459 1224 3531 (ο).
1258 3461 1395 3516 mandans
1418 3466 1451 3515 nt
1474 3473 1571 3517 eorum
1596 3461 1746 3517 audaciam
1768 3472 1827 3530 pre

118 3531 272 3601 episcopos
285 3531 463 3601 interpositae
474 3502 516 3603 (15.
529 3530 742 3587 Alexandrinus
756 3529 870 3599 praesui,
887 3536 947 3585 tan·
1002 3533 1180 3603 sbyterorum
1195 3537 1345 3598 coerceret,
1371 3532 1530 3601 iisdemque
1550 3531 1698 3587 silentium
1720 3530 1826 3586 indice-

118 3614 207 3668 quam
234 3601 382 3673 delegatus
405 3602 441 3659 ab
455 3602 613 3672 apostolica
634 3602 710 3669 sede,
729 3602 820 3669 prima
836 3601 866 3655 in
882 3615 947 3655 ses—
1002 3612 1063 3670 ret3
1090 3616 1146 3658 non
1166 3605 1242 3658 enim
1268 3602 1529 3658 ecclesiasticorum
1543 3602 1567 3670 ej
1575 3616 1605 3657 as
1624 3602 1737 3657 ordinis
1752 3614 1824 3670 esse,

118 3672 215 3743 sione,
232 3671 330 3729 babitu
342 3679 494 3743 antequam
509 3679 648 3729 venerunt
664 3672 748 3744 legati
765 3678 853 3728 tresa
873 3684 947 3740 ymn-
1001 3673 1095 3730 aiebat
1117 3672 1256 3741 pontllcx,
1273 3686 1367 3728 vocem
1383 3672 1527 3742 episcopis
1541 3673 1631 3729 altius
1656 3674 1685 3728 in
1700 3672 1825 3727 Ecclesia

119 3742 201 3801 titire
215 3743 309 3811 missi,
327 3744 460 3813 presedit
475 3745 573 3810 solus,
590 3744 702 3799 ceteris
716 3756 781 3798 vero
795 3744 825 3798 in
836 3743 947 3798 sessio-
1001 3743 1136 3800 extollere
1164 3758 1197 3799 ac
1225 3743 1260 3799 de
1284 3745 1415 3799 doctrina
1439 3746 1591 3800 decernere
1603 3743 1654 3815 (p).
1687 3743 1825 3798 Praeterea

119 3814 210 3871 uibus
222 3815 257 3870 ad
266 3814 426 3871 absolutam
438 3829 529 3886 usqne
539 3815 675 3885 synodam
687 3821 745 3871 tres
758 3813 876 3870 lisimul
888 3826 945 3870 una
1000 3816 1060 3870 divi
1072 3815 1228 3886 Augustini
1246 3815 1410 3870 memoriam
1421 3815 1577 3883 exquisitis
1587 3815 1626 3869 iis
1641 3815 1826 3885 prosequitur

117 3899 187 3942 cum
203 3885 267 3955 ipso
280 3885 388 3955 cyrillo
402 3885 586 3956 praeiuerunt.
1003 3887 1149 3955 laudibus,
1164 3899 1227 3955 quae
1242 3885 1367 3941 manime
1379 3886 1479 3941 decent
1490 3886 1656 3955 episcopum
1672 3904 1679 3939 ι
1697 3884 1826 3940 ardentis

153 3957 261 4013 Eadem
273 3957 303 4013 in
315 3956 944 4027 synodonuliaomninoiuitquestioearum
1001 3970 1100 4026 nempe
1119 3957 1210 4012 studii
1235 3969 1300 4027 erga
1315 3955 1501 4026 apostolicam
1524 3956 1643 4024 sedem,
1667 3954 1826 4026 singularis

118 4040 219 4084 rerum
229 4026 333 4099 inqua}
346 4028 507 4099 apontidee
517 4031 682 4084 constituta
696 4041 730 4084 ac
742 4026 867 4084 dednitae
880 4026 944 4082 ine·
999 4030 1062 4100 ejus
1076 4027 1279 4083 estimationis
1295 4041 1349 4097 qua
1366 4027 1470 4083 summi
1485 4033 1551 4082 ante
1575 4026 1725 4095 pontifices
1741 4025 1825 4082 ilium

118 4097 895 4155 rantdecatbolicaeEcclesiaeiide.1dtantu...modoa
916 4098 946 4153 i·
1003 4098 1160 4155 babuerunt
1186 4098 1223 4154 ob
1253 4098 1446 4168 integritatem
1484 4098 1624 4154 doctrinae
1652 4109 1770 4168 magnos
1791 4109 1826 4152 ne

117 4175 224 4237 tatum,
241 4170 375 4227 uteidem
390 4169 455 4226 tidei
470 4173 620 4227 Nestorius
633 4171 797 4237 adversans,
808 4113 945 4237 aurosis·
1000 4170 1160 4226 exantlatos
1175 4169 1286 4225 labores
1311 4182 1362 4237 pro
1374 4168 1502 4223 Ecclesia
1514 4169 1575 4224 Dei.
1591 4170 1710 4238 ipsemet
1724 4169 1753 4223 in
1771 4111 1825 4224 ‘bu-

117 4241 235 4298 nediam
247 4254 349 4297 canere
366 4241 594 4311 compelleretur,
608 4247 658 4297 aut
670 4255 704 4297 ex
721 4241 834 4311 jndicio
846 4245 945 4295 contra
997 4243 1078 4313 jvrsce
1100 4244 1242 4297 tractatus
1260 4240 1340 4295 exitu
1365 4239 1520 4296 articulum
1544 4240 1721 4324 singularem
1736 4239 1826 4308 conji-

118 4313 219 4380 ipsum
230 4311 266 4368 ab
278 4311 438 4381 apostolica
457 4313 523 4368 sede
540 4314 726 4381 pronuntiato
743 4316 942 4378 deponeretur.
999 4312 1074 4368 ciam
1087 4314 1122 4367 de
1137 4312 1234 4367 studio
1251 4310 1302 4369 illo
1314 4312 1426 4367 ardenti
1438 4311 1704 4368 acveneratmnein
1715 4317 1827 4380 aposto·

116 4381 200 4452 Quod
214 4396 282 4440 sane
291 4385 387 4439 Patres
400 4385 606 4452 praestiterunt,
617 4392 649 4438 ut
661 4389 757 4453 aperte
767 4383 945 4438 demonstrat

1000 4383 1084 4439 licam
1101 4382 1205 4449 sedem,
1221 4395 1343 4453 quorum
1355 4389 1472 4438 sanctus
1488 4383 1535 4436 bic
1545 4384 1645 4438 doctor
1660 4382 1823 4453 preclaram

117 4456 264 4512 sententia
274 4454 468 4525 depositionis
477 4452 941 4525 qnamcontraillumtuleruntiq).
1000 4455 1070 4512 adeo
1083 4453 1312 4509 testificationem
1329 4453 1450 4521 reliquit
1464 4454 1608 4509 Ecclesiae.

116 4526 223 4582 Statim
234 4532 321 4596 atque
331 4526 415 4591 legati
425 4524 867 4594 pontiflcisvenerunt,lectaeqne
877 4521 988 4587 suntD
1037 4528 1066 4581 in
1081 4524 1210 4593 epistota
1224 4538 1307 4594 quam
1326 4522 1476 4579 laudamus
1492 4523 1569 4579 calce
1588 4524 1684 4579 videre
1699 4530 1743 4578 est
1755 4535 1821 4580 con·

117 4596 256 4654 Patribus
272 4596 426 4667 pontificia
435 4597 548 4666 litterae,
560 4598 636 4652 inter
648 4596 867 4651 acclamationes
876 4610 945 4665 gra-

118 4669 287 4740 tiarumque
295 4669 424 4724 actiones
435 4669 561 4725 1111111
577 4667 717 4736 pontiflci,
728 4674 863 4738 tanquam
877 4666 943 4723 ndei

117 4739 246 4809 depositi
261 4739 375 4795 custodi
389 4740 508 4808 optimo,
521 4739 653 4795 anditum
667 4735 725 4793 luit
736 4744 764 4794 et
779 4737 852 4806 ipsis
870 4738 945 4793 litte·

117 4811 162 4866 ris
184 4808 223 4882 (b)
243 4816 271 4867 et
286 4810 445 4883 legatorum
460 4811 584 4866 adventu
607 4809 751 4865 divinitus
763 4809 943 4877 comprobari

116 4881 292 4943 sentemiam
307 4896 323 4938 a
339 4881 475 4939 Patribus
490 4881 576 4939 latam
596 4887 695 4945 contra
717 4880 894 4948 Nestorium,
912 4885 944 4936 ut

115 4951 300 5013 exsecutioni
313 4952 372 5011 1111
388 4953 582 5021 mandaretur,
593 4964 679 5025 quam
690 4958 773 5012 antea
785 4957 884 5008 sancta
894 4963 944 5019 se-

115 5022 168 5089 des
178 5030 279 5085 contra
293 5024 424 5082 eumdem
440 5024 676 5087 pronuntiaverat
689 5019 727 5094 (1).

151 5095 214 5151 iam
236 5094 323 5167 legati
345 5095 581 5166 subscripserant
600 5102 687 5164 atque
701 5094 797 5150 omnia
812 5092 944 5149 absoluta

162 5219 180 5257 a
204 5202 233 5258 S.
249 5203 348 5273 Prosp.
364 5203 398 5259 ad
414 5216 471 5258 ver.
488 5201 590 5258 Golial.
607 5202 636 5259 iu
651 5201 700 5257 dn.

163 5275 179 5327 b
203 5273 245 5329 ld.
261 5273 333 5330 ibid.
347 5281 375 5329 et
390 5276 419 5330 in
433 5274 538 5329 Cbron.

161 5361 176 5399 c
200 5345 291 5414 Epist.
314 5345 428 5402 Ctelest.
445 5347 495 5416 Pp.
519 5345 554 5400 ad
579 5344 641 5417 Cyr.
668 5357 715 5415 ap.
738 5358 817 5417 conc.
838 5344 941 5416 Ephes.

116 5423 191 5488 part.
207 5429 227 5483 1,
244 5428 296 5485 cap
310 5414 353 5472 15.
690 5420 694 5426 ’

161 5486 190 5559 cy
206 5486 329 5542 mmm.
347 5492 402 5544 act.
417 5485 442 5545 t.

161 5575 175 5613 e
198 5558 240 5613 ld.
258 5557 330 5613 ibid.
345 5572 377 5615 ac
392 5561 421 5616 in
435 5559 484 5615 dn.
501 5561 532 5616 V.
548 5559 567 5616 l.
582 5555 609 5631 d,
621 5572 644 5614 c.
662 5555 709 5613 at.

198 5628 240 5688 lbi
265 5636 343 5686 .act.
374 5670 382 5684 .

161 5721 178 5767 q
204 5699 243 5756 ld.
260 5713 339 5756 conc.
356 5706 410 5757 act.
424 5700 451 5757 l.

163 5773 180 5826 b
205 5769 278 5827 ibid.
294 5770 356 5826 dcl.
379 5770 407 5828 2.

1001 4596 1105 4670 geriem
1115 4596 1341 4650 constitutorum
1352 4608 1367 4647 a
1379 4593 1565 4664 pontificibus
1577 4595 1626 4664 qni
1637 4593 1823 4650 celestinum

1002 4672 1215 4738 praecesserunt,
1240 4665 1276 4720 de
1287 4665 1380 4735 gratia
1399 4671 1428 4719 et
1445 4663 1535 4720 libero
1550 4664 1682 4720 arbitrio.
1696 4663 1738 4718 lbi
1765 4671 1824 4719 tau·

1001 4751 1085 4809 quam
1101 4737 1245 4793 axiomata
1266 4740 1456 4791 statuuntur:
1474 4736 1665 4793 necessariam
1685 4747 1748 4790 esse
1762 4748 1823 4805 gra·

1000 4812 1071 4867 tiam
1083 4810 1117 4866 ad
1130 4807 1315 4880 cogitandum
1335 4806 1467 4870 debono,
1482 4806 1517 4861 ad
1530 4806 1604 4863 iilud
1621 4804 1821 4878 appetendum,

999 4881 1033 4937 ad
1047 4879 1299 4951 amplectendum,
1323 4876 1445 4933 liberum
1467 4876 1620 4941 arbitrium
1639 4876 1758 4932 minime
1772 4887 1823 4955 per

999 4953 1120 5035 gratiam
1136 4949 1259 5017 destrui,
1273 4947 1342 5019 quin
1358 4948 1455 5017 potius
1468 4946 1564 5018 perlici
1581 4966 1587 5003 :
1605 4948 1691 5004 Deum
1708 4946 1821 5023 operari

1000 5036 1030 5078 11
1045 5023 1128 5079 nobis
1138 5036 1187 5093 per
1203 5020 1324 5092 gratiam
1339 5018 1411 5083 velle
1425 5027 1452 5074 et
1465 5031 1559 5090 agere,
1575 5019 1616 5074 ita
1636 5023 1668 5074 ut
1682 5028 1823 5097 coopera-

1000 5101 1077 5151 tores
1090 5096 1154 5164 elns
1170 5092 1226 5162 ipsi
1241 5091 1344 5158 simus,
1358 5103 1423 5146 cum
1446 5088 1520 5146 terre
1532 5096 1654 5162 nequeat
1667 5087 1790 5145 otiosam
1805 5101 1822 5144 a

1043 5200 1062 5284 ι)
1072 5201 1149 5329 Ι11111111.
1163 5273 1224 5330 dcl.
1240 5269 1266 5327 3.

1044 5348 1060 5399 11
1082 5348 1110 5400 s.
1125 5346 1225 5412 Prosp.
1243 5345 1319 5398 conl.
1334 5340 1438 5397 collat.
1457 5353 1543 5411 prope
1557 5339 1605 5396 dn.

1043 5418 1062 5488 l)
1076 5416 1157 5498 dyvud
1172 5427 1251 5470 conc.
1267 5413 1370 5483 pres.
1386 5418 1464 5484 parte
1477 5409 1505 5468 3.

1037 5486 1180 5684 &lgpdud
1201 5557 1287 5629 epist.
1319 5556 1431 5635 celest.
1454 5546 1504 5645 Ep.
1530 5555 1565 5631 ad
1589 5556 1679 5649 episc.
1704 5549 1819 5634 Galliae,

1033 5671 1154 5843 (cyrus.

1028 5775 1058 5846 (p
1077 5771 1164 5842 ibid,
1179 5784 1240 5842 cap.
1254 5767 1281 5825 2.

1000 5647 1028 5688 (1.
