3892 6136
120 274 191 334 itai

523 273 684 330 iiisronia
701 274 747 330 DE
767 273 853 331 vifis
871 272 956 329 ndu.
978 272 1077 329 PONT.
1098 303 1132 313 -
1150 274 1178 328 S.
1199 274 1423 335 ALEXANDER.

1753 282 1823 343 ilat

117 408 318 465 Tertullianus
342 408 450 475 statim,
472 422 505 463 ac
530 410 663 466 meminit
688 412 792 474 coticis,
819 414 845 464 et
861 406 1181 478 penandoeunentrs
1204 408 1307 463 dorent
1331 407 1511 466 Bollandiani
1534 413 1605 467 socii
1631 415 1665 470 ad
1687 415 1763 472 diem
1786 413 1821 471 30

117 483 217 544 nostra,
238 481 317 548 errjus
331 480 439 547 aliquid
454 483 597 535 interram
612 481 703 536 decuti
717 485 799 535 carie
807 485 941 550 potimur.

115 552 430 606 Connexaeenimerant
441 552 607 621 disciplina
620 569 737 620 qarorarn
759 553 873 607 troeiitr'o
888 569 943 606 cu-

118 626 200 688 ctrim,
226 622 392 676 consuetudo
411 625 606 690 confirmatrice,
629 630 654 677 ei
672 625 739 693 Ades
761 625 940 678 obserootriaa

119 694 235 748 lliscuit
253 692 414 748 Alexander
434 694 613 750 Dominicam
634 696 796 750 Passionem
811 694 944 763 precibus

118 765 301 820 sacerdotum
323 765 350 818 in
371 764 465 819 nisse
483 765 638 821 oblatione.
660 766 764 836 Utique
780 767 813 821 ad
831 778 941 821 ornnem

119 847 315 905 progressum.
327 842 414 905 atque
428 843 587 902 promotum
599 855 604 891 :
616 839 717 906 utique
729 852 763 892 ex
776 837 942 902 traditione,

116 919 152 961 ex
171 906 390 973 consuetudine,
407 920 440 961 ex
455 906 509 962 lde
534 908 739 977 apostolorum,
753 917 781 963 ei
801 907 944 976 apostoli-

116 978 364 1039 corumvirorum,
376 991 448 1046 quos
463 979 606 1035 incanone
616 993 803 1035 recensemus.
815 979 942 1047 Miscuit,

116 1061 152 1103 ex
166 1047 319 1117 Evangelio
334 1049 463 1116 ioarxnis,
475 1050 553 1105 edito
565 1064 671 1120 paucos
681 1055 746 1105 ante
756 1063 847 1105 annos
859 1063 942 1118 quam

114 1120 280 1175 Alexander
300 1119 497 1187 pontificatum
522 1121 620 1176 iniret.
645 1123 711 1177 inde
731 1126 807 1177 enim
823 1121 944 1177 elevatio

116 1192 269 1246 oculorum
300 1191 378 1260 (icen
405 1205 473 1260 xvir,
503 1189 528 1262 l)
556 1193 649 1247 unitio
678 1205 729 1262 pro
754 1191 944 1262 praesentibus

116 1262 264 1330 cumipse
287 1261 315 1315 in
336 1261 465 1330 veritate,
482 1268 510 1317 et
532 1277 582 1331 pro
596 1264 740 1319 universis
756 1276 805 1331 per
825 1261 942 1317 illorum

116 1332 239 1388 verbum
255 1333 284 1386 in
298 1344 329 1386 se
345 1333 511 1388 credituris.
528 1336 615 1390 Nemo
631 1348 686 1390 non
702 1335 787 1400 videt,
802 1335 831 1388 in
847 1333 943 1402 preci-

116 1403 247 1458 bustam
267 1409 343 1472 ante,
364 1417 448 1473 quam
472 1410 535 1473 posi
556 1406 696 1460 actionem
719 1404 889 1460 immisceri
913 1405 942 1458 iu

116 1487 229 1530 canone
252 1474 426 1544 memoriam,
450 1482 539 1545 gesta,
562 1490 594 1531 ac
617 1476 751 1546 mysteria
773 1476 941 1529 Passionis:

117 1558 243 1616 quorum
259 1545 384 1614 plurima
398 1559 463 1599 curn
474 1547 646 1603 Tertulliani
657 1561 691 1602 ex
706 1547 882 1602 indicatione
898 1552 944 1600 te-

118 1630 240 1672 neamus
264 1617 474 1672 consuetudine
488 1631 521 1672 ac
544 1619 700 1674 traditione
723 1618 762 1672 ita
784 1617 894 1673 brmaia
912 1618 942 1670 in

118 1686 177 1741 line
189 1687 307 1742 secundi
322 1687 432 1753 saeculi,
446 1689 658 1745 uthristianae
670 1689 735 1744 iidei
745 1702 836 1744 coaeva
852 1687 943 1743 luisse

1000 479 1095 533 ilartii
1110 476 1159 531 fol.
1177 477 1238 532 bia.
1263 481 1373 548 Corpus
1387 481 1512 550 denique
1527 484 1553 536 S.
1570 483 1726 541 Alexandri
1743 501 1820 556 papae

999 564 1062 604 cum
1072 550 1161 604 sociis
1173 553 1301 620 martyrii
1318 552 1493 621 presbyteris
1506 556 1621 609 Everrtio
1630 570 1662 610 ac
1674 558 1821 613 'fbcoduio

999 622 1163 674 trortsbatnm
1176 638 1210 674 eac
1232 625 1319 687 ipsius
1333 626 1480 677 cemeterio
1501 628 1547 677 oio
1561 627 1732 681 Nomentano
1753 631 1822 681 rnil-

1000 694 1080 745 iiorio
1101 705 1152 759 vri,
1175 694 1204 744 in
1229 694 1335 755 Urbem,
1350 711 1382 747 cc
1395 696 1505 748 tilulum
1520 698 1547 751 S.
1564 696 1674 751 Sobioae
1692 699 1747 754 sub
1763 701 1822 753 uu-

999 764 1093 832 genio.
1105 764 1129 816 ll
1144 770 1226 817 vetus
1239 765 1392 833 inscriptio
1406 766 1533 835 ejusdem
1555 769 1688 835 corporis
1707 770 1819 825 custodi

999 835 1122 903 (capsulae
1139 834 1282 904 insculpta
1291 836 1466 904 comprobat,
1482 838 1752 911 docenteAringbio
1769 840 1820 895 lib.

1000 919 1043 968 nr,
1060 920 1121 973 cap.
1136 902 1180 958 bb.
1196 906 1265 960 Cum
1283 906 1374 975 igitur
1388 914 1509 974 constet,
1527 910 1602 964 inter
1614 912 1821 980 antiquissima

999 976 1160 1032 ‹eoemeteria
1174 984 1329 1047 martyrum
1341 979 1402 1047 agri
1416 979 1576 1035 suburbani
1592 981 1691 1036 referri
1702 995 1744 1050 ea,
1760 997 1823 1053 quae

1000 1047 1193 1103 nobilitarunt
1213 1048 1382 1116 Alexander,
1402 1062 1435 1104 ac
1451 1051 1523 1106 socii
1541 1052 1668 1118 ejusdem
1695 1052 1724 1106 in
1743 1053 1823 1109 Actis

1000 1119 1158 1182 memorati,
1175 1117 1456 1188 suiscorporibuseo
1473 1121 1821 1194 illatissecundosaeculo,

999 1190 1066 1244 inde
1079 1203 1144 1245 vcro
1158 1190 1308 1246 translatis
1327 1191 1431 1247 saeeulo
1445 1205 1485 1258 ιιι,
1503 1205 1530 1256 x,
1544 1199 1572 1248 ei
1586 1209 1614 1248 x1
1630 1196 1734 1249 mirum
1745 1208 1824 1265 prae-

998 1260 1107 1315 sidium
1123 1260 1256 1316 Ecclesiae
1268 1261 1303 1316 ab
1318 1262 1355 1316 iis
1368 1269 1539 1324 mutuatum.
1558 1266 1685 1333 ipsorum
1699 1267 1778 1333 Acta,
1794 1271 1824 1320 et

998 1332 1131 1386 Ecclesiae
1148 1333 1279 1387 Romanae
1296 1333 1418 1388 bistoria
1431 1334 1460 1388 in
1475 1336 1555 1390 Actis
1573 1337 1735 1404 hujusmodi
1748 1350 1823 1406 prae-

998 1408 1101 1457 servat.
1113 1404 1210 1472 Neque
1219 1405 1295 1458 enim
1314 1407 1671 1462 tantummodoevincitur.
1683 1407 1823 1462 nobilita·

999 1476 1037 1528 tis
1056 1477 1186 1528 itornanae
1211 1483 1317 1542 partem
1344 1488 1400 1530 non
1415 1476 1548 1547 exiguam
1572 1478 1673 1533 subeo
1690 1479 1823 1546 pontifice

999 1545 1032 1598 ad
1047 1545 1128 1599 fidem
1146 1543 1237 1600 luisse
1258 1559 1433 1615 conversam,
1446 1562 1508 1616 quae
1525 1548 1637 1605 scilicet
1648 1558 1822 1619 postconsu-

999 1614 1085 1670 larem
1098 1617 1191 1669 virum
1202 1616 1372 1671 Clementem
1382 1619 1440 1686 jana
1454 1617 1528 1673 inter
1542 1619 1675 1675 alumnos
1687 1634 1823 1676 numera-

999 1686 1047 1740 bat
1062 1688 1092 1741 in
1109 1688 1236 1741 ilermeie
1258 1685 1431 1754 praelectum.
1448 1703 1513 1744 cum
1529 1703 1636 1758 sorore,
1655 1692 1684 1746 in
1700 1692 1822 1760 Quirino

114 1758 177 1827 jam
194 1764 255 1813 torn
277 1757 500 1830 intelligantur,
517 1761 670 1816 Alexandri
684 1773 764 1825 cura,
784 1774 817 1814 ac
829 1761 943 1815 decreto
959 1770 985 1830 B
999 1757 1149 1812 tribunum
1169 1772 1232 1812 cum
1250 1758 1321 1812 lilia.
1336 1759 1387 1814 Sed
1402 1759 1488 1814 etiarn
1508 1761 1693 1832 intelligitur,
1708 1763 1759 1832 qui
1777 1762 1822 1816 la-

118 1842 153 1883 ex
169 1828 230 1899 lege
242 1842 296 1883 non
312 1830 419 1898 scripta
432 1832 654 1887 consuetudinis
666 1832 694 1885 in
706 1836 943 1900 scriptamcauo-
997 1836 1074 1884 ctum
1097 1829 1146 1894 sii,
1163 1835 1194 1882 ut
1212 1835 1327 1896 catenae,
1353 1844 1415 1899 quae
1440 1831 1599 1900 Principem
1620 1834 1816 1901 apostolorum

118 1901 169 1954 nis
181 1900 368 1955 transierunt.
382 1900 475 1968 Quare
490 1903 519 1956 in
529 1918 585 1957 sac.
597 1916 676 1957 conc.
690 1902 860 1956 Tridentino
870 1914 940 1956 sess.

118 1984 195 2033 xxii,
208 1984 269 2040 cap.
285 1967 310 2035 l,
331 1973 432 2026 merito
446 1973 596 2042 asseritur,
610 1986 745 2029 canonem
762 1974 855 2027 missae
871 1985 942 2026 con-

118 2049 198 2097 stare
214 2055 248 2097 cx
269 2042 341 2110 ipsis
354 2043 467 2097 Domini
486 2044 589 2112 verbis,
603 2059 637 2099 ex
650 2043 844 2113 apostolorum
858 2043 945 2097 tradi·

118 2112 262 2238 {ionibus
290 2127 322 2168 ac
349 2120 513 2170 sanctorum
544 2116 711 2184 pontificum
744 2114 945 2170 institutioni-

143 2199 185 2240 us.

159 2256 245 2310 Linea
261 2252 286 2309 A.
311 2287 349 2296 -
361 2258 494 2325 lfortyrio
509 2263 662 2324 coronatur,
685 2263 711 2311 et
731 2273 790 2311 carn
805 2272 834 2310 eo
853 2258 947 2309 Euen-

118 2329 177 2382 tius
192 2327 343 2395 presbyter,
366 2335 420 2383 etc.
436 2333 504 2384 Acta
517 2330 548 2383 S.
566 2329 733 2393 Alexandri,
755 2336 783 2383 et
800 2328 945 2383 sociorum

120 2403 280 2467 martyrum
297 2401 422 2469 genuina
435 2399 470 2453 ab
485 2400 823 2470 interpolatisdistinxit,
839 2407 866 2453 et
878 2399 946 2452 vin-

118 2469 232 2524 dicavit
244 2482 317 2537 saepe
331 2470 465 2525 laudatus
486 2473 588 2541 presul
602 2487 616 2525 a
628 2472 831 2526 schelestratio
845 2477 920 2524 torno
936 2468 947 2524 1

117 2540 220 2609 Antiq.
236 2540 301 2595 Eccl
316 2540 435 2596 dissert.
453 2557 472 2597 ιι
501 2558 563 2612 cap.
580 2541 624 2607 30,
642 2556 764 2612 quorum
780 2554 891 2596 summa
904 2554 946 2595 ca·

120 2611 183 2681 pita
195 2610 242 2665 bic
254 2610 407 2667 delibanda
423 2614 542 2670 mirifice
556 2614 774 2669 illustranttum
791 2613 884 2681 ipsius
900 2612 947 2666 vi-

119 2689 191 2745 tam,
220 2688 280 2736 tum
310 2683 460 2739 bistorianr
483 2685 654 2740 Christianae
681 2685 759 2749 ridel,
783 2682 947 2738 accessione

123 2752 268 2807 nobilium
280 2753 418 2817 virorum,
430 2768 462 2809 ac
473 2755 655 2822 feminarum,
669 2757 697 2811 in
710 2755 781 2810 Urbe
791 2754 946 2823 plurimum

122 2822 317 2892 amplificate.
349 2826 560 2896 Antiquitatem
583 2828 719 2882 Actorum
748 2824 948 2880 cornmendant

121 2894 330 2964 iiartyrotogia
352 2897 440 2959 Beda,
459 2907 488 2954 et
503 2897 623 2965 Rabani,
646 2905 673 2952 et
688 2898 807 2964 Adonis,
824 2909 947 2964 quorum

124 2965 251 3035 primum
262 2965 368 3022 secuto
381 2974 489 3038 octavo,
503 2969 624 3025 alterurn
636 2969 753 3024 nonoab
764 2968 864 3023 iisdem
882 2981 948 3020 xnu-

123 3041 246 3091 tuaniur
265 3037 407 3108 quidquid
426 3039 762 3096 reierunrdeAiexandri
779 3051 856 3107 papae
869 3051 948 3091 mar-

1000 1912 1050 1968 pro
1065 1899 1178 1954 Cbristo
1193 1906 1381 1969 arctaverunt,
1398 1907 1425 1956 et
1440 1902 1469 1955 in
1484 1901 1565 1957 Actis
1579 1903 1741 1974 leguntura
1760 1904 1820 1959 lilia

999 1970 1111 2025 tribuni
1129 1970 1246 2025 Belbina
1268 1971 1379 2026 donatas
1401 1975 1494 2027 sorori
1511 1973 1635 2043 praelecti
1657 1975 1823 2040 Tbeodorae,

1001 2043 1040 2097 ita
1050 2046 1200 2096 asservatae
1212 2043 1492 2112 sintaCbristianis,
1510 2047 1824 2101 uttribusabiilasae-

1000 2112 1075 2168 culis
1092 2113 1205 2182 quando
1221 2114 1354 2168 iludoxitc
1370 2114 1475 2169 titulus
1490 2117 1654 2185 erigebatur
1669 2131 1772 2173 novum
1788 2117 1824 2172 ab

1002 2185 1048 2238 tiis
1059 2189 1276 2254 cognomentum
1289 2185 1437 2253 receperit.
1452 2186 1530 2240 Nibii
1545 2187 1690 2243 dissimile
1703 2195 1826 2257 prasia-

1002 2261 1045 2309 ret
1054 2256 1146 2323 posita
1160 2270 1217 2324 pree
1228 2255 1340 2311 loribus
1353 2257 1533 2312 diaconites.
1555 2261 1650 2314 llariae
1662 2259 1692 2313 in
1704 2259 1824 2314 Domni-

1002 2339 1043 2392 ca,
1063 2339 1218 2381 marmorea
1235 2326 1324 2396 ligura
1341 2328 1490 2396 naviculae,
1504 2336 1531 2383 et
1547 2331 1580 2383 ad
1597 2331 1756 2400 exemplum
1774 2343 1825 2384 vc-

1003 2398 1073 2452 teris
1095 2397 1134 2451 ibi
1158 2405 1289 2452 renovata
1311 2398 1364 2452 sub
1386 2400 1476 2453 Leone
1501 2401 1536 2468 X,
1560 2402 1584 2454 si
1603 2399 1756 2456 referretur
1771 2399 1825 2455 boc

1001 2472 1116 2536 signum
1132 2468 1166 2523 ad
1177 2469 1398 2524 instrumentum
1414 2472 1542 2540 martyrii
1555 2477 1597 2526 tot
1607 2471 1724 2527 fortium
1736 2471 1825 2526 Cbri-

1002 2540 1172 2605 stiannrum,
1186 2539 1294 2608 quibus
1304 2554 1368 2593 curn
1381 2542 1487 2596 nobilis
1504 2543 1585 2612 virgo
1597 2543 1714 2598 Balbiua
1732 2555 1825 2612 perge-

1002 2610 1061 2670 bat.
1073 2611 1141 2664 dum
1153 2610 1187 2666 ιιι
1204 2624 1279 2664 mare
1291 2609 1492 2682 submergendi
1507 2613 1727 2669 deducerentur.
1742 2615 1824 2668 «Eo-

1001 2683 1064 2737 dem
1088 2687 1214 2749 tempore
1237 2683 1317 2749 (Acta
1342 2679 1469 2737 referunt
1492 2684 1527 2738 de
1547 2685 1700 2739 Aureliano
1718 2683 1826 2753 judice)

1000 2753 1091 2821 iussit
1110 2766 1207 2806 ornnes
1221 2752 1413 2820 Christianos,
1435 2754 1485 2823 qui
1505 2764 1588 2811 erant
1604 2757 1632 2810 in
1648 2769 1759 2811 carcere
1772 2755 1825 2809 ba-

1004 2823 1103 2893 ptizati
1122 2823 1167 2892 (ab
1180 2823 1341 2878 Alexandro
1359 2823 1448 2895 papa).
1464 2825 1532 2880 duci
1546 2828 1579 2881 ad
1595 2841 1680 2893 mare,
1693 2836 1719 2881 et
1738 2827 1766 2881 iu
1779 2839 1826 2879 na-

1002 2896 1125 2950 viculam
1151 2901 1289 2949 vetustam
1317 2895 1437 2964 imponi,
1463 2896 1536 2950 etin
1561 2898 1651 2952 aliurn
1667 2898 1782 2963 deduci,
1798 2904 1825 2951 ci

1004 2965 1370 3021 illicoomnibusmanuad
1385 2967 1825 3038 manumiigatis‚saxisincolio

1002 3037 1162 3105 suspensis,
1187 3037 1225 3089 ita
1250 3036 1340 3102 ipsam
1361 3037 1521 3091 naviculam
1545 3046 1695 3108 vetustam,
1710 3051 1826 3108 quassa-

123 3107 211 3175 tyrio,
233 3113 261 3162 et
277 3109 366 3163 sociis
387 3110 415 3165 in
439 3125 530 3182 agone
555 3111 738 3181 presbyteris,
766 3108 892 3177 Everxtio,
914 3121 985 3181 acc
1004 3118 1070 3174 tam,
1084 3113 1111 3161 et
1126 3105 1295 3175 perforatam
1313 3107 1400 3174 mergi
1420 3108 1447 3160 in
1466 3107 1639 3175 profundum
1655 3129 1661 3164 ε
1676 3123 1740 3165 cuin
1755 3109 1826 3179 qui-

121 3177 280 3233 Tbeodulo.
298 3179 481 3237 Commendat
494 3183 652 3251 disciplina
667 3181 775 3248 arcani,
794 3181 822 3233 in
840 3180 878 3234 iis
892 3178 948 3233 ob·
1002 3177 1056 3232 bus
1079 3185 1106 3231 et
1125 3178 1205 3247 virgo
1229 3177 1337 3230 tlbristi
1359 3177 1496 3247 (balbina)
1515 3183 1639 3246 perrexit
1660 3180 1825 3250 glorificans

122 3255 246 3304 servata.
265 3250 448 3308 Commendat
467 3267 624 3309 consensus
637 3267 701 3308 cum
713 3248 948 3320 cbronologia,et

123 3320 251 3374 ilistoria
263 3322 398 3388 Caesarea,
420 3337 453 3378 ac
468 3327 559 3379 tertiae
583 3323 792 3393 persecutionis
807 3320 860 3377 sub
874 3321 948 3375 Tra-

119 3391 203 3460 jano,
224 3391 292 3447 dum
317 3401 473 3450 memorant
489 3399 558 3450 Acta
583 3396 702 3451 missum
724 3408 739 3448 a
760 3393 890 3461 Traiano,
914 3392 947 3447 Se

123 3460 227 3518 leuciae
247 3470 347 3534 agente
369 3464 493 3535 (quando
507 3467 717 3534 expeditionem
740 3474 904 3533 susceperat
918 3463 947 3518 ιιι

123 3533 317 3588 Parthosante
331 3537 511 3594 consulatum
521 3536 651 3605 Pedonis,
665 3536 837 3591 incidentem
850 3535 879 3588 in
892 3548 949 3587 an-

122 3616 194 3659 num
206 3604 315 3659 ChriSii
327 3605 386 3666 libi
396 3609 522 3674 judicem
534 3609 730 3667 Aurelianum,
743 3606 793 3675 qui
806 3612 864 3660 tum
884 3605 949 3659 iler-

123 3674 193 3729 meti
209 3677 340 3744 prefecto
355 3678 450 3749 Urbis,
471 3686 499 3735 et
514 3681 606 3735 sorori
628 3679 690 3748 ejus
704 3676 866 3741 Tbcodorae,
886 3682 945 3731 tum

120 3744 286 3802 Alexandro
310 3749 440 3817 pontiflci
456 3751 592 3817 Romano,
608 3758 637 3804 et
657 3748 785 3817 Eventio,
808 3746 949 3802 acheo-

121 3815 195 3872 dulo
231 3816 396 3890 resbyteris,
421 3830 480 3877 turn
497 3822 620 3893 Quirino
637 3820 764 3886 tribuno,
785 3824 872 3886 atque
885 3820 947 3886 cius

122 3885 193 3943 liiiae
245 3887 331 3944 lbinae
352 3897 507 3961 martyrum
528 3892 639 3961 intulit,
651 3898 679 3946 et
688 3887 889 3957 compluribus
901 3890 949 3943 vi·

121 3956 168 4012 ris
185 3956 222 4012 ab
242 3958 404 4018 Alexandro
421 3977 490 4032 papa
508 3962 537 4017 in
559 3975 671 4018 carcere
686 3959 839 4030 baptizatis
854 3978 860 4013 ι
876 3974 948 4028 quos

121 4028 265 4085 naviculae
279 4027 424 4089 fatiscenti
446 4035 598 4103 impositos
611 4032 701 4088 altius
716 4033 745 4087 in
758 4043 834 4085 mare
846 4043 949 4100 prove-

121 4099 316 4169 ctosdemergi
327 4104 427 4172 jussit.
441 4107 563 4161 istorum
576 4110 730 4174 martyrum
747 4114 876 4171 corpora,
887 4115 949 4157 ιιι-

122 4170 254 4238 mcteria,
273 4173 365 4241 tituli,
387 4182 415 4231 et
435 4177 463 4231 in
484 4177 526 4232 eis
551 4176 756 4245 inscriptiones
781 4178 949 4242 pervetusta

120 4241 218 4297 adbuc
226 4246 398 4312 superstites
410 4248 561 4304 historiam
577 4253 703 4303 tuentur.
719 4243 859 4299 liermctis
873 4257 950 4312 prae-

120 4309 192 4367 fecii
204 4312 497 4383 Urbis,coemeterium
514 4319 561 4374 via
573 4317 683 4373 Salaria
695 4315 729 4372 ad
749 4313 948 4370 secundumab

121 4381 199 4438 Urbe
214 4382 349 4454 lapidem,
366 4402 431 4444 cum
442 4389 564 4446 aedicula
581 4388 777 4452 subterranea,
792 4393 946 4452 spectatur.

1001 3250 1100 3313 Deum,
1119 3265 1131 3296 a
1156 3256 1209 3301 etc.
1225 3249 1286 3302 iiaec
1302 3246 1398 3303 fusius
1419 3250 1610 3318 prosequebar
1624 3252 1653 3305 in
1670 3259 1823 3306 memorato

1002 3318 1141 3388 opusculo
1156 3318 1191 3373 de
1205 3318 1339 3387 reliquiis
1353 3318 1380 3372 S.
1397 3317 1531 3373 Balbine.
1548 3320 1822 3391 Attingendatamen

1002 3392 1095 3447 obiter
1118 3390 1165 3444 bic
1188 3388 1314 3457 fuerunt,
1341 3396 1370 3444 ut
1392 3389 1580 3456 ostenderem,
1606 3391 1822 3447 bibliothecarii

1004 3461 1166 3530 historiam,
1194 3461 1223 3514 in
1248 3461 1310 3515 vita
1331 3461 1485 3516 Alexandri
1514 3463 1621 3517 muniri
1641 3464 1824 3518 documentis

1002 3532 1162 3604 aequalibus
1175 3533 1251 3586 aetati
1265 3532 1392 3600 ejusdem
1407 3531 1561 3600 pontificis.
1577 3541 1628 3588 aut
1640 3535 1787 3602 proxime.
1797 3541 1825 3588 ei

1003 3618 1052 3674 per
1062 3609 1212 3659 consecuta
1222 3602 1326 3657 saepia
1346 3604 1510 3672 asservatis,
1520 3618 1552 3658 ac
1562 3604 1643 3659 lectis
1655 3605 1731 3659 inira
1743 3618 1825 3660 sacra

1002 3675 1174 3742 coerncteria,
1188 3688 1220 3728 ac
1236 3672 1337 3728 titulos
1350 3675 1500 3738 Romanos,
1517 3675 1565 3730 ubi
1581 3676 1722 3744 deposita,
1738 3682 1766 3731 et
1778 3690 1824 3730 cu·

1003 3747 1110 3801 stodita
1124 3744 1437 3814 quiescebantcorpora
1452 3747 1498 3799 ss.
1513 3747 1678 3815 Alexandri,
1695 3746 1823 3815 Quirini,

1002 3818 1153 3882 Hermetis,
1170 3813 1305 3880 Balbine,
1328 3822 1356 3870 et
1376 3815 1539 3888 Theodora,
1565 3822 1592 3872 et
1607 3818 1714 3873 annuis
1733 3817 1825 3873 sacris

1002 3890 1058 3943 lieo
1075 3900 1162 3956 super
1185 3886 1234 3941 illa
1253 3886 1358 3941 oblatis
1372 3887 1488 3956 publica
1503 3888 1631 3944 fidelium
1643 3890 1825 3944 veneratione

1002 3961 1165 4014 eorumdem
1183 3958 1326 4013 memoriae
1341 3957 1548 4014 recolebantur.

1038 4032 1098 4084 Non
1114 4034 1197 4100 negat
1206 4029 1438 4096 schelestratius,
1453 4029 1481 4084 in
1497 4029 1671 4099 exemplaria
1688 4029 1826 4087 nonnulla

1002 4103 1137 4157 Actorum
1158 4101 1189 4154 S.
1208 4099 1363 4154 Alexandri
1379 4101 1507 4169 sequiori
1523 4107 1605 4156 aetaie
1623 4103 1766 4172 descripta
1782 4103 1827 4156 ir-

1004 4173 1128 4241 repsisse
1142 4170 1255 4240 aliquot
1271 4171 1370 4226 menda
1387 4189 1394 4240 3
1412 4172 1469 4227 imo
1483 4173 1826 4228 admonuitessedistin-

1004 4246 1115 4314 guenda
1132 4241 1303 4310 interpolata
1316 4256 1332 4297 a
1343 4243 1478 4313 genuinis
1490 4242 1572 4313 (diss.
1588 4258 1618 4310 u,
1632 4257 1693 4314 cap.
1706 4243 1734 4308 3,
1747 4259 1775 4312 n,
1788 4240 1822 4312 i).

1004 4315 1114 4370 indicat
1126 4327 1190 4368 curu
1203 4313 1334 4369 baronio.
1350 4327 1384 4368 ex
1393 4312 1721 4383 Aurelianojudiccsub
1732 4317 1827 4384 impe-

1004 4386 1048 4440 rio
1072 4385 1186 4455 i'rajani
1213 4384 1249 4439 ab
1272 4385 1498 4440 amanuensibus
1525 4388 1656 4441 mendose
1682 4387 1825 4442 redditum

120 4454 209 4525 Legis
219 4456 295 4524 apud
306 4459 479 4530 Aringbium
493 4462 545 4515 lib.
559 4474 595 4524 iv,
611 4473 672 4529 cap.
685 4454 730 4524 at,
742 4471 773 4511 n.
788 4455 832 4511 37.
842 4458 947 4512 inscri-
1003 4456 1189 4512 Aurelianum
1209 4455 1418 4524 imperatorem.
1433 4457 1561 4511 i'ortasse
1577 4457 1663 4511 etiarn
1674 4470 1708 4511 ex
1718 4458 1827 4512 comite

121 4525 237 4649 Pliones
248 4534 384 4597 vetustas,
397 4531 587 4602 reliquiarum
600 4530 710 4585 indices
723 4527 861 4583 ilermetis
874 4542 949 4596 prae-

133 4595 191 4650 ecti
213 4596 307 4668 Urbis,
324 4607 417 4657 servat
432 4603 537 4658 titulus
555 4605 583 4657 s.
600 4600 784 4656 Pudenrianae
807 4600 837 4653 in
855 4598 949 4668 lapide

122 4667 220 4722 inciso
229 4669 283 4724 sub
293 4672 431 4742 Gregorio
443 4675 570 4743 Septimo
582 4693 588 4728 :
602 4671 737 4737 Balbine,
751 4683 783 4725 ac
794 4670 948 4725 Tbeodorae

120 4737 241 4793 nomina
253 4739 495 4814 retertantiquicr
509 4743 665 4832 epigraphe
676 4741 948 4810 superstesinpavl-

121 4812 947 4883 mentopresbyteriidiacouiaesliiariaeinDomnica‚n0-

120 4891 161 4933 uo
183 4881 301 4938 circiter
318 4886 422 4941 seculo
443 4887 605 4957 insculpta:
621 4899 677 4956 quo
688 4885 773 4940 etiam
791 4883 852 4937 loco
865 4888 947 4937 aetate

119 4955 222 5005 nostra
237 4951 326 5009 beatae
347 4956 473 5012 Balbinae
489 4972 553 5014 ossa
576 4957 727 5026 complura
752 4958 863 5022 reperta
878 4960 946 5007 sunt

119 5033 188 5075 cum
205 5021 337 5090 plumbea
353 5027 460 5084 lamina
475 5029 614 5098 inscripta
630 5047 636 5082 :
652 5029 760 5083 Connus
779 5026 806 5080 S.
821 5036 945 5078 ultuma

119 5104 196 5146 vinc.
211 5093 324 5152 inclusa
340 5111 498 5155 marmoreo
513 5100 705 5156 loculamento
721 5095 774 5152 sub
785 5108 835 5150 ara
851 5096 945 5150 maxi-

119 5175 168 5216 ma
178 5167 349 5236 constituto,
361 5175 389 5224 et
400 5171 515 5240 quidem
528 5171 557 5226 in
570 5170 696 5242 publicis
707 5166 885 5224 tabulisactu
898 5180 946 5221 re-

119 5232 192 5288 lato.
209 5248 274 5291 cum
294 5239 483 5296 demandante
507 5243 691 5298 sanctissimo
708 5243 789 5295 Patre
803 5241 946 5294 Uiernenie

118 5303 162 5358 Xi
183 5306 310 5387 praelecti
327 5312 418 5366 sacris
436 5312 571 5383 reliquiis
595 5309 832 5383 recognoscendis
848 5317 876 5364 et
891 5323 945 5365 cu-

119 5376 223 5431 randas
247 5379 300 5434 viri
321 5381 477 5437 clarissimi
503 5384 664 5440 Alexander
678 5381 836 5437 canonicus
851 5381 946 5434 Bona-

119 5454 244 5502 ventura
260 5453 423 5521 paulopost
441 5462 555 5511 creatus
570 5456 721 5525 episcopus
739 5451 944 5518 Nazianzenus,

117 5521 149 5571 et
164 5518 278 5575 Marcus
300 5522 365 5577 abb.
379 5525 502 5581 Boidetti
520 5541 595 5581 nunc
610 5529 637 5578 s'.
660 5523 755 5577 itariae
777 5521 946 5575 'transtibe-

119 5588 177 5642 rim
193 5594 362 5663 canonicus,
385 5609 417 5651 eo
431 5602 635 5662 convenerunt,
654 5593 696 5648 uti
717 5591 806 5647 latius
817 5591 945 5661 explicui

123 5659 159 5739 in·
172 5663 313 5729 opusculo
330 5679 362 5720 ea
384 5668 418 5721 de
433 5681 463 5722 re
485 5674 629 5722 contexio.
653 5664 763 5732 Corpus
781 5664 808 5714 Β·
831 5661 945 5730 Οὓιιιιιι

119 5727 247 5802 tribuni,
263 5734 390 5791 Balbine
403 5739 506 5806 Patris,
519 5738 606 5793 iioma
620 5734 821 5792 transmissum
831 5747 847 5788 a
858 5735 948 5789 Leone

117 5800 261 5874 1XGepae
282 5806 435 5865 abbatissae
457 5809 533 5866 circa
547 5822 655 5865 annum
676 5803 744 5862 iobii
771 5805 900 5877 publicis
914 5818 947 5861 ex

965 4500 1116 4594 DTraiani
1139 4528 1168 4582 in
1182 4527 1313 4580 Partbica
1326 4527 1509 4595 expeditione
1523 4540 1666 4595 perperam
1687 4541 1826 4595 procusos

1003 4605 1046 4654 est
1060 4614 1145 4653 comes
1158 4599 1300 4664 utriusque
1322 4597 1437 4650 militiae.
1458 4597 1584 4651 Titulum
1598 4598 1674 4651 enim
1693 4598 1770 4652 bunc
1785 4610 1826 4651 se·

1003 4671 1066 4725 rius
1081 4670 1224 4732 auditum,
1244 4680 1329 4735 quarn
1350 4665 1464 4721 lucrant
1480 4667 1594 4734 Traiani
1615 4674 1752 4736 tempora,
1769 4680 1824 4722 non

1002 4741 1139 4809 negarim.
1156 4739 1270 4792 domitas
1286 4743 1377 4791 tamen
1391 4736 1593 4805 eepedttioaum
1605 4739 1741 4794 Romanis
1751 4738 1827 4808 prin·

1002 4811 1118 4879 cipibus
1130 4807 1268 4875 adfuisse,
1289 4821 1379 4878 eoque
1400 4808 1515 4862 nomine
1530 4808 1694 4865 honestatos
1714 4810 1768 4881 legi
1793 4809 1822 4862 in

1003 4881 1129 4951 publicis
1143 4878 1385 4947 inscriptionibus
1403 4878 1488 4933 annis
1506 4879 1569 4948 plus
1593 4892 1656 4934 uam
1672 4879 1825 4950 sexagenis

1001 4959 1067 5007 ante
1090 4951 1241 5019 imperium
1263 4950 1389 5019 Traiani,
1405 4949 1506 5018 probat
1524 4950 1582 5005 cele
1605 4965 1634 5006 re
1650 4964 1823 5007 mouumen-

1001 5029 1061 5077 tum
1077 5024 1120 5077 Ti.
1131 5021 1236 5076 Plautii
1250 5020 1371 5088 silvani,
1387 5020 1416 5074 in
1429 5020 1698 5091 agrofiburiinoad
1710 5026 1821 5091 pontem

1001 5095 1146 5150 Lucanum
1159 5094 1254 5148 adbuc
1273 5097 1428 5162 superstes,
1447 5093 1487 5146 ιιι
1501 5092 1636 5163 incisum,
1650 5099 1678 5148 et
1694 5093 1723 5146 in
1739 5092 1819 5148 Grut·
1838 5157 1840 5160 y

1000 5166 1054 5220 ieri
1070 5165 1215 5220 Tbesauro
1229 5176 1367 5218 excusum
1383 5176 1444 5234 pag.
1462 5159 1524 5218 isa.

1072 5319 1110 5360 n.
1136 5317 1258 5360 rxxvrio.
1285 5316 1315 5358 u.
1338 5317 1364 5358 r.
1382 5344 1399 5355 ..
1418 5303 1748 5375 miserimiseris).
1769 5311 1822 5361 etc.

1071 5391 1115 5432 en.
1130 5389 1194 5431 viru.
1209 5388 1303 5430 iscar.
1318 5388 1350 5429 ur
1365 5387 1445 5429 fourr
1459 5373 1479 5429 i.
1492 5388 1586 5431 ctxvur
1604 5379 1623 5430 i.

1071 5459 1262 5502 causantem.
1279 5458 1438 5500 surranum.
1460 5459 1560 5501 consui.
1572 5450 1593 5501 ι.

1073 5532 1172 5574 rnocos
1183 5531 1272 5572 asiae.
1286 5530 1380 5571 tucax.
1395 5531 1543 5572 nicoenam.
1555 5532 1682 5574 uoesmu.

1037 5661 1118 5715 llunc
1139 5658 1231 5729 igilur
1252 5659 1374 5713 comitem
1391 5658 1502 5713 Claudii
1513 5660 1686 5728 imperatoris
1698 5662 1729 5716 in
1747 5677 1825 5732 eope·

1002 5733 1105 5787 ditione
1128 5731 1290 5784 Batonnieo
1304 5743 1352 5799 per
1370 5729 1465 5786 varios
1476 5730 1652 5802 dignitatum
1671 5733 1779 5805 gradus
1789 5733 1824 5788 ad

1005 5801 1201 5875 prefecturam
1219 5800 1306 5856 Urbis
1321 5805 1493 5875 promotum,
1504 5807 1532 5860 et
1547 5799 1837 5876 legatumtxuxssa-
