3892 6136
113 280 168 365 'iii

149 401 216 458 Ano

515 279 563 336 no
580 275 798 334 anmrasmn
817 273 1073 335 rnonncormna
1089 276 1178 353 npn.
1199 238 1413 337 nonssrartc.

827 387 906 443 Aoni
950 386 981 447 A
1026 385 1106 443 Anni
1137 388 1365 462 Christianorum,
1379 390 1535 445 iudeorum
1567 392 1594 443 et
1613 390 1675 459 pni-
1703 389 1769 445 lm

146 474 208 528 Per.
256 456 447 546 imperotores,
466 465 594 523 consutos
606 466 797 529 Romanorum,
825 459 856 515 U.
871 456 902 513 G.
1011 458 1109 530 inmp
1171 465 1298 518 timorum
1318 463 1492 533 populorum,
1522 461 1675 531 Poritrttocs,
1713 463 1769 517 diri

145 545 202 601 itti.

130 615 219 675 ctiori

289 781 461 841 Theudorici
476 779 562 853 Regis
573 776 606 836 al
619 784 647 835 et
660 775 708 835 22.

288 875 352 929 cos.
381 873 418 927 bl.
448 869 586 927 Aurelius
608 865 797 925 Cassiodorus

252 964 372 1020 Senator
394 959 594 1031 sinecollega.

287 1051 416 1124 Epistola
448 1048 609 1121 Symmachi
641 1049 731 1118 Papae,
769 1050 799 1103 et

254 1143 349 1215 ipsius
360 1139 525 1197 cassiodori
545 1139 630 1207 epist.
650 1136 795 1194 ethron.

286 1230 422 1288 clodovei
448 1234 567 1285 mortem
591 1227 645 1284 boo
665 1239 742 1282 anno
761 1223 797 1280 ab

249 1319 401 1391 aliquibus
427 1317 545 1373 relatam
576 1316 659 1372 docet
692 1312 797 1384 Pagius

250 1423 313 1468 etse
328 1422 377 1480 per
391 1408 550 1463 triennium
584 1401 794 1472 retrahendam,

252 1513 353 1570 nempe
378 1498 413 1554 ad
427 1494 478 1555 till
505 1494 553 1552 die
575 1491 611 1551 al
644 1490 793 1549 Novembr.

249 1590 342 1646 Felice
369 1590 400 1645 V.
424 1589 453 1643 c.
469 1587 532 1643 Cos.
562 1586 603 1641 Ex
627 1584 730 1639 chron.
760 1580 786 1638 S.

249 1677 485 1737 ilincbietensis.
496 1675 566 1731 l'ide
578 1672 653 1743 apud
677 1671 795 1744 Pagium

248 1770 276 1825 b.
292 1782 317 1824 a.
335 1768 520 1839 partitionem
529 1768 592 1837 ejus
613 1763 703 1835 Regni
720 1764 797 1819 inter

250 1859 337 1916 illios.

140 1965 212 2024 baill
283 1967 353 2036 imp.
368 1970 439 2021 caes.
463 1963 635 2021 Anastasius
644 1962 717 2032 hug.
758 1961 794 2014 tr.
834 1950 903 2012 latii

126 2057 209 2131 filib
247 2071 274 2129 p.
289 2052 334 2124 ai,
349 2054 395 2112 25.
410 2057 489 2111 Coss.
505 2067 546 2109 ιιι.
835 2042 905 2102 laod

123 2150 200 2227 03
283 2140 602 2216 Theodoriciiiegisbd
623 2145 651 2198 et
679 2137 724 2198 ΞΒ.

161 2245 192 2325 ll.
263 2271 341 2327 0033·
357 2235 529 2317 Anthemius
548 2234 605 2317 Or.⁸

128 2313 219 2370 indict
357 2306 521 2363 Florentius
540 2303 627 2361 Ocord

151 2416 204 2458 vin
289 2397 435 2453 anastasii
457 2398 515 2464 imp
536 2392 740 2465 epistolaeduae
761 2389 797 2446 ad

137 2498 163 2550 et
192 2505 222 2547 ιι
253 2485 486 2545 llormisdamhis
497 2486 575 2541 Coss.
587 2485 656 2540 Vide
677 2480 795 2537 lieland.

250 2586 278 2636 et
287 2580 353 2637 aliae
365 2575 522 2632 hormisdae
534 2573 569 2629 ad
583 2576 681 2628 hnasl.
701 2569 800 2627 eodem

252 2669 419 2729 Consulatu.
448 2663 517 2721 Vide
547 2661 676 2733 Papium.

287 2755 483 2815 Theodoricus
503 2754 562 2808 liex
584 2748 798 2806 Amalasuntam

251 2850 340 2907 tiliam
354 2845 511 2904 Eutharico
525 2853 641 2899 uxorem
658 2840 717 2895 dat.
729 2837 800 2895 Cas-

246 2941 325 2999 siod.

283 3029 409 3087 Ariadne
430 3026 560 3097 Angusta
576 3020 710 3090 moritur,
733 3030 796 3088 quae

247 3118 433 3177 aracusiam
447 3127 504 3172 non
520 3110 606 3170 semel
636 3107 792 3179 redarguit.

141 3334 213 3396 5229
285 3337 355 3405 imp.
382 3333 451 3390 Caes.
471 3327 646 3387 Anastasius
667 3324 740 3397 hug.
754 3326 792 3379 tr.
831 3316 900 3376 ⁴268

126 3425 209 3506 mil
250 3442 277 3497 p.
292 3424 337 3494 25,
367 3423 411 3480 25
439 3423 502 3478 Cos.
522 3436 563 3476 ιιι.
829 3407 899 3468 lact

122 3524 159 3599 θ
177 3523 194 3581 i
284 3522 455 3595 Theudorici
473 3520 557 3594 liegis
570 3515 606 3574 23
622 3523 650 3572 et
664 3512 711 3584 at,

143 3614 162 3670 C
180 3616 203 3669 Β
273 3614 337 3670 Cos.
355 3616 454 3669 Petrus
475 3612 538 3667 sine
560 3607 675 3678 Collega

131 3703 220 3757 indict
287 3700 536 3767 i'etusinscriptio
551 3697 616 3752 inS.
632 3692 748 3751 blartini
759 3690 795 3747 de

166 3804 196 3846 ιι
251 3790 397 3845 Montibus
423 3789 526 3841 llornae.
552 3787 585 3839 Et
609 3787 694 3853 epist.
720 3784 795 3839 llor-

144 3883 197 3934 etx
253 3873 650 3932 misdaeexrxetxadxrr.

286 3963 449 4020 Concilium
461 3960 672 4016 Tarraconense
693 3958 794 4013 consi-

253 4059 358 4125 gnatur
373 4052 426 4108 hoc
435 4051 568 4121 Consule,
583 4056 610 4106 et
622 4062 698 4105 anno
714 4052 793 4104 sexto

251 4138 789 4212 Theodoriciliegisinlllisp.)dievnr.

253 4231 294 4286 ld.
314 4232 383 4286 Nor.

144 4690 215 4751 5230
286 4694 356 4763 lmp.
381 4690 449 4749 Ces.
473 4691 731 4766 trasmstustug.
754 4698 789 4750 tr.
830 4692 899 4752 laci

125 4780 209 4859 &ET
245 4798 271 4854 p.
288 4780 333 4853 26,
349 4778 396 4838 ili.
411 4782 472 4838 Cos.
487 4795 528 4837 ιιι.
829 4781 899 4844 laio

124 4870 161 4945 θ
191 4869 209 4928 5
286 4872 457 4929 Theodorici
471 4872 556 4947 [legis
570 4866 608 4929 al·
618 4878 646 4929 et
659 4870 705 4930 25.

160 4961 193 5044 ΑΙ
264 4997 333 5055 Coss
358 4962 398 5018 ll.
415 4963 587 5048 Anastasius
610 4964 659 5021 Or.

128 5033 219 5088 indict
336 5035 497 5106 'Agaprtus
511 5037 608 5092 occid.

159 5137 177 5177 ιι
285 5124 372 5179 Vetus
402 5125 526 5196 inscript
565 5126 681 5199 hgapiti
721 5128 785 5185 Cos.

139 5215 205 5267 etxt
244 5211 339 5267 iiomae
355 5213 384 5268 in
408 5215 547 5269 Diaconia
570 5215 598 5269 S.
626 5216 737 5272 Nicolai
758 5220 787 5275 in

248 5300 366 5356 carcere
377 5303 520 5358 Tnlliano.
537 5303 659 5360 Fabrett.
674 5321 701 5377 p.
719 5305 780 5365 bol.

246 5391 394 5449 Anastasii
424 5406 489 5449 vero
512 5394 603 5465 Aquis
618 5398 725 5456 sextiis
753 5401 783 5456 in

245 5481 374 5539 Ecclesia
389 5484 507 5554 lietrop.
528 5486 604 5555 apud
614 5488 697 5547 Grut.
715 5488 784 5547 iola

248 5585 283 5628 ex
297 5588 355 5645 qua
365 5572 447 5632 Card.
460 5575 556 5632 Norls.
569 5575 600 5631 in
608 5578 691 5646 epist.
701 5580 784 5638 cons.

323 557 366 599 res
400 544 482 610 posta
508 543 534 594 et
560 537 729 592 documento.
824 532 930 611 amet·

796 598 941 675 postPoiti

954 1725 981 1786 B

1169 535 1261 603 Renes,
1283 549 1325 589 res
1346 538 1427 604 peste
1446 539 1471 589 et
1497 532 1668 588 documento.
1690 531 1769 589 cleta

1171 783 1314 840 Honnrsoa
1327 797 1476 841 successor
1489 782 1613 855 eligitur
1627 782 1679 839 die

1134 869 1180 942 Ed,
1204 873 1357 930 ordinatur
1377 869 1413 929 29
1435 871 1584 930 Novembr.
1606 870 1678 929 vide

1136 968 1217 1018 notas
1247 976 1301 1035 pag
1319 959 1383 1034 229,
1407 962 1510 1035 quain
1534 959 1677 1019 electione

1135 1051 1249 1108 sublato
1259 1052 1415 1109 schismate
1440 1064 1494 1122 pax
1513 1058 1559 1108 est
1577 1049 1679 1107 Eccle-

1133 1141 1185 1197 siae
1200 1140 1323 1197 reddita.
1343 1140 1414 1197 Vide
1427 1147 1509 1197 notas
1521 1139 1555 1197 ad
1579 1140 1676 1197 llorm.

1170 1229 1346 1286 Vitalianum
1377 1230 1516 1286 Comitem
1553 1227 1680 1287 aloede

1133 1320 1206 1381 ratis
1220 1320 1390 1376 orthodoxis
1410 1319 1513 1376 ducem
1528 1324 1556 1375 et
1580 1319 1678 1375 vindi-

1133 1421 1203 1474 cem,
1219 1415 1482 1465 constitutumoum
1495 1422 1531 1464 ιι
1546 1408 1678 1466 millibus

1132 1498 1252 1554 armatis
1269 1499 1297 1554 in
1312 1499 1456 1555 liebdomo
1468 1499 1584 1555 stetisse
1592 1499 1674 1554 docet

1136 1586 1164 1641 h.
1180 1600 1206 1642 a.
1225 1588 1357 1644 Pelavius
1377 1602 1411 1643 ea
1434 1586 1615 1658 Marcellino,
1630 1588 1677 1645 sed

1134 1676 1280 1733 hnastasii
1293 1676 1544 1746 simulationibus,
1570 1682 1599 1733 et
1614 1691 1676 1748 per-

1132 1765 1222 1834 juriis
1249 1766 1369 1824 illusum
1381 1768 1458 1824 intra
1473 1767 1626 1824 octiduum
1640 1780 1678 1824 re

1134 1855 1265 1911 cessisse.

1047 1974 1067 2016 ιι
1170 1964 1329 2020 llormisdae
1352 1960 1448 2021 leta.

1042 2065 1076 2107 ιιι
1171 2052 1540 2110 Vitalianusiebementius
1551 2053 1678 2125 insurgit

1135 2149 1236 2197 contra
1250 2143 1446 2215 anastasium,
1463 2143 1514 2215 qui
1526 2141 1632 2215 legatis
1643 2142 1675 2199 ad

1135 2244 1201 2288 eum
1232 2232 1330 2288 missis
1353 2232 1388 2289 de
1421 2245 1488 2303 pace
1518 2232 1677 2289 Catholicis

1135 2322 1278 2378 reddenda
1294 2322 1464 2392 paciscitur.
1479 2322 1676 2379 Theodoricas

1136 2410 1280 2467 Vitaliano
1295 2413 1414 2469 studens
1436 2413 1546 2468 instare
1560 2413 1678 2468 nonde-

1716 1956 1758 2019 ill

1136 2499 1294 2571 sinitapud
1312 2503 1504 2572 llormisdam,
1520 2509 1552 2559 ut
1571 2503 1677 2575 legatos

1135 2589 1680 2661 Constantinopolimtransmittatblit·

1137 2678 1211 2735 titur
1231 2681 1382 2738 Ennodius
1402 2682 1581 2753 Ticinensis,
1607 2683 1678 2740 alii-

1136 2782 1205 2839 que.

1171 2860 1279 2930 llunni,
1322 2860 1457 2917 Armenia
1495 2863 1675 2935 transmissa,

1134 2948 1341 3019 cappadociam
1377 2958 1406 3008 et
1426 2952 1595 3011 Llcaoniam
1626 2953 1678 3011 de-

1133 3045 1255 3097 vastant.

1168 3131 1353 3189 liaoodonius
1365 3144 1409 3203 ep.
1437 3132 1490 3188 GP.
1513 3133 1545 3190 tn
1573 3133 1677 3192 exsilio

1134 3220 1268 3277 moritur.

1044 3322 1076 3366 ιιι
1167 3309 1394 3369 llormisdaeTet
1409 3310 1435 3369 3.
1480 3364 1482 3368 .

1053 3412 1080 3453 ιιι
1135 3398 1307 3458 Anastasius
1328 3403 1362 3459 ad
1390 3403 1571 3462 hormisdam
1593 3404 1673 3475 lega-

1134 3489 1239 3545 tionem
1262 3491 1395 3563 adornat,
1424 3501 1452 3550 et
1465 3507 1546 3571 spem
1574 3507 1673 3551 conro-

1130 3580 1214 3636 candi
1238 3581 1357 3637 concilii
1385 3579 1465 3639 iacit.
1495 3584 1601 3641 i'erum
1629 3585 1673 3640 Lo

1131 3670 1190 3740 gaii
1217 3671 1410 3740 imperatoris.
1444 3687 1511 3729 cum
1539 3680 1677 3730 essenta

1132 3757 1200 3812 Fide
1212 3757 1354 3814 catholica
1369 3758 1469 3830 alieni,
1481 3760 1673 3818 dimittuntur

1131 3846 1167 3902 ab
1181 3848 1342 3904 llormisda.

1167 3938 1299 4008 Episcopi
1317 3938 1475 4010 illyriciani
1492 3941 1527 3998 ad
1550 3955 1643 3999 comm
1664 3970 1674 3985 ·

1131 4026 1246 4083 nionem
1271 4028 1404 4085 Ecclesiae
1424 4030 1560 4088 iiomanae
1585 4032 1674 4089 redu-

1131 4120 1247 4172 cuntur.
1272 4118 1374 4174 Baron.
1395 4120 1491 4177 Petar.
1508 4122 1567 4195 Peg
1579 4121 1671 4180 exiit·

1130 4205 1201 4261 teris
1213 4207 1381 4264 llormisdae.

1164 4294 1260 4354 llelias
1274 4296 1675 4372 HierosolymitanasEpisco

1131 4399 1185 4456 pus
1225 4387 1255 4442 in
1291 4386 1397 4443 exsilio
1436 4390 1562 4446 moritur
1590 4391 1675 4461 juxta

1131 4474 1261 4548 Pagium.
1290 4477 1421 4534 l’etarius
1443 4485 1509 4550 post
1532 4479 1674 4538 biennum

1129 4564 1287 4623 decessisse
1301 4567 1415 4624 scribit.

1006 4685 1102 4760 inmp
1167 4689 1433 4749 llormisdaedeti.

1033 4777 1087 4837 323
1166 4783 1270 4838 iterata
1302 4783 1419 4856 legatio
1451 4783 1613 4842 Hormisdae
1634 4781 1670 4841 ad

1040 4881 1068 4924 rr
1127 4871 1322 4943 anastasium,
1350 4873 1401 4945 qui
1422 4873 1533 4947 legatos
1563 4872 1672 4932 lrustra

1039 4961 1065 5012 et
1131 4959 1672 5034 muneribustentatinsuamsanten·

1029 5044 1082 5104 iai
1130 5049 1199 5104 tiam
1237 5055 1396 5120 perlabere.
1423 5055 1526 5112 Verum
1552 5055 1582 5112 bi
1612 5066 1668 5111 non

1050 5153 1060 5192 1
1129 5139 1212 5195 modo
1234 5150 1398 5200 constantes
1413 5145 1499 5200 etiam
1518 5144 1549 5200 in
1572 5143 1669 5215 expul-

1124 5227 1215 5297 sione,
1232 5236 1260 5287 et
1273 5234 1337 5288 navi
1349 5232 1446 5306 iragili
1460 5235 1591 5305 impositi
1608 5247 1667 5305 per·

1123 5327 1263 5391 severant,
1302 5323 1462 5380 sedetiam
1493 5339 1543 5396 per
1569 5325 1666 5381 ildeics

1122 5412 1276 5469 monachos
1288 5414 1469 5484 apostolicas
1480 5415 1593 5472 litteras
1604 5415 1666 5471 ubi·

1121 5515 1177 5572 que
1184 5502 1364 5585 perferendas
1376 5511 1490 5563 curant.
1505 5506 1665 5565 Videnotttt

1118 5592 1154 5648 ad
1164 5593 1356 5651 llormisdam.

1714 3304 1756 3368 tlt

1711 4683 1757 4748 oli
