3884 6126
134 230 184 291 Μ
603 236 763 295 (14444οΝ04.
779 241 803 295 Α
821 239 849 298 S.
869 241 1064 301 sitvusruo
1081 246 1129 302 ΑΙ)
1146 246 1173 302 S.
1194 246 1299 304 GREG.
1321 250 1355 303 bi.
1785 248 1840 310 698

162 361 240 441 Anni
254 343 460 443 ι444444444444,
501 365 627 418 Consules
667 366 805 420 44444444-
836 366 915 419 Anni
973 371 1002 427 A
1052 371 1131 441 Anni
1168 375 1395 443 Christianorum,
1416 375 1573 429 iudeorum
1597 380 1623 429 et
1643 377 1705 444 4444-
1743 376 1823 432 neni

149 431 258 487 Putnode
313 445 384 495 44444,
400 445 443 482 res
458 438 540 496 444444
564 440 589 488 ct
613 437 779 489 (4444444444.
853 438 884 490 44.
899 436 927 490 C.
1036 440 1140 512 olymp.
1198 448 1324 500 timorum
1343 447 1518 515 populorum,
1545 447 1695 515 Pontifices,
1754 448 1826 501 AErae

161 503 208 556 lul
220 507 245 555 et
824 512 886 562 4444
901 515 927 560 44
1193 534 1278 583 rupes,
1304 533 1346 570 444
1373 524 1454 584 posta
1470 524 1495 571 ct
1527 518 1695 571 documento.
1726 517 1837 573 Christi.

182 573 234 627 luci
803 584 866 648 post
879 578 939 634 Pul.

275 752 408 808 Recbilas
424 752 504 809 iilius
521 756 649 811 succedit
665 757 695 812 in
711 758 815 814 Baetica

275 840 377 897 444444.
391 842 525 898 44444444
537 844 701 916 exlsidoro.

168 1125 238 1183 5454
311 1129 390 1198 Impp
404 1127 480 1182 Cass
495 1128 674 1185 Theodosius
685 1130 740 1185 iun
756 1133 817 1202 bug
855 1129 919 1188 4494

156 1212 248 1289 &28
274 1220 309 1269 tr.
326 1230 352 1284 p.
369 1211 414 1284 34,
431 1213 475 1270 38.
491 1215 631 1271 Cosxru.
855 1217 924 1275 4494

158 1304 192 1376 0
226 1301 244 1358 3
310 1304 344 1359 444
367 1302 589 1360 Valentinianus
614 1306 668 1361 lun
695 1307 760 1377 ling
780 1315 816 1361 44.

203 1395 228 1446 A
276 1407 303 1460 p.
320 1388 363 1460 44,
381 1389 424 1460 45,
441 1406 542 1448 costr.

163 1480 251 1535 indict
273 1515 343 1572 coss
364 1479 542 1536 Theodosius
556 1482 620 1553 Aug
635 1497 694 1538 444444

184 1565 221 1606 4444
363 1552 474 1607 Festus.

163 1645 248 1695 444444
315 1642 400 1696 Vetus
437 1642 590 1712 inscriptio
625 1645 654 1697 in
694 1646 818 1703 Basilica

275 1731 303 1784 S.
331 1730 411 1785 Pauli
434 1736 462 1785 44
487 1731 530 1786 lex
553 1729 597 1786 44.
622 1733 651 1788 C.
677 1735 712 1789 de
733 1735 817 1806 Episc

275 1824 304 1872 44
317 1818 397 1873 444444
411 1818 533 1888 aliaque
548 1821 622 1889 apud
640 1821 757 1876 44444444.

314 1906 417 1962 Octava
437 1908 666 1978 quinquennalia
686 1910 820 1967 Theodo-

276 1994 376 2050 siiiun
388 1994 461 2067 bug.
474 1996 545 2051 Vide
557 1997 642 2053 Neris
654 1998 689 2053 de
701 2013 817 2055 nummo

279 2084 382 2138 Licinii
401 2100 427 2153 p.
444 2082 489 2139 80.

974 1685 1000 1746 Β

167 2456 239 2516 5453
319 2461 397 2528 impp
412 2457 487 2513 Cass
498 2457 627 2514 44444444
638 2461 693 2515 444
705 2462 768 2530 Aug
781 2466 816 2515 44.
857 2458 927 2517 lieu

112 2547 223 2617 (44
277 2543 625 2618 438443444444444.

130 2636 193 2709 0
212 2633 230 2692 4
317 2637 353 2691 Et
374 2634 598 2691 Valentinianus
618 2636 672 2692 lun
697 2638 760 2708 ling
781 2644 816 2693 44.

160 2726 227 2781 GF
277 2740 304 2795 p.
325 2720 535 2795 i5‚to,eosv.

110 2814 248 2869 Indici
276 2849 345 2905 (3033
366 2812 589 2895 Valentinianus
605 2814 669 2886 Aug
682 2829 709 2869 v.

171 2899 226 2941 4444
363 2884 525 2940 anatolius.

147 2979 189 3030 et
204 2987 238 3030 rx
313 2974 399 3029 Vetus
419 2972 573 3042 inscriptio
589 2974 619 3029 in
633 2974 681 3029 'lit
696 2975 724 3030 s.
739 2976 819 3031 4444-
976 3001 1001 3063 C

857 2547 926 2608 4493

278 3061 335 3117 tini
345 3062 379 3118 de
388 3061 536 3118 Montibus
547 3081 553 3116 :
565 3069 594 3118 et
604 3063 679 3132 apud
690 3062 818 3120 Gudium

277 3151 341 3206 duae
355 3150 510 3206 adalaudo
527 3151 692 3221 impressae:
708 3165 818 3208 necnon

276 3241 352 3312 leges
370 3239 477 3310 plures,
498 3246 529 3295 ut
548 3237 575 3310 4,
595 3241 625 3295 C.
642 3241 678 3297 de
693 3240 818 3313 legibus,

277 3327 398 3399 aliaque
412 3329 487 3399 apud
501 3329 630 3385 cumdem
646 3329 816 3386 Relaudum.

104 3470 234 3530 5⁴5⁴
312 3472 390 3543 impp
407 3471 483 3527 Caess
494 3471 672 3528 Theodosius
687 3474 741 3529 lun
754 3472 819 3544 Aug
856 3470 926 3529 4493

66 3559 228 3638 &2
279 3567 316 3615 44.
332 3575 358 3631 p.
374 3557 510 3630 394440,
528 3574 576 3615 444
592 3575 662 3614 444444.
856 3559 925 3616 4494

66 3649 194 3722 ὓ
213 3647 232 3705 5
318 3649 351 3705 Et
374 3649 595 3705 Valentinianus
615 3651 670 3705 iun
692 3650 756 3721 bug
780 3654 817 3705 ir.

194 3739 218 3792 4.
280 3734 539 3808 4444444444.

67 3827 251 3882 Indici
313 3827 366 3883 Cos
379 3828 471 3897 Cyrus
487 3826 568 3883 solus
583 3829 615 3881 ob
630 3834 716 3882 ortem
730 3831 821 3898 poeti-

171 3930 220 3970 11
277 3932 335 3970 cum
353 3917 480 3971 Eudociae
497 3919 637 3984 protiosus
660 3917 697 3970 444
712 3916 820 3972 Consu-

117 4020 171 4058 e:
183 4009 236 4060 tx
281 4005 367 4060 ictum
384 4011 535 4076 promotus.
557 4007 640 4061 Petav
665 4020 699 4061 ex
719 4005 818 4062 Suida.

316 4095 470 4164 inscriptio
492 4100 574 4150 vetus
599 4094 628 4148 in
648 4094 675 4149 S.
702 4093 821 4149 44444444

279 4184 316 4240 de
328 4183 472 4239 Montibus
489 4183 574 4238 habet
590 4183 620 4237 P.
641 4184 671 4239 C.
686 4185 741 4238 ub.
762 4183 820 4237 bii.

280 4272 474 4329 Valentiniani
500 4278 528 4327 et
548 4272 676 4328 Anatolii
696 4272 822 4349 44464-

282 4375 345 4417 rum
366 4361 484 4418 exbibet
502 4362 521 4415 4.
548 4357 591 4418 40.
614 4361 645 4415 C.
669 4361 704 4416 de
724 4360 823 4417 delens

282 4450 352 4506 civit
365 4450 489 4521 aliaeque
503 4451 578 4520 apud
595 4451 714 4507 lieland.

317 4540 349 4593 44.
360 4554 386 4595 4.
400 4539 561 4596 celebratur
572 4539 670 4596 Concil
684 4539 823 4594 drausicr

283 4641 317 4683 ex
339 4627 518 4683 Narbonensi
542 4634 570 4684 44
594 4627 724 4700 Lugdun.
753 4627 824 4681 444-

282 4718 398 4773 vinciis.
416 4719 509 4772 Petne.

143 5002 250 5078 5155

133 5096 180 5162 θ
216 5107 239 5165 3
319 5114 397 5183 lmpp
411 5114 487 5168 Cass
499 5110 679 5167 Theodosius
693 5109 747 5163 444
764 5108 827 5176 Aug
864 5101 933 5159 4494

147 5179 242 5254 Ἠ
288 5207 325 5254 tr.
341 5216 368 5270 p.
386 5200 429 5262 to,
447 5199 490 5260 44.
508 5216 557 5255 cos
575 5213 645 5253 444444.
865 5190 935 5250 libii

193 5280 228 5334 1)
323 5291 358 5345 Et
380 5291 600 5346 valentinianus
623 5289 676 5341 lun
701 5287 763 5355 Aug
789 5293 825 5340 tr.

166 5360 261 5431 lnam
289 5395 316 5449 p.
334 5376 377 5449 ii,
395 5377 439 5448 ts,
456 5392 546 5434 cosv.

205 5470 226 5514 1
291 5504 362 5560 Coss
380 5469 539 5523 Eudoxius.

187 5533 255 5592 ⁶²11
385 5540 541 5594 Dioscorus
615 5501 697 5554 4444
717 5499 827 5553 044444.

1156 755 1270 824 Sicori,
1287 770 1409 826 quarum
1423 768 1509 811 uuam
1525 756 1698 812 transmittit

1156 845 1272 901 Romam
1287 844 1321 900 ad
1338 844 1507 900 Eudoxiam.
1528 844 1598 898 vide
1613 845 1699 900 Peta-

1156 933 1235 988 rium
1245 932 1280 988 ad
1294 945 1399 988 anuum
1414 946 1464 1002 seq
1475 938 1504 987 et
1517 938 1630 989 nostras
1642 946 1697 987 no-

1157 1029 1200 1076 tas
1214 1021 1248 1076 ad
1264 1022 1397 1092 Xystum.

1076 1140 1094 1179 44
1192 1123 1391 1196 4444444448.

1068 1228 1099 1268 444
1189 1215 1322 1271 Julianus
1340 1214 1507 1272 Eclaueosis
1525 1212 1697 1286 Pelagianos

1157 1317 1172 1358 a
1187 1304 1253 1358 sede
1267 1303 1462 1374 recuperanda
1477 1302 1630 1373 repellitur
1648 1317 1698 1373 per

1157 1392 1187 1445 B.
1202 1393 1326 1461 xystum
1342 1404 1442 1462 papam
1458 1405 1547 1447 suasu
1563 1391 1581 1446 S
1595 1393 1699 1447 Leonis

1157 1480 1355 1536 tuucDiaconi
1368 1494 1431 1537 mox
1440 1481 1503 1551 eius
1512 1481 1697 1537 successoris.

1157 1570 1279 1638 Prosper
1293 1570 1322 1624 in
1339 1570 1438 1624 ebron.

1192 1658 1287 1714 cirron
1306 1657 1406 1713 Pascit.
1423 1658 1481 1713 4444
1501 1670 1576 1713 4444
1588 1658 1700 1714 Gense-

1157 1749 1236 1802 ricus
1261 1744 1453 1802 vandalorum
1474 1759 1523 1800 rex
1546 1745 1700 1817 Cartbagi-

1157 1849 1219 1890 nem
1246 1836 1394 1906 ingressus
1411 1840 1455 1890 est
1474 1848 1569 1891 mense
1589 1836 1699 1905 4144444-

1156 1924 1287 1991 berctae,
1304 1924 1550 1993 eodemqueanno
1567 1923 1698 1981 Siciliam

1157 2017 1268 2068 vastare
1314 2011 1437 2066 annisus
1482 2016 1560 2066 est:
1593 2011 1701 2068 violata

1158 2115 1225 2171 pace
1262 2100 1463 2172 Carthaginem
1502 2107 1624 2171 occupat
1664 2114 1701 2154 444

1158 2189 1208 2245 Kal
1224 2188 1372 2244 Novembr.
1389 2188 1460 2245 Vide
1471 2188 1557 2244 Neris
1573 2189 1633 2243 bist
1645 2189 1701 2242 Pc-

1157 2278 1202 2350 lag
1224 2276 1265 2332 lib
1286 2290 1318 2348 44,
1336 2289 1388 2346 cap
1400 2274 1447 2347 44,
1461 2289 1495 2330 444
1515 2277 1653 2343 Prospero
1672 2279 1702 2328 44

1157 2367 1262 2422 idacio.
1410 2363 1413 2367 ’

1069 2487 1100 2528 444
1191 2473 1219 2528 S.
1236 2474 1345 2543 Xystus
1359 2470 1480 2528 4444444
1495 2466 1532 2525 22
1543 2468 1600 2525 lul.
1614 2469 1702 2525 Vacat

1070 2576 1096 2615 44
1149 2561 1235 2617 Sedes
1256 2558 1291 2614 iu
1311 2560 1384 2615 dies.
1405 2556 1533 2629 Eligitur
1551 2557 1570 2612 S
1591 2558 1656 2626 Lao,
1673 2564 1702 2613 et

1158 2651 1310 2706 ordinatur
1348 2646 1486 2703 Kalendis
1526 2646 1701 2719 Septembris

1157 2754 1221 2796 cum
1250 2752 1265 2794 4
1292 2737 1386 2794 Gallis
1421 2737 1555 2794 rediisset
1589 2738 1701 2794 accitus

1159 2827 1312 2899 legatione
1335 2825 1461 2896 publica.
1482 2824 1554 2881 Vide
1569 2828 1698 2882 uotasad

1158 2915 1286 2986 Xystum.

1193 3002 1314 3059 collatio
1339 3016 1389 3059 seu
1412 3004 1566 3058 Processus
1584 3001 1702 3058 babitus

1157 3099 1223 3148 ante
1237 3090 1349 3147 obitum
1363 3090 1382 3146 S
1399 3090 1483 3161 Xysti
1502 3103 1582 3163 papae
1599 3091 1629 3146 in
1646 3092 1702 3147 Ba-

1156 3180 1241 3236 silica
1267 3178 1422 3234 lleleniana
1448 3179 1508 3232 sive
1533 3180 1702 3236 sessoriana

1159 3266 1204 3321 bis
1216 3279 1289 3321 coss.
1305 3264 1376 3319 vide
1390 3263 1492 3317 concil.
1510 3263 1587 3317 ninii
1604 3271 1661 3319 tom
1677 3267 1699 3335 1,

1158 3362 1221 3425 part
1236 3367 1267 3423 u,
1286 3366 1339 3424 pag
1352 3349 1414 3407 488.

1046 3465 1125 3534 olym
1192 3457 1411 3519 4444444444.

1059 3550 1112 3608 304
1193 3548 1372 3604 Theodosius
1387 3545 1494 3602 bellum
1511 3552 1612 3603 contra
1624 3548 1704 3604 Van-

1070 3654 1097 3695 rv
1152 3637 1234 3694 44444
1257 3639 1349 3690 moret
1366 3620 1539 3704 areobinda,
1558 3634 1701 3707 Auaritia,

1069 3735 1094 3784 et
1148 3732 1235 3796 atque
1254 3725 1395 3781 Germano
1415 3721 1541 3779 ducibus
1553 3737 1618 3780 cum
1640 3738 1704 3782 ma-

1058 3816 1111 3874 305
1155 3828 1209 3888 gna
1218 3814 1311 3870 classe
1324 3812 1422 3867 miuus
1432 3809 1557 3867 feliciter
1571 3811 1702 3870 directis.

1082 3921 1090 3962 4
1157 3905 1287 3974 Prosper.
1308 3902 1409 3965 Perse,
1433 3899 1578 3956 Saraceni.
1603 3903 1703 3975 44444,

1161 3992 1264 4059 444444,
1290 3989 1387 4046 Hunni
1411 3988 1553 4045 Romanas
1579 3990 1705 4047 Provin-

1160 4083 1221 4138 cias
1253 4083 1375 4135 rastant.
1405 4077 1511 4133 Contra
1543 4091 1592 4135 eos
1621 4080 1703 4136 4444444

1161 4168 1314 4226 anatolius
1331 4172 1359 4223 et
1373 4167 1466 4237 Aspar
1479 4179 1576 4237 pacem
1590 4166 1703 4225 ineunt.

1161 4257 1255 4315 Chion
1271 4254 1341 4314 44444
1355 4263 1431 4312 etex
1445 4269 1480 4312 eo
1494 4256 1587 4313 Petav.

1197 4347 1336 4405 Sirmium
1360 4345 1502 4416 dirutum,
1524 4350 1554 4401 44
1579 4345 1706 4416 plurima

1163 4437 1271 4509 lllyrici
1282 4435 1387 4508 oppida
1402 4448 1451 4504 per
1463 4433 1576 4490 Bledam
1588 4438 1617 4489 44
1626 4434 1707 4491 litti-

1163 4530 1219 4584 lam
1239 4529 1407 4582 llunnorum
1423 4535 1512 4592 reges.
1527 4523 1569 4577 Ex
1583 4525 1708 4580 Marcel-

1171 4617 1226 4672 lini
1239 4613 1339 4669 chron.
1357 4610 1427 4666 Vide
1439 4609 1526 4666 Noris
1540 4608 1609 4664 bisc
1624 4610 1670 4665 Pel
1685 4611 1703 4666 4.

1166 4719 1184 4772 4,
1214 4718 1239 4758 4.
1266 4698 1313 4764 20.
1344 4696 1451 4769 quibus
1479 4702 1576 4767 pactas
1604 4697 1708 4756 scribit

1165 4791 1271 4849 Paulus
1289 4789 1359 4845 Diae
1379 4786 1419 4842 lib
1436 4800 1494 4855 44444,
1515 4785 1708 4843 4444444444

1165 4894 1276 4937 annuas
1290 4878 1354 4935 auri
1367 4875 1457 4932 libras
1470 4873 1558 4930 mille.
1570 4873 1641 4929 Vide
1652 4875 1710 4931 Pc-

1165 4977 1211 5025 444
1223 4969 1257 5024 ad
1271 4980 1327 5022 ann
1344 4964 1517 5035 proximum.

1089 5096 1096 5136 1
1199 5068 1408 5130 Leonis2et3.

1086 5186 1106 5226 44
1202 5162 1364 5221 Concilium
1392 5162 1513 5216 i'aseuse
1540 5161 1651 5218 dictum
1678 5164 1708 5219 in

1165 5251 1344 5312 Narbonensi
1359 5248 1454 5307 Gallia
1468 5248 1640 5308 celebratur.
1655 5254 1708 5307 Pe-

1166 5354 1219 5402 iau.

1202 5435 1272 5489 Cum
1296 5431 1442 5488 Geiserico
1463 5443 1479 5485 a
1506 5429 1709 5487 Valentiniano

1169 5538 1222 5595 pax
1243 5520 1419 5591 conilrmata,
1442 5526 1472 5576 et
1491 5519 1579 5575 certis
1605 5521 1709 5588 spatiis

1741 1123 1795 1182 439

1755 5069 1808 5130 444
