3892 6136
114 273 184 331 titia
721 266 901 325 nunsttsn
919 265 1189 324 sisuldtttttcnntt
1755 259 1821 323 4300

117 393 242 450 concilio
254 400 320 450 ante
334 393 492 458 Nlcaennm,
506 398 533 450 et
547 392 766 463 postNlcsenum
783 391 812 447 in
827 390 938 447 Arimi·
952 387 983 449 A
994 394 1148 464 episcopum
1170 394 1311 449 ordinauit
1324 390 1491 447 Palladiam.
1507 388 1647 445 01313313
1659 386 1751 442 Sectis
1765 388 1823 456 epi-

114 465 224 521 33331
245 465 304 520 Cur
318 465 393 521 nulli
411 471 606 521 memorantur
621 463 769 518 antistites
783 462 940 519 13133533-
995 479 1072 531 scopo
1096 466 1175 535 (sunt
1197 465 1280 521 verba
1306 464 1436 533 Prosperi
1454 461 1518 517 adr.
1541 458 1661 529 collat.)
1687 459 1758 542 dnm
1772 461 1823 541 ltc-

115 540 159 592 tos
170 549 350 593 successores
364 537 493 606 priorum
506 540 571 590 ante
587 534 743 590 Palladium
759 533 940 589 aCoelestino
994 550 1104 590 monum
1116 537 1235 591 insutum
1246 535 1337 591 studet
1350 549 1459 590 seruare
1472 532 1646 597 catholicum,
1662 533 1733 596 secat
1747 535 1824 584 etrum

114 606 224 676 datum,
250 608 275 664 si
291 606 385 677 aliqui
400 606 580 663 exstitissent
603 604 657 660 sub
680 603 828 660 Dodualdo
853 602 940 675 regei
997 607 1142 662 bor-borum
1158 607 1351 672 Christianum,
1374 606 1422 660 hcc
1440 602 1632 674 estlexplicat
1653 601 1824 657 Thomassi-

115 676 173 733 Cur
185 690 277 748 neque
291 678 408 735 lliberni
421 678 568 734 Scotorum
586 682 715 745 parentes
726 675 818 730 ullum
830 675 938 731 admit-
998 676 1063 737 nusl
1076 678 1243 747 Pelagianos
1256 691 1291 733 ex
1310 676 1422 748 hnglia,
1439 673 1612 731 idololatras
1624 679 1654 728 et
1667 672 1768 754 Scotia
1783 686 1824 728 ex·

118 752 259 805 13313313
274 749 453 806 Patricium?
468 747 593 804 Libratis
612 747 709 817 itaque
725 747 876 803 momentis
890 759 940 801 ra·
996 747 1082 818 pulit.
1104 767 1117 799 s
1145 748 1353 819 Opportunitas
1374 747 1466 819 igitur
1486 744 1621 817 erigendi
1637 750 1826 813 episcopatus

117 819 240 891 tionum,
263 825 293 876 et
315 822 489 890 scriptorum
518 818 703 879 testimoniis,
734 830 798 873 cum
826 816 846 872 li
872 817 940 872 uide
995 825 1155 887 exspectata
1170 826 1198 878 et
1215 820 1306 876 dilata
1321 825 1364 874 est
1385 832 1435 887 per
1447 822 1580 874 unumet
1591 815 1722 871 alterum
1737 828 1826 871 saecu·

116 894 274 947 constater
292 891 471 948 Tertulliano
487 895 673 961 propagatum
690 886 780 944 luisse
796 832 939 970 13103333
995 888 1075 957 133;
1096 905 1186 962 33333
1199 891 1306 947 interea
1318 886 1464 946 fraudavit
1477 886 1685 955 sacramentis,
1698 886 1822 942 313131-

117 960 265 1019 Britannia
278 962 388 1019 Christi
409 975 509 1018 nomen
528 961 603 1017 ultra
618 961 759 1016 Romanos
775 959 845 1014 llues
865 965 940 1014 anter
995 961 1065 1017 stris
1076 969 1172 1033 gentes
1181 962 1216 1019 ad
1227 961 1375 1018 Christum
1390 963 1522 1016 vocatas:
1537 970 1634 1028 neque
1646 955 1826 1028 presbyteros

116 1030 286 1090 Caledonios
309 1040 337 1089 et
366 1035 472 1095 Pictos.
496 1035 634 1087 inaccesso
664 1032 886 1098 3333331333,Ι
913 1036 940 1085 et
994 1033 1157 1102 acephalos,
1172 1031 1470 1102 autalurisdictione
1482 1029 1554 1086 certi
1565 1029 1705 1100 episcopi
1718 1041 1776 1084 non
1786 1028 1827 1085 dc·

116 1103 278 1173 complures
302 1104 435 1162 historici
461 1103 617 1161 nrtnuntae
640 1100 780 1157 affirment
801 1101 829 1156 id
846 1100 941 1156 conti·
997 1105 1151 1170 pendentes
1171 1104 1306 1160 attribuit
1327 1102 1453 1229 pogulis
1467 1114 1581 1171 semper
1599 1100 1764 1182 censendis
1778 1099 1826 1183 sub

118 1172 195 1242 gisse
222 1174 358 1233 benebcio
385 1176 510 1232 Victoris
534 1179 563 1231 et
583 1173 746 1243 zephyrini,
773 1172 939 1242 pontificum
995 1174 1362 1243 apostolorumsuccessori
1386 1189 1430 1240 ns,
1455 1173 1527 1229 adeo
1548 1170 1656 1229 uesub
1672 1171 1827 1240 episcopali

117 1243 329 1313 Romanorum
351 1260 444 1318 aeque
459 1246 519 1303 ulla
542 1244 726 1301 inveniantur
746 1244 865 1314 vestigia
891 1256 942 1325 ca-
997 1245 1170 1315 hierarchia,
1185 1253 1217 1304 ut
1230 1248 1264 1303 ad
1279 1246 1419 1303 coelestem
1435 1187 1595 1301 1333330333
1611 1247 1751 1325 spectare
1767 1255 1828 1313 pos-

118 1314 225 1373 thedrae
244 1318 417 1388 episcopalis
442 1318 548 1374 ibidem
560 1323 660 1372 erectae
675 1315 799 1371 3333333
811 1328 844 1370 33
857 1320 942 1369 tertio
996 1317 1076 1372 sint:
1093 1318 1122 1372 in
1139 1331 1194 1388 qua
1211 1316 1472 1385 3331333333313.
1486 1328 1550 1386 quae
1564 1315 1646 1370 ciues
1658 1314 1827 1380 admittunt,

118 1386 227 1444 Christi
243 1388 365 1445 saeculo:
387 1389 584 1459 consequitur,
602 1393 633 1443 ut
647 1387 788 1454 dicamus,
804 1390 941 1441 consueto
998 1388 1113 1444 nomina
1130 1387 1284 1457 praeterunt
1296 1385 1661 1457 duodecimapnstolorum
1673 1385 1828 1455 Agalllac

118 1458 373 1529 sedisapostolicae
390 1473 466 1516 more
482 1459 647 1516 divinarum
667 1471 761 1512 rerum
781 1457 941 1512 ministeria
995 1456 1830 1526 31333131331113313333331333331331133333313333313

122 1526 163 1584 ibi
178 1538 289 1598 peracta
304 1531 401 1588 iulide
426 1529 636 1594 annuntianda,
652 1535 679 1585 et
689 1527 877 1583 sacramentis
888 1542 941 1597 pn·
995 1531 1121 1588 victoris
1137 1545 1186 1602 per
1201 1532 1395 1588 recensionem
1406 1529 1555 1599 Caii,ejus
1563 1532 1653 1584 331313
1665 1540 1727 1583 non
1740 1527 1829 1584 minus

121 1598 190 1670 pulo
214 1601 454 1659 administrandis
478 1615 527 1672 per
551 1600 740 1670 presbyteros,
756 1606 784 1654 31
798 1599 941 1662 doctores,
999 1602 1074 1657 inter
1096 1603 1246 1673 episcopos
1269 1603 1408 1675 gentium,
1438 1613 1525 1671 quana
1549 1601 1631 1656 inter
1651 1597 1830 1669 presbyteros

120 1683 154 1726 eo
178 1674 365 1730 transmissos
379 1687 412 1730 ac
425 1673 580 1744 delegatos,
598 1677 629 1727 31
644 1671 794 1727 subessent
807 1670 942 1740 episcopo
996 1673 1129 1729 Romana
1144 1674 1277 1730 Ecclesia
1297 1672 1495 1742 celeberrimis
1512 1675 1577 1727 tum
1591 1670 1777 1726 Britannicae
1787 1670 1830 1726 in·

121 1739 291 1800 Eboracensi
309 1745 491 1815 proximiori,
506 1744 567 1799 sive
580 1743 667 1797 etiam
686 1748 718 1799 ut
738 1741 775 1796 ab
798 1755 830 1796 eo
844 1741 941 1796 mitte·
958 1744 1068 1822 Bsnlae
1085 1744 1193 1814 primas
1205 1744 1286 1802 sedes
1304 1743 1492 1815 episcopales,
1505 1749 1621 1799 mature
1638 1742 1763 1812 quidem
1774 1754 1831 1796 cun

120 1819 222 1870 333133
235 1816 270 1871 33
290 1813 598 1887 33333133333131133
619 1813 707 1880 sedis,
731 1812 822 1869 donec
836 1825 944 1882 oppor-
998 1816 1117 1871 stitutus
1133 1817 1162 1871 in
1186 1831 1215 1872 re
1237 1815 1353 1872 ionibus
1371 1816 1429 1885 iam
1452 1813 1629 1882 compositis
1650 1813 1689 1868 ad
1706 1812 1829 1868 ordinem

121 1885 232 1941 tunitas
244 1887 395 1944 offerretur
408 1888 625 1959 episcopatuum
637 1884 667 1940 in
682 1883 732 1941 illa
746 1883 849 1940 insulas
865 1890 944 1954 parte
999 1886 1165 1956 reipublice
1177 1833 1308 1943 31303133
1324 1884 1517 1952 3311333333,
1530 1884 1632 1965 serius
1646 1896 1718 1939 sero
1730 1880 1832 1966 13333·

119 1957 399 2016 constituendorum.
998 1964 1042 2013 tas
1058 1957 1106 2014 ubi
1130 1959 1256 2015 nondum
1273 1958 1381 2021 pacatis
1396 1957 1481 2013 rebus
1502 1954 1605 2012 civilis
1628 1956 1752 2024 imperti
1766 1953 1832 2010 mult·

155 2026 296 2100 Colligere
315 2035 410 2086 tamen
432 2032 547 2100 praestat
560 2027 683 2083 alterum
709 2025 894 2082 corollarium
910 2040 944 2081 ex
997 2029 1079 2096 tacis,
1096 2030 1188 2086 satius
1201 2036 1262 2086 erat
1273 2029 1334 2086 illis
1350 2027 1465 2099 populls
1474 2040 1558 2083 sacra
1568 2025 1778 2084 administrari
1790 2039 1832 2096 per

121 2095 261 2156 diuturna
275 2102 417 2157 dilatione
428 2102 463 2157 ad
480 2098 643 2156 laudandos
655 2097 838 2169 episcopatus
856 2096 943 2153 adhi-
998 2099 1178 2170 presbyteros
1192 2115 1208 2156 a
1223 2101 1363 2172 proximis
1377 2098 1521 2170 episcopis
1535 2098 1697 2169 regendos,
1717 2097 1779 2154 sive
1789 2109 1832 2167 per

122 2165 183 2224 bita
206 2169 281 2227 inter
299 2172 479 2240 Caledonios,
505 2177 534 2227 et
559 2171 664 2239 Pictos,
691 2180 849 2237 eorumque
873 2182 944 2225 suc·
998 2173 1453 2242 gentiumepiscnposallomano
1483 2168 1603 2226 nntiilce
1620 2169 1719 2240 legem
1736 2181 1800 2224 acce

121 2250 249 2298 cessores
276 2243 395 2310 scotos3
427 2255 535 2313 nempe,
561 2239 598 2298 ab
623 2240 773 2297 hodiernis
800 2239 944 2296 hereticis
997 2185 1830 2312 13333331313131331331333330133313333133331

122 2310 358 2382 presbyterianis,
373 2315 443 2370 adeo
458 2304 658 2384 frequentibus
674 2311 819 2377 inscotia,
836 2310 945 2368 trustra
996 2321 1080 2371 certa
1099 2315 1177 2372 sedis
1192 2315 1309 2388 dgendae
1330 2314 1532 2384 opportunitas
1545 2313 1694 2369 oriretur.

119 2381 235 2439 obtendi
256 2385 364 2441 erroris
379 2385 426 2441 sui
443 2384 634 2455 patrocinium
656 2397 690 2440 ea
703 2381 816 2440 deiectu
831 2383 945 2453 episco-
1328 2418 1481 2475 CthOllll

141 2466 223 2509 orum
241 2456 271 2512 in
290 2468 323 2512 ea
343 2456 457 2528 regione
483 2469 533 2526 per
557 2455 614 2511 tria
659 2455 735 2511 riora
760 2454 865 2511 saecula
882 2468 944 2511 333
1432 2460 1440 2473 ·
1482 2459 1489 2473 ·

120 2466 310 2582 0331311333
336 2529 451 2598 adquae
477 2534 624 2597 propterea
639 2471 767 2583 01333133
780 2534 942 2595 provocant,
1032 2525 1119 2581 Linea
1133 2524 1159 2581 6.
1183 2525 1293 2581 -Siue
1311 2526 1341 2579 in
1355 2527 1474 2593 flumine,
1501 2525 1559 2579 sice
1581 2525 1613 2578 in
1634 2523 1721 2586 muri,
1739 2523 1831 2603 313313

120 2607 186 2650 cum
194 2596 230 2652 de
240 2598 380 2668 regimine
389 2598 547 2668 episcopali
558 2598 587 2652 in
597 2597 724 2653 Ecclesia
731 2596 781 2652 bei
794 2597 944 2653 retinendo
996 2598 1129 2665 sontibus.
1144 2598 1252 2653 Statuit
1267 2597 1343 2652 inter
1356 2602 1457 2652 caetera
1474 2595 1521 2650 hic
1534 2593 1682 2664 poniilcx,
1700 2599 1735 2676 ut
1747 2592 1831 2662 bapn·

117 2665 202 2791 ium
225 2669 437 2725 institutionem
449 2669 557 2724 Christi
573 2668 689 2724 Domini
702 2680 796 2724 sermo
809 2673 862 2724 est.
878 2667 945 2724 Nul·
997 2681 1078 2723 smus
1090 2669 1247 2725 universim
1264 2668 1294 2723 in
1306 2668 1440 2723 Paschate
1455 2665 1621 2722 celebretur
1633 2684 1641 2734 ς
1655 2670 1687 2721 31
1699 2679 1727 2720 st
1737 2676 1832 2720 umas·

131 2737 357 2806 usepiscopatus
367 2738 407 2794 lbi
422 2738 556 2794 lundatns
565 2743 631 2793 ante
642 2744 753 2794 aetatem
762 2739 944 2795 Constantini
998 2739 1071 2795 sitas
1086 2739 1144 2795 nlla
1155 2746 1321 2810 emergeret,
1333 2746 1383 2794 ant
1398 2737 1499 2793 mortis
1511 2737 1681 2807 pericnlum
1692 2735 1829 2802 subesset,

120 2806 215 2878 llagni
243 2809 319 2865 ultro
342 2809 503 2875 admittam,
534 2809 648 2865 etiamsi
677 2808 762 2864 annis
792 2808 942 2881 plusquam
998 2810 1153 2881 gentilesve
1169 2812 1203 2866 33
1220 2809 1303 2866 3333
1318 2810 1484 2866 accederent
1499 2821 1682 2879 quocunque
1697 2813 1829 2876 tempure,

119 2879 291 2936 centenisex
305 2880 491 2937 aetateSeseri
504 2879 688 2936 Christianus
700 2878 798 2936 cultus
811 2881 841 2935 in
853 2894 885 2938 ea
897 2895 944 2937 re·
998 2887 1026 2937 et
1038 2882 1141 2952 quavis
1155 2895 1229 2953 aqua
1255 2882 1315 2937 sive
1332 2881 1451 2952 marina,
1475 2879 1612 2950 pluviali,
1631 2885 1686 2936 aut
1707 2876 1829 2945 1331333,

120 2949 205 3022 gionc
216 2949 306 3007 luerit
319 2952 474 3009 exercitus.
485 2952 547 3007 Non
561 2951 670 3008 idcirco
684 2956 779 3008 tamen
791 2953 944 3023 consequi·
999 2952 1059 3008 sive
1080 2953 1188 3022 puteali
1203 2952 1343 3022 baptizari
1358 2965 1448 3022 posse.

119 3028 178 3087 tur,
196 3022 304 3078 utillis
326 3023 461 3079 bdelibus
484 3022 637 3093 episcopus
660 3035 716 3079 non
732 3030 874 3091 praeesset,
894 3030 944 3080 aut
1363 3057 1456 3113 ΜΠ

121 3092 290 3164 presbyteri,
304 3107 337 3150 ac
351 3094 477 3163 diaconi,
495 3107 544 3164 per
557 3106 629 3164 quos
643 3091 776 3150 doctrina
788 3094 896 3150 Christi
909 3095 943 3150 ad
958 3120 983 3184 0
1459 3097 1465 3109 ·

120 3175 169 3220 eos
184 3170 388 3234 penetraverat,
404 3172 432 3222 et
446 3163 679 3234 conservabatur,
704 3171 781 3222 certo
809 3179 825 3221 3
846 3167 945 3236 iscopo
1034 3165 1120 3220 Linea
1136 3163 1179 3221 ld.
1196 3195 1230 3204 -
1243 3165 1293 3218 llic
1306 3165 1373 3232 [ecit
1393 3164 1581 3230 constitutum,
1608 3168 1666 3219 etc.
1684 3163 1829 3233 vetorq-

121 3247 178 3291 nnn
193 3234 791 3306 3333333313333333353333133131333
806 3181 943 3305 303333,
999 3236 1104 3293 nodum
1132 3235 1296 3302 celebravit,
1322 3235 1351 3290 in
1378 3248 1435 3305 qua
1456 3233 1607 3290 decretum
1633 3242 1689 3301 est,
1719 3234 1829 3295 Pusula

120 3306 283 3364 Demetrius
306 3307 521 3365 Alexandrinus
546 3307 667 3364 antistes
682 3307 717 3363 ad
746 3308 832 3364 lndos
856 3322 947 3378 usque
999 3320 1056 3364 uon
1069 3307 1179 3363 decima
1203 3314 1304 3378 quarta
1321 3305 1389 3361 luna
1410 3305 1497 3376 primi
1512 3305 1626 3360 mensis
1641 3305 1702 3377 die,
1718 3304 1770 3362 scd
1784 3318 1831 3376 po·

120 3375 264 3447 ablegavit
291 3379 481 3463 presbyteros,
507 3392 541 3436 ac
558 3380 700 3446 doctores,
723 3379 773 3449 qui
797 3379 945 3436 Christum
1001 3379 1123 3435 tinsdie
1143 3378 1294 3434 Dominico
1319 3376 1532 3459 postdecimam
1561 3382 1701 3446 quartam
1729 3377 1830 3443 lunam,

121 3452 178 3502 tam
193 3449 310 3506 dissitis
322 3463 352 3506 re
373 3450 714 3520 ionibusannuntiarent,
728 3451 850 3506 Eusebio
865 3456 947 3507 teste.
1001 3455 1029 3506 et
1041 3456 1105 3521 post
1117 3450 1230 3506 vernale
1245 3449 1450 3518 3331333333
1468 3455 1654 3515 occurrente,
1667 3449 1757 3517 juxta
1768 3460 1830 3518 apo

122 3519 261 3590 Numquid
285 3466 414 3592 33330311
437 3526 520 3578 erant
536 3521 704 3593 presbyteri.
720 3526 748 3577 et
768 3521 945 3579 doctoresad
1001 3520 1142 3577 stolorum
1170 3520 1354 3576 traditionem
1367 3533 1429 3574 esse
1454 3517 1676 3579 celebrandum.
1702 3525 1737 3576 nt
1756 3518 1833 3574 babet

123 3589 151 3646 id
170 3604 273 3647 munus
295 3592 484 3662 apostolicum
502 3593 542 3649 ita
557 3591 705 3663 ablegati?
718 3591 806 3719 Atqui
830 3593 948 3649 reduces
1002 3592 1144 3649 Eusebius
1168 3590 1217 3647 lib.
1240 3604 1268 3657 v,
1284 3604 1347 3661 cap.
1369 3587 1415 3645 23.
1431 3588 1544 3659 Synodn
1567 3584 1695 3646 adsuere
1710 3589 1831 3661 episcopi

121 3674 156 3717 ex
172 3663 362 3720 missionibus
387 3665 527 3721 rationem
555 3662 711 3720 reddebant
724 3676 758 3733 33
773 3678 859 3736 33333
878 3664 948 3719 hle·
1003 3663 1220 3734 quatuordecim
1233 3675 1267 3717 ex
1282 3660 1380 3717 libello
1399 3661 1545 3731 synodico.
1562 3661 1646 3718 ldem
1658 3660 1833 3733 Theophilus

122 3733 266 3790 xandrino
285 3735 475 3792 villicationis
487 3748 556 3804 suae,
570 3748 626 3790 non
640 3748 723 3790 secus
734 3748 766 3790 ac
779 3735 885 3805 reliqui
901 3736 949 3791 ei·
1002 3735 1175 3790 auctoritate
1198 3733 1334 3798 Victoris,
1355 3732 1512 3788 concilium
1538 3731 1631 3789 etiam
1647 3733 1788 3790 Caesareas
1807 3732 1831 3787 ln

120 3803 531 3862 demEcclesiaehlexandriuae
541 3805 757 3874 subjectionis
768 3805 949 3862 etiamschn-
1003 3805 1154 3860 Palaestina
1168 3804 1263 3861 eadem
1280 3805 1315 3859 de
1340 3817 1426 3859 causa
1441 3803 1544 3873 coegit,
1572 3804 1666 3874 cujus
1692 3803 1833 3889 fragmen·

120 3872 355 3932 lascatecheseon
368 3876 398 3930 in
411 3875 507 3932 eadem
520 3874 713 3932 Alexandrina
727 3876 852 3933 Ecclesia
864 3891 950 3933 resu-
1003 3882 1064 3932 tum
1077 3882 1170 3931 exstat
1184 3876 1258 3944 3333
1275 3875 1376 3930 bedam
1397 3875 1431 3930 33
1446 3875 1627 3944 acquinoctio
1644 3876 1832 3932 1333313113-

123 3943 246 4014 mebant,
261 3946 525 4003 31Ρ331333333311
549 3947 677 4016 laquem
692 3948 854 4005 Demetrius
865 3949 948 4004 illius
1001 3947 1096 4003 tiones
1109 3946 1234 4003 Victoris
1244 3952 1324 4014 sunt,
1336 3960 1369 4000 nc
1384 3946 1635 4002 courrnunicemns
1650 3961 1724 4003 cum
1736 3945 1835 4003 iudeis

121 4013 200 4070 sedis
212 4015 364 4087 episcopus
376 4016 511 4073 lndorum
527 3962 630 4088 fugatis
646 4017 863 4088 postulantibus
874 4033 948 4074 con·
1001 4018 1109 4074 Christi
1127 4017 1370 4078 interlectoribus.
1387 4016 1526 4079 secundo,
1539 4026 1572 4073 ut
1585 4017 1618 4072 in
1635 4024 1701 4074 tota
1718 4016 1834 4075 Ecclesia

121 4098 244 4151 cessum,
255 4099 320 4143 mox
331 4087 366 4142 ab
376 4088 562 4144 institutione
572 4089 707 4145 ludorum
717 4090 847 4146 reducem
860 4090 948 4147 scho-
1002 4090 1041 4147 sit
1055 4102 1110 4145 una
1127 4090 1201 4144 ratio
1213 4087 1358 4143 Paschatis
1370 4087 1545 4153 celebrandi,
1559 4094 1589 4143 et
1622 4090 1693 4146 auci
1704 4089 1835 4147 Orienta-

121 4154 156 4212 lae
175 4156 215 4238 ita
230 4155 374 4226 praefecit:
401 4171 457 4214 333
474 4165 656 4230 accusatque
674 4159 837 4232 Origenem,
855 4161 948 4217 inter·
1002 4160 1043 4216 les
1056 4160 1244 4230 judaizantes,
1265 4158 1399 4215 omnibus
1414 4103 1670 4230 occidentalibus,
1689 4161 1834 4231 pluribus-

121 4239 251 4284 cessxone
277 4231 371 4285 atatis
386 4229 513 4285 nondum
532 4229 738 4299 presbyterum,
758 4231 860 4287 aduce
873 4233 947 4286 333·
1002 4245 1057 4303 333
1069 4231 1267 4286 Orientalibus
1281 4230 1406 4301 populis,
1417 4238 1446 4285 et
1457 4229 1835 4298 episcopisaliterseaticn

122 4299 178 4355 niae
189 4299 347 4368 expetitum
358 4299 503 4370 Evangelii
515 4312 600 4356 causa
610 4298 647 4356 ab
659 4300 902 4371 ipsoexciplendi,
914 4315 946 4360 eo
1002 4302 1082 4358 tibus
1094 4303 1204 4357 cedant.
1227 4303 1366 4372 lienique,
1383 4301 1451 4372 quia
1473 4300 1558 4357 aliter
1575 4301 1727 4361 iacientes
1737 4304 1834 4361 Orien·

122 4371 237 4455 negotio
252 4369 381 4428 coniecto
397 4371 472 4427 idem
487 4370 648 4427 Demetrius
663 4384 807 4428 reversum
820 4373 947 4428 Alexan·
1002 4374 1083 4436 tales,
1112 4373 1284 4444 quaudoque
1312 4385 1369 4428 333
1393 4386 1468 4428 3333
1483 4371 1540 4435 bis,
1558 4374 1745 4447 quandoque
1766 4388 1832 4433 nun·

25 4448 28 4453 ’
120 4441 214 4499 drtam
254 4443 452 4500 institutorem
480 4441 584 4498 scholae
609 4441 792 4499 catechescon
814 4443 946 4500 declaca-
1001 4459 1085 4515 quam
1100 4443 1206 4499 Pascha
1219 4443 1406 4512 celebrarent,
1429 4457 1492 4514 quae
1517 4449 1589 4499 sunt
1613 4452 1676 4502 tres
1703 4448 1833 4514 rationes.

120 4513 172 4571 vit.
197 4513 306 4570 Saeculo
334 4520 429 4572 autern
453 4513 565 4584 integro
590 4511 704 4570 evoluto
733 4521 796 4583 pust
817 4516 944 4571 ludicam
959 4516 985 4578 D
1002 4515 1109 4586 quibus
1127 4515 1334 4570 Constantinus
1348 4516 1467 4586 blagnus
1492 4515 1667 4583 inepistola
1691 4519 1730 4575 ad
1746 4531 1834 4576 33331

120 4585 332 4668 expeditionem
360 4585 487 4669 Pantaeni
513 4584 691 4668 Athanasius
705 4586 841 4642 ludorum
866 4589 943 4658 genti
1000 4584 1833 4669 1133133133333133111333333133333133]1131333313

120 4656 670 4797 litt?”dictitantililith
690 4657 945 4787 trtttttttttu
998 4657 1833 4799 tilithi¹tlttt⁸tt¹¹l¹lttt⁰tiiititlittitti

120 4798 229 4926 flacitei
241 4798 374 4855 absoluto
388 4799 425 4855 ab
449 4798 584 4870 origenis
598 4799 737 4856 missione
752 4801 783 4855 in
797 4800 943 4869 Arabiam,
1000 4800 1199 4857 courdumatum
1210 4806 1267 4856 est.
1334 4769 1341 4798 ⁵

150 4884 230 4941 oyses
252 4870 424 4926 anachoreta
437 4869 472 4925 ab
486 4868 664 4927 orthodoxis
679 4871 776 4940 episcn
798 4871 833 4937 is,
858 4872 946 4928 Sara-

120 4954 254 4999 cenorum
273 4942 372 5013 regina
396 4946 545 5011 expetente
557 4942 754 4998 institutorem
774 4887 946 4999 0131311333
1338 4905 1505 4962 SOMMOER‘

121 5011 200 5084 lidei,
215 5014 420 5083 episcopusest
432 5012 604 5079 ordinatus3
620 5026 684 5069 cum
699 5013 734 5069 ab
750 5013 862 5069 Arianae
880 5027 949 5083 per·
1037 5015 1135 5072 Victor
1149 5028 1220 5085 papa
1247 5013 1390 5070 illustrem
1415 5014 1510 5071 reddit
1532 5017 1744 5085 pontthcatum
1758 5032 1831 5078 suun

120 5083 194 5141 iidiae
218 5083 369 5157 signitero,
392 5084 442 5154 qui
464 5089 533 5139 tunc
555 5085 713 5154 occupabat
727 5084 862 5141 thronum
877 5085 946 5141 hle·
1001 5087 1186 5145 damnatione
1206 5086 1345 5141 haeresum
1362 5099 1415 5142 suo
1440 5094 1569 5155 tempore
1589 5089 1794 5161 subortarum,
1807 5097 1829 5146 31

119 5157 305 5220 xandrinum,
328 5154 458 5211 ordinari
475 5168 531 5211 nou
545 5160 700 5224 pateretur.
716 5155 767 5211 llis
778 5156 858 5212 addit
869 5156 948 5214 Tho·
1002 5172 1072 5215 cura
1114 5170 1179 5213 uam
1200 5156 1338 5212 adhibuit
1365 5157 1539 5227 perducendi
1566 5161 1728 5220 universas
1742 5163 1832 5220 Eccle-

121 5228 266 5286 massinus
291 5228 327 5284 de
350 5239 408 5283 ver.
424 5225 499 5283 Eccl.
524 5225 681 5295 disciplina
696 5225 748 5282 lib.
767 5241 787 5294 l,
814 5240 875 5298 cap.
900 5224 945 5298 bl,
1001 5173 1832 5305 33330333333313313333113313331333113333313

119 5300 279 5370 exemplum
303 5299 418 5356 illustre
433 5297 558 5354 Victoris
570 5297 615 5369 (de
639 5310 696 5368 qno
718 5311 733 5353 a
757 5299 946 5369 1333313133-
1001 5299 1153 5359 hiandum.

118 5369 234 5451 phyrini
250 5370 417 5442 pauloante
432 5368 683 5426 memoratumcol.
700 5313 885 5452 13033333
900 5384 948 5426 no·
1035 5371 1198 5428 Theodotus
1214 5371 1331 5440 quidam
1351 5372 1481 5443 apprime
1495 5373 1636 5433 excultus
1650 5382 1778 5449 utraque
1789 5375 1832 5433 di·

119 5440 790 5511 trs,quandoscilicetCaiusllnmauaEcclesta
801 5441 948 5513 presbyter
1001 5443 1123 5512 sciplina
1139 5443 1293 5515 religionis
1307 5448 1335 5499 et
1349 5445 1550 5514 scientiarum,
1567 5445 1640 5504 licet
1659 5448 1831 5518 prolessione

117 5511 343 5570 doctissimuset
360 5512 543 5570 clarissimus
559 5513 684 5583 primum
700 5513 863 5570 destinatus
877 5514 945 5583 luit,
1000 5514 1154 5572 coriarius.
1183 5515 1265 5570 iidem
1288 5514 1482 5571 Christianam
1506 5514 1631 5574 sceleste
1654 5518 1831 5590 abjuraverat

117 5580 222 5638 deinde
235 5585 386 5640 ordinatus
399 5585 555 5654 episcopus
565 5583 704 5656 gentium.
720 5591 855 5640 narrante
870 5583 946 5641 Pho·
1001 5585 1029 5642 in
1039 5586 1244 5654 persecutione.
1262 5587 1352 5656 impos
1364 5586 1540 5654 pudorisdiu
1553 5586 1702 5649 tolerandi
1714 5589 1832 5663 quedic-

119 5651 291 5711 11333318.
313 5652 405 5722 Quare
420 5656 494 5712 idem
513 5654 721 5711 Thomassinus
735 5655 853 5712 subdit:
871 5655 946 5712 «Sic
1000 5656 1052 5712 tim
1079 5656 1314 5725 perfundebatur,
1350 5658 1485 5728 Byzantio
1506 5659 1601 5733 natali
1629 5660 1697 5720 solo
1721 5661 1828 5728 relicto,

118 5728 189 5784 teste
203 5724 769 5796 333333303133113333313338313,
787 5726 818 5780 id
839 5729 946 5783 ostili·
998 5726 1829 5806 1133333313111333333111311.311333133133133331·

116 5798 217 5869 basis,
245 5796 277 5855 in
291 5793 397 5867 Scctla,
414 5801 446 5852 ut
470 5806 554 5857 antea
566 5796 677 5856 dictum
692 5800 747 5916 333
761 5797 942 5872 degentibus,
999 5800 1086 5866 mine,
1108 5811 1166 5856 non
1179 5798 1274 5858 detuit
1297 5800 1348 5879 qui
1360 5800 1553 5861 desertionem
1573 5803 1770 5879 exprobaret,
1782 5801 1828 5861 tlte
