3892 6136
199 218 253 276 203
600 224 646 279 iil)
665 221 882 278 timasiusmli
900 219 1157 278 PaotaGonttta'h
1174 222 1264 278 anti.
1287 222 1500 282 ROll.-VthC.
1852 220 1906 282 ffli

198 342 427 413 manuscriptum
451 345 579 401 codicem
595 346 709 416 optimae
724 352 807 408 notar.
829 352 954 416 tempore
970 344 1027 402 Ca-
1039 340 1068 400 A
1081 344 1171 401 Leone
1181 346 1277 407 tertio.
1292 347 1435 416 stephano
1453 347 1565 418 quinto,
1594 347 1725 403 Pascbali
1752 347 1849 416 primo
1878 356 1907 404 et

197 431 253 487 roli
269 432 362 503 Magni
379 439 536 503 exaratum,
551 435 580 489 in
598 450 655 505 quo
668 436 739 490 Vitae
761 435 819 490 illa
834 437 953 491 Damaso
965 436 1023 504 jam
1078 434 1347 505 Eugeniosecundo,
1363 436 1438 491 nibil
1457 437 1574 491 omnino
1589 435 1719 491 observat
1729 436 1821 491 Lucas
1834 436 1908 492 1161-

198 526 259 576 tum
275 519 486 589 tribuebantur,
498 530 650 593 antequam
661 530 712 579 aut
724 530 809 580 natus
823 523 1025 580 essethnasta·
1078 523 1205 591 stenius3
1221 524 1256 578 (16
1276 523 1426 580 Valentino
1445 532 1548 592 tamen,
1574 524 1696 595 Eugenii
1726 538 1904 595 successore,

197 609 270 676 siaa,
285 615 335 665 aut
347 610 445 666 saltem
459 626 494 666 ex
505 612 607 680 primis
617 611 745 668 infantiae
753 613 920 683 crepundiis
929 626 1024 669 emer-
1077 612 1185 667 notavit
1198 612 1229 667 in
1243 614 1386 683 margine:
1402 615 1489 668 ullaec
1502 613 1566 668 Vita
1579 613 1720 683 peculiari
1731 612 1808 684 stylo
1829 615 1905 683 pha-

198 697 295 754 sisset.
309 716 322 748 1
334 699 448 769 Repetit
461 699 520 755 haee
534 700 640 755 Labbei
650 701 736 757 rerba
748 701 914 758 Lambscins
932 702 1022 757 libii
1077 697 1165 754 lerata
1188 701 1392 771 agnoscitur.»
1408 701 1475 757 Post
1502 715 1598 771 quem,
1623 701 1740 757 omissis
1755 703 1792 757 ad
1813 702 1905 758 trium

198 784 535 853 Bibliothecaecaesareae,
550 800 611 857 cap.
622 785 649 857 8,
667 789 701 843 ad
714 789 842 844 codicem
851 784 914 857 att,
936 802 1021 858 quem
1076 803 1273 846 successorum
1289 790 1367 845 Vitas
1378 790 1511 852 notis,de
1523 790 1674 847 benedicto
1684 791 1773 846 tertio
1793 790 1835 846 ita
1851 791 1908 847 ba-

200 874 445 931 membraaaeeum
466 881 493 931 et
512 881 708 946 pervetustum
731 883 820 948 vocat,
843 884 871 933 et
894 877 1021 946 ejusdem
1077 879 1138 934 bet:
1155 879 1232 933 «llic
1247 877 1407 933 affectatum
1420 885 1448 935 et
1470 878 1684 948 ineptissimum
1708 879 1904 951 exaggerandi

200 964 314 1035 generis
324 978 385 1020 esse
395 965 640 1034 perbibetcumeo
650 966 1025 1038 quemLabbeussevidisse
1078 967 1250 1037 profluvium
1271 965 1398 1037 observa,
1416 971 1445 1021 et
1466 980 1599 1023 numeros
1622 967 1791 1037 poeticos.»
1813 968 1850 1022 Et
1868 966 1902 1023 ad

199 1051 353 1109 aiilirmat:
369 1055 524 1123 «Ejusdem
534 1056 649 1127 generis
663 1062 706 1112 est
716 1057 812 1122 etiam,
825 1057 932 1127 inquit,
946 1070 1023 1126 prar-
1076 1055 1283 1126 Nicolaiprimi
1294 1055 1388 1110 Vitam
1402 1056 1567 1126 sequentia:
1582 1057 1685 1112 ullane
1695 1057 1791 1112 Vitam
1801 1056 1904 1113 asedls

200 1141 400 1199 stantissimus
414 1142 465 1198 ille
476 1148 506 1198 et
514 1144 622 1201 collatu
637 1145 831 1215 dignissimus
850 1144 939 1200 codex
960 1157 1017 1200 ms.
1076 1145 1239 1217 apostolicae
1258 1143 1479 1199 bibliothecario
1500 1146 1645 1215 scriptam,
1664 1146 1747 1201 docet
1768 1142 1903 1215 frequens

197 1231 416 1301 Ambrosianus,
432 1233 533 1304 dequo
549 1234 578 1288 in
588 1247 712 1304 praesens
724 1234 831 1305 agitur,
843 1241 941 1304 utpote
957 1249 1021 1290 eum
1076 1233 1179 1291 serinii
1194 1230 1382 1288 ecclesiastici
1400 1232 1515 1288 mentio.
1530 1250 1544 1282 n
1557 1234 1700 1288 Hactenus
1722 1234 1807 1288 Lueae
1833 1232 1904 1289 llol-

198 1327 257 1376 mm
276 1334 311 1377 ex
332 1321 478 1391 scriptura
502 1336 587 1392 quam
610 1323 678 1378 aliis
699 1323 928 1379 circumstantiis
943 1328 1021 1379 certo
1077 1324 1163 1382 stenii
1182 1330 1254 1380 notae
1268 1324 1303 1380 de
1318 1324 1393 1382 Vitis
1415 1324 1609 1392 pontitlcuma
1635 1323 1776 1393 Gregorio
1804 1322 1902 1389 tertio,

199 1413 311 1465 constet
328 1410 439 1465 eumad
460 1409 643 1478 imperatoris
668 1410 804 1466 Ludovici
821 1411 864 1467 Pii
895 1417 1021 1481 tempora
1077 1415 1200 1485 subque
1222 1416 1402 1472 Venerabilis
1417 1414 1488 1470 Beda
1511 1412 1596 1481 vixit,
1609 1411 1746 1481 usquead
1774 1416 1902 1481 tempora

199 1498 352 1567 pertinere.
373 1498 516 1569 Pertingit
530 1503 627 1554 autem
641 1498 682 1554 ibi
706 1500 829 1556 historia
853 1501 1021 1570 pontiacum
1077 1504 1188 1560 Nicolai
1212 1504 1310 1575 primi,
1334 1503 1441 1574 quibus
1461 1501 1631 1557 Anastasius
1659 1499 1904 1555 bibliothecarius

199 1586 393 1645 Romanorum
417 1591 528 1642 tantum
550 1589 696 1658 usquead
721 1602 820 1658 papam
847 1589 1021 1659 Stephanum
1078 1594 1186 1663 deruit,
1198 1607 1270 1665 quas
1279 1589 1613 1650 notaseolubentiusbic
1625 1588 1814 1657 adduximus,
1828 1588 1902 1659 quod

199 1675 367 1744 secundum,
392 1675 445 1743 rel,
473 1681 504 1731 ut
526 1676 580 1732 alii
608 1682 778 1746 supputant,
809 1678 937 1746 tertium,
971 1654 1668 1751 quiBrireruditissimusmagnamvitaepartem
1687 1675 1904 1746 consumpserit

197 1775 273 1819 anno
282 1759 336 1819 752
347 1763 455 1821 electus
467 1770 521 1833 est,
536 1770 564 1820 et
574 1778 649 1820 anno
665 1761 718 1820 757
736 1764 851 1821 obiit.»
874 1767 1022 1824 Accedunt
1078 1771 1108 1827 in
1122 1770 1303 1826 conterendis
1328 1783 1393 1825 cum
1417 1767 1495 1823 edito
1517 1765 1661 1821 anastasii
1690 1777 1777 1834 opere
1797 1776 1904 1820 mauu-

198 1851 314 1909 demum
335 1853 450 1909 codices
472 1853 661 1922 manuscripti
676 1858 743 1922 tres,
763 1867 885 1924 quorum
907 1855 979 1911 alter
990 1856 1021 1912 in
1077 1861 1195 1929 seriptis
1204 1858 1363 1921 codicibus,
1373 1862 1401 1912 et
1415 1857 1443 1911 in
1454 1854 1642 1911 discernenda
1652 1852 1903 1922 stylorumdiver-

199 1939 376 1997 bibliotheca
391 1941 528 1997 Vaticana
539 1942 684 2012 reperitur
698 1942 752 1998 sub
768 1956 887 1999 numero
897 1941 978 2012 5269,
991 1945 1021 2001 in
1077 1949 1161 2005 sitate
1183 1946 1345 2003 acutissimi
1366 1943 1473 2014 judicii
1493 1940 1590 1998 fuerit.
1614 1943 1656 1996 Ex
1684 1940 1795 2011 quibus
1815 1940 1899 1997 facile

202 2041 260 2099 quo
272 2029 343 2084 Vitae
359 2029 551 2085 Romanorum
568 2030 736 2100 pontiiicum
751 2031 889 2087 desinunt
906 2032 1023 2089 1111116-
1076 2038 1236 2107 unicuique
1251 2033 1368 2104 patebit,
1384 2037 1416 2089 ut
1434 2044 1485 2102 ego
1501 2035 1579 2086 certo
1596 2030 1743 2097 existimo,
1772 2029 1902 2086 ultimam

201 2116 284 2188 gorio
295 2117 328 2185 11,
343 2117 394 2187 qut
405 2123 519 2173 eentum
534 2119 620 2174 annis
634 2124 700 2174 ante
713 2118 897 2176 nnosasrnm
911 2120 1023 2178 Biblio-
1077 2123 1457 2191 ttmaronnaeattspartem
1469 2132 1525 2175 non
1543 2118 1658 2189 quidem
1677 2116 1901 2175 antanastasto

205 2203 364 2261 theearium
388 2204 472 2274 obiit,
496 2206 549 2262 alii
574 2207 632 2262 duo
655 2208 684 2263 in
715 2207 890 2266 bibliotheca
917 2210 1023 2282 reginae
1078 2217 1125 2272 sed
1157 2213 1291 2285 pluribus
1324 2216 1353 2266 et
1385 2209 1510 2265 diversis
1539 2206 1708 2263 auctoribus
1738 2205 1902 2276 adjudicari

201 2295 321 2363 sueciae,
332 2299 361 2350 et
369 2294 545 2351 bibliotheca
559 2298 651 2352 sancti
663 2298 750 2353 llarci
758 2297 909 2355 Florentia.
926 2314 1024 2357 asser-
1078 2305 1188 2369 debere,
1205 2307 1290 2372 prout
1300 2298 1431 2370 sequenti
1442 2297 1537 2367 capite
1551 2297 1748 2351 ostendemus.

204 2388 320 2448 uantur,
334 2383 383 2455 qui
400 2382 513 2439 cedices
528 2383 558 2437 in
568 2383 695 2440 Adriano
714 2385 807 2454 primo
828 2386 942 2456 liniunt,
967 2402 1023 2459 quo

203 2474 330 2530 nondum
353 2477 439 2527 natus
462 2477 525 2526 erat
542 2471 722 2528 Anastasius.
753 2474 791 2527 lix
826 2475 934 2544 quibus
952 2477 1024 2533 satis

203 2574 347 2632 superque
366 2565 480 2616 constat
500 2558 618 2615 Librum
650 2561 844 2617 Pontiilealem
872 2562 1024 2621 Anastasio

202 2648 398 2719 antiquiorem
410 2661 482 2718 esse,
493 2647 621 2718 adeoque
632 2648 715 2704 illum
728 2649 815 2706 istius
833 2649 902 2706 libri
921 2658 1025 2709 aueto-

202 2752 262 2795 rem
277 2749 409 2793 essenon
425 2750 517 2805 posse.

221 2824 249 2883 7.
272 2826 368 2882 Tertia
397 2825 471 2881 ratio
495 2839 551 2895 qua
574 2826 711 2895 probatur
736 2841 791 2883 non
824 2829 940 2900 quidem
970 2830 1022 2885 uni

200 2917 353 2977 Anastasio
373 2916 607 2985 bibliothecario,
626 2915 674 2971 sed
699 2917 834 2985 pluribus
855 2918 1023 2974 auctoribus

202 3010 334 3067 ultimam
347 3009 427 3065 Libri
440 3005 616 3063 Pontiilealis
628 3009 736 3073 partem
748 3005 929 3061 tribuendam
949 3020 1019 3078 esse,

199 3111 234 3153 ex
246 3097 414 3154 diversitate
426 3095 493 3166 styli
506 3092 680 3162 desumitur,
690 3092 726 3146 de
749 3104 806 3162 qua
823 3097 916 3148 exstat
932 3106 1023 3150 accu-

200 3191 262 3242 rata
276 3188 357 3242 Lucae
371 3175 511 3242 ilelstenii
528 3180 668 3238 sententia
680 3180 799 3235 innotis
816 3183 1021 3251 manuscriptis

198 3275 233 3331 ad
244 3274 429 3332 anastasium
438 3274 474 3329 de
487 3272 561 3327 Vitis
573 3268 753 3339 Pontiilcum,
770 3268 916 3341 inquibus
928 3271 1021 3329 obser·

197 3370 245 3418 rat
268 3371 376 3434 partem
397 3363 477 3418 illam
500 3374 563 3432 quae
580 3359 688 3418 Vitasa
711 3357 847 3415 Zacharia
876 3363 1019 3433 usquead

197 3452 348 3508 Nicolaum
361 3452 487 3523 primum
500 3452 710 3522 complectitur,
720 3466 736 3508 a
747 3453 836 3508 variis
853 3452 1022 3508 auctoribus

199 3540 274 3611 stylo
294 3541 408 3597 diverso
429 3540 621 3611 conscriptam
648 3541 748 3597 luisse.
772 3540 876 3611 Sieque
895 3540 1021 3596 notatde

122 3650 125 3655 ⁴
198 3629 263 3684 Vita
273 3629 431 3685 Zachariae:
449 3629 552 3699 «stylo
573 3630 706 3686 nonnihil
728 3631 884 3701 purioreet
902 3642 1021 3685 neruoso

196 3717 315 3784 scripta,
330 3720 475 3787 totamque
491 3717 641 3772 historiam
656 3719 840 3787 pontiilcatus
851 3716 1022 3788 complecti-

195 3806 254 3875 tur,
265 3809 365 3859 eontra
376 3805 450 3874 quod
467 3805 497 3859 in
512 3806 713 3874 superioribus
733 3807 928 3875 pontiricibus.
947 3820 1021 3877 quo-

197 3907 263 3950 rum
276 3897 353 3963 gesta
365 3892 495 3947 eumdem
508 3892 650 3963 stylnmet
663 3900 807 3950 auctorem
823 3894 1018 3965 praescierunt,

193 3981 459 4037 metamaucum
478 3981 564 4036 Paulo
589 3994 670 4051 papa,
692 3981 827 4051 Stephani
846 3983 925 4037 tertii
950 3997 1020 4040 suc-

194 4081 316 4134 cessore,
339 4071 419 4123 notat
435 4068 509 4123 ldem
533 4069 746 4125 Holsteniusza
769 4071 832 4125 Hac
854 4071 916 4127 Vita
938 4071 1019 4128 ualde

193 4159 292 4228 jejuna
304 4156 379 4212 nibil
391 4156 562 4212 historicum
582 4155 674 4225 babet,
696 4158 824 4228 eiusdem
841 4173 906 4214 cum
929 4174 1020 4230 supe-

195 4245 325 4303 rioribus
339 4245 419 4315 styli.
432 4263 445 4294 »
459 4246 556 4315 ltaque
563 4246 645 4314 Juxta
655 4252 776 4302 mentem
790 4248 931 4304 llolstenii
944 4249 1018 4304 idem

194 4339 296 4391 auctor
307 4338 366 4388 tres
379 4333 612 4402 supradictorum
628 4334 797 4404 pontiacum
808 4336 887 4392 Vitas
902 4337 1015 4407 adjecit.
1031 4334 1059 4396 D

194 4421 387 4491 DeStepbane
405 4429 507 4491 quarto
521 4428 615 4479 autem
638 4422 721 4479 babet
743 4424 935 4494 sequentiam
954 4425 1018 4481 Vita

193 4508 329 4581 Stephani
345 4520 424 4578 papae
437 4511 544 4580 scripta
555 4518 598 4567 est
611 4512 725 4567 diverso
736 4512 835 4582 styloa
856 4513 1020 4582 superiori-

193 4599 259 4666 bus,
273 4597 430 4666 modosque
438 4597 573 4670 loquendi
583 4601 643 4657 sive
651 4600 844 4658 barbarismos
855 4602 1017 4671 peculiares

195 4688 289 4759 habet,
302 4703 365 4760 qua
374 4687 470 4747 nescio
483 4701 566 4758 quem
576 4688 795 4747 africanismum
804 4704 902 4760 sapere
911 4690 1015 4748 viden-

193 4783 253 4834 tur.
278 4795 292 4828 »
320 4779 363 4835 ad
393 4779 515 4835 Adriani
540 4792 606 4834 vero
627 4778 731 4849 Vitam,
755 4793 819 4850 quae
842 4785 929 4836 totam
952 4780 1015 4849 ejus

192 4867 377 4939 pontificatus
389 4868 541 4925 historiam
557 4869 695 4939 continet,
712 4868 788 4924 nibil
805 4874 894 4939 notat,
911 4870 1014 4927 nisiad

192 4954 287 5025 tinem,
299 4957 350 5013 obi
361 4957 392 5012 in
406 4958 549 5031 margine:
567 4978 580 5008 a
596 4959 646 5014 llic
657 4958 818 5014 linitcodex
831 4959 1015 5015 Florentinns

193 5043 285 5098 saneti
306 5047 405 5110 Marci,
419 5052 447 5103 et
460 5062 528 5103 mss.
548 5048 739 5103 serenissimae
760 5049 904 5117 regina»
934 5047 1016 5104 indi-

191 5143 270 5200 cans,
285 5134 318 5184 ut
329 5131 403 5188 inira
413 5136 585 5203 ridebimus,
598 5139 670 5191 bane
684 5135 776 5189 Vitam
787 5133 823 5188 ab
834 5140 949 5190 auctore
965 5135 1016 5193 illo

193 5220 291 5278 forsan
302 5221 505 5292 conscriptam,
516 5225 560 5279 vel
570 5224 709 5290 adiectam
719 5220 819 5289 luisse,
832 5223 883 5292 qui
897 5223 1015 5279 Librum

192 5311 398 5378 Pontiilcalem,
408 5323 442 5364 61(
452 5324 510 5378 quo
519 5308 823 5367 codieesbibliotbecae
836 5313 939 5382 reginae
952 5313 1017 5366 Sue

192 5397 1016 5467 ciaetbibliothecasmctiltarcidescriptisum,inunum

193 5487 326 5545 uolumen
344 5486 471 5558 collegit.
492 5487 531 5540 116
548 5485 667 5541 hdriani
687 5486 773 5556 primi
800 5488 1015 5544 successoribus

1036 2984 1061 3047 C
1109 2995 1225 3059 Gregorii
1257 2993 1281 3042 ll
1306 2995 1331 3040 et
1358 2987 1475 3047 Gregorii

1078 2462 1104 2517 Α
1123 2463 1287 2532 quibusnam
1310 2385 1701 2524 anctmfflffqffluonam
1724 2455 1808 2511 Liber
1826 2458 1903 2511 Ponti

1325 2532 1412 2600 paulis
1423 2528 1588 2595 conscriptes
1600 2528 1657 2580 sit?

1078 2621 1099 2671 l.
1110 2623 1186 2672 Liber
1197 2620 1364 2677 Pontiilcalis,
1375 2617 1459 2679 quoad
1468 2615 1695 2677 priorcmpariem‚
1708 2614 1903 2686 quaeeomplec-

1109 2686 1170 2733 titur
1181 2684 1254 2732 Vitas
1266 2682 1419 2745 pontificum
1435 2690 1516 2738 usque
1531 2676 1562 2723 ad
1590 2676 1789 2724 Constantinum
1808 2690 1901 2738 papam

1108 2737 1771 2857 imilli-iitttiiiiatttilm’iiiiii
1785 2740 1904 2849 ittet

1127 2823 1160 2857 uo
1196 2822 1253 2857 aare
1274 2822 1282 2856 1
1415 2818 1435 2848 ·,
1577 2825 1633 2846 ·-
1679 2834 1685 2847 ·

1108 2824 1265 2920 &catanam
1277 2881 1350 2931 papae
1365 2864 1458 2927 prodiit
1472 2863 1539 2910 circa
1552 2861 1742 2909 initiumoctavi
1755 2861 1903 2921 saeculi,cui

1109 2933 1139 2980 ab
1157 2932 1248 2980 eodem
1263 2928 1454 2988 auctoroprima
1466 2923 1591 3033 applelndix
1604 2921 1703 3031 agjeeta
1711 2922 1767 3031 guil
1784 2922 1903 2972 Vltarum

1108 3056 1334 3118 truseriptecodice
1345 3051 1480 3105 Vaticano,
1495 3051 1520 3095 et
1533 2997 1831 3119 p'gegssoqegffifflffirssx
1840 2998 1903 3096 iffi-

1107 3119 1285 3180 steniijudicio
1296 3112 1487 3175 comprobatur,
1500 3123 1543 3171 qur
1557 3121 1647 3155 omnes
1663 3108 1740 3156 lium.
1751 3108 1902 3168 pontificum

1106 3182 1179 3229 Vitas
1195 3183 1210 3229 b
1225 3181 1258 3232 B.
1275 3179 1351 3227 Petro
1367 3186 1450 3235 usque
1468 3172 1499 3220 ad
1519 3169 1669 3219 Zachariam
1679 3183 1731 3218 uno
1754 3170 1902 3234 eodemque

1107 3244 1171 3305 stylo
1189 3242 1347 3302 conscriptas
1371 3250 1428 3286 esse
1447 3235 1533 3282 docet.
1547 3257 1579 3268 -
1589 3231 1634 3280 111.
1648 3232 1902 3282 satisbttcstimonio

1105 3304 1247 3365 legatorum
1253 3300 1395 3361 agathonis
1406 3297 1436 3345 ab
1448 3294 1590 3344 Humberto
1599 3293 1722 3341 cardinali
1728 3292 1815 3355 allato,
1851 3294 1901 3343 uod

1106 3366 1298 3428 supposititium
1322 3376 1379 3410 esse
1395 3358 1545 3407 ostenditur.
1560 3355 1646 3404 -lV.
1667 3355 1743 3403 Prior
1764 3355 1809 3403 itta
1855 3356 1901 3405 'bri

1107 3427 1264 3477 Pontilicalis
1280 3439 1339 3488 pars
1355 3421 1433 3471 habet
1453 3421 1584 3466 auctorem
1600 3418 1794 3489 Romanum,et
1815 3416 1901 3467 tomen

1106 3489 1268 3537 bibliotheca·
1302 3484 1431 3541 ontiticiae,
1449 3484 1491 3528 aut
1506 3480 1609 3527 archivo
1626 3480 1769 3540 apostolico
1781 3480 1900 3541 praeposi-

1105 3555 1169 3599 turn.
1181 3579 1211 3586 -
1221 3551 1258 3599 V.
1299 3549 1315 3596 b
1328 3548 1378 3596 alio
1390 3546 1495 3591 auctore
1504 3541 1610 3602 adiectae
1621 3544 1681 3588 sunt
1690 3541 1748 3588 vitae
1757 3540 1898 3600 Zacharia,

1107 3613 1233 3675 Stephani
1244 3613 1279 3661 111
1293 3615 1318 3660 et
1333 3607 1406 3658 Pauli
1416 3605 1500 3666 primi,
1512 3616 1569 3665 quae
1580 3603 1720 3650 secundam
1729 3604 1900 3711 apgendicem

1107 3676 1219 3724 afliciunt
1253 3678 1277 3723 61
1295 3673 1385 3722 eodem
1403 3666 1469 3728 stylo
1495 3665 1647 3725 conscriptas
1670 3666 1761 3711 sunta
1804 3678 1899 3714 unoex

1107 3738 1174 3786 elero
1188 3713 1313 3794 Romano,
1329 3734 1374 3797 qui
1390 3729 1522 3778 architum
1539 3726 1706 3787 apostolicum
1721 3725 1821 3773 citatim
1841 3726 1900 3776 tnta

1108 3799 1229 3862 Stephani
1252 3799 1326 3847 tertii.
1348 3821 1380 3830 -
1401 3792 1447 3840 vi.
1473 3789 1533 3837 Vita
1546 3787 1670 3848 Stephani
1688 3787 1724 3835 lV
1740 3800 1794 3835 uon
1824 3788 1901 3838 habet

1106 3867 1238 3910 auctorem
1248 3861 1406 3912 Africanum,
1417 3856 1444 3901 ut
1467 3854 1520 3899 ulut
1530 3851 1688 3904 llolstenius.
1699 3849 1744 3897 sed
1752 3849 1900 3901 Romanum

1105 3927 1205 3971 contem
1226 3933 1358 3976 oraneum,
1367 3920 1394 3965 ul
1406 3866 1528 3977 prezatur
1537 3926 1567 3961 ex
1577 3911 1647 3961 Ache
1655 3915 1681 3960 et
1690 3909 1858 3962 conllrmalnr
1867 3926 1900 3962 ex

1106 3985 1166 4033 Vita
1177 3937 1282 4032 bassiani
1293 3981 1378 4044 primi,
1385 3989 1461 4041 quam
1470 3973 1500 4021 ab
1508 3975 1713 4027 eodcmauctore
1720 3972 1900 4045 belemensis

1105 4050 1148 4096 aul
1158 4047 1290 4094 Vaticana
1301 4038 1512 4092 basilicaeelcrieo
1523 4035 1899 4096 conscriptumiutsseconeut.

1105 4109 1135 4158 Et
1146 4109 1201 4157 lraec
1214 4110 1253 4156 est
1264 4107 1337 4155 tertia
1348 4100 1475 4164 appendix
1486 4097 1566 4146 Libro
1578 4096 1722 4146 Pontiilcali
1733 4095 1830 4164 addita,
1840 4116 1902 4166 qua.

1105 4185 1163 4219 cum
1175 4171 1265 4218 ssniurrt
1276 4169 1328 4217 duo
1339 4165 1443 4214 codices
1455 4173 1520 4207 mss.
1535 4159 1642 4219 Regius,
1655 4163 1681 4208 et
1690 4158 1856 4214 Florentium
1871 4164 1900 4214 s,

1105 4233 1196 4281 Marci.
1210 4259 1240 4267 -
1248 4231 1309 4283 Vll.
1324 4230 1383 4278 Vita
1394 4223 1486 4275 Leonis
1498 4221 1619 4270 lllalium
1627 4221 1703 4283 plane
1713 4223 1848 4276 auctorem
1858 4226 1902 4276 hg.

1106 4295 1156 4351 bet,
1171 4296 1215 4357 qui
1232 4293 1318 4342 forsan
1344 4290 1456 4339 basiicae
1479 4282 1508 4332 S.
1532 4282 1605 4344 Paret
1631 4283 1760 4345 ascriptus
1785 4292 1849 4348 erat,
1876 4293 1901 4338 el

1108 4356 1232 4419 Stephani
1247 4357 1270 4404 V
1284 4357 1360 4404 vitam
1369 4345 1513 4401 Pontibeali
1545 4358 1631 4406 uoque
1643 4345 1744 4407 adiecit.
1756 4342 1833 4399 Unde
1846 4351 1900 4401 1220

1106 4424 1172 4468 esset
1193 4427 1288 4529 Quarta
1317 4414 1444 4479 appendix
1475 4407 1505 4454 ud
1556 4407 1640 4455 ibrum
1669 4405 1855 4462 l'ouiiilcalem,
1870 4440 1899 4450 -

1106 4481 1176 4532 vili.
1219 4482 1253 4530 itu
1262 4479 1380 4541 Gregorii
1394 4475 1428 4525 111
1441 4472 1573 4518 auctorem
1596 4468 1742 4542 Romanum
1765 4466 1841 4533 hehe,
1875 4479 1900 4524 et

1104 4545 1169 4605 stylo
1175 4544 1285 4603 eleganti
1294 4539 1439 4599 conscripta
1449 4534 1495 4588 esi,
1511 4543 1586 4603 ³59⁰
1593 4530 1657 4592 stylo
1666 4531 1735 4581 Vitae
1745 4533 1784 4581 Eu
1805 4538 1857 4587 euil
1867 4538 1897 4596 ll,

1103 4606 1231 4654 Valentini
1244 4610 1269 4654 61
1281 4602 1399 4663 Gregorii
1412 4597 1447 4647 lV
1457 4591 1574 4641 nountlnl
1589 4592 1719 4643 differunt.
1736 4622 1767 4631 -
1780 4597 1790 4646 l
1818 4633 1825 4647 .
1841 4602 1899 4650 ser·-

1102 4670 1138 4726 gii
1150 4668 1172 4717 ll
1184 4669 1244 4716 Vita
1255 4671 1277 4714 st
1294 4667 1319 4713 lo
1331 4664 1414 4713 ditiori
1423 4675 1438 4708 a
1448 4644 1588 4719 prioribus,
1599 4657 1625 4704 et
1646 4655 1678 4704 ab
1692 4658 1787 4709 eodem
1796 4666 1899 4711 auctore

1101 4730 1177 4780 Libro
1199 4681 1342 4778 Pontiffeali
1365 4724 1464 4786 adjecta
1485 4719 1534 4789 eat,
1558 4733 1573 4767 a
1597 4731 1649 4779 quo
1670 4718 1765 4793 beonia
1790 4722 1827 4771 lV
1842 4724 1899 4774 Vita

1101 4793 1244 4853 conscripto
1253 4791 1310 4849 luit,
1321 4800 1399 4850 quem
1409 4785 1500 4832 boma
1510 4791 1537 4825 m
1554 4791 1647 4840 magna
1664 4781 1789 4842 dignitate
1805 4786 1899 4833 (161161-

1100 4857 1182 4902 tutum
1192 4853 1271 4902 luisse
1282 4849 1408 4910 hctaipsa
1416 4842 1549 4894 testantur.
1560 4872 1590 4880 -
1597 4842 1630 4890 X.
1640 4844 1795 4893 Anastasius
1800 4845 1898 4895 Biblio-

1099 4917 1228 4964 thocariua
1239 4928 1290 4962 non
1301 4912 1347 4960 luit
1358 4912 1446 4959 uucbir
1456 4904 1576 4957 Vitarum
1586 4905 1669 4964 Sergii
1680 4904 1703 4954 ll
1711 4909 1736 4953 et
1746 4906 1841 4956 Laome
1854 4907 1897 4965 tv,

1100 4978 1179 5027 mullo
1194 4979 1278 5024 minus
1295 4972 1427 5022 Benedicti
1442 4966 1539 5027 utqui
1546 4970 1627 5020 Leoni
1639 4972 1817 5030 [Vsuccessib
1826 4969 1898 5030 cujus

1100 5040 1160 5089 Vita
1170 5039 1285 5088 allectato
1300 5040 1324 5084 et
1338 5035 1461 5097 peculiari
1472 5031 1536 5087 sll'lo
1548 5036 1694 5096 conscripta
1709 5036 1759 5080 cst.
1774 5034 1898 5083 Probatur

1101 5104 1185 5164 itaque
1195 5101 1298 5150 illorum
1309 5101 1434 5149 sententia
1446 5108 1503 5162 quae
1509 5096 1675 5144 Anastasium
1688 5095 1756 5142 Vitae
1778 5097 1896 5147 Nicolail

1101 5168 1232 5212 auctorem
1248 5161 1317 5212 lacit.

1108 5242 1896 5317 l.Postquamsuperioribuscapitihusmonstratumest

1073 5323 1400 5393 bibrumPontiiicalem,
1413 5328 1462 5396 qui
1475 5327 1553 5382 Vitas
1570 5329 1763 5397 pontificuma
1773 5330 1894 5387 Petread

1073 5403 1572 5475 Nicolaumprimumcomplectitur.
1582 5409 1735 5464 Anastasio
1748 5410 1896 5480 antiquio·

1074 5499 1132 5542 rem
1151 5497 1222 5553 esse,
1234 5489 1262 5537 et
1282 5496 1337 5538 non
1361 5485 1395 5538 ab
1419 5499 1484 5557 uno,
1515 5488 1562 5542 sed
1583 5487 1707 5544 diversis
1728 5490 1897 5545 auctoribus
