3892 6136
184 177 238 274 aaa
573 215 620 273 tn
641 213 860 289 tussvssvuu
883 209 1141 270 aucuucoumvs
1167 212 1256 267 surr.
1283 208 1499 270 nou-mma.
1830 208 1886 269 mc

185 344 271 411 ptos:
305 354 378 412 quos
415 341 490 397 inter
515 340 704 407 Breviarium,
738 345 770 396 ut
801 343 913 405 vocant,
944 337 1049 399 anteA
1097 333 1124 391 i.
1148 335 1199 392 llis
1227 339 1320 393 autem
1347 337 1495 394 codicibus
1519 341 1586 394 utor
1607 334 1803 395 colubeutlus
1829 350 1888 410 quo

183 441 276 487 annos
299 429 416 486 circiter
433 429 669 501 quadringentos,
697 427 788 499 quoad
805 427 919 496 assequi
939 440 1009 496 pos·
1062 423 1235 496 diligentius
1247 429 1361 481 exactos
1384 423 1617 495 luisseludicare
1627 438 1679 495 par
1689 430 1733 481 est
1744 425 1781 480 ad
1796 438 1889 482 exem·

186 530 263 574 sum.
281 521 438 573 exaratum.
455 519 485 573 ln
505 516 557 573 illo
577 516 676 572 statim
700 515 846 572 observavi
872 514 1008 571 lectiones
1063 511 1156 583 plaria
1168 513 1301 568 Ecclesia
1310 514 1459 585 Romanae3
1476 518 1537 569 tum
1547 514 1615 585 quia
1627 514 1742 570 codices
1751 513 1787 568 ad
1800 527 1887 568 usum

185 609 350 662 sanctorum
359 603 1008 676 pontificum,quaeinsignitaesuntucnsolum
1063 600 1237 657 cathedralis
1261 600 1388 657 ccclesia
1411 601 1441 656 in
1466 601 1581 673 regione
1604 599 1809 657 suburbicaria
1824 600 1889 656 sitm

185 693 272 749 anuis
285 693 447 750 eorumdem
463 693 550 760 sedis,
564 707 661 749 verum
675 693 761 748 etiam
777 690 1007 748 indicationihus
1062 690 1119 759 jam
1141 695 1202 745 tum
1226 688 1351 761 formati,
1368 691 1443 760 apud
1462 691 1589 746 eamdem
1604 688 1785 763 collegiatam
1811 702 1889 746 nunc

185 781 348 852 consulum,
362 783 414 853 qui
426 782 637 839 eosdemauuos
647 782 810 855 signarunt.
825 781 934 836 idcirco
944 792 1009 835 cum
1064 778 1149 834 etiarn
1159 779 1380 848 custodiuntur;
1394 783 1453 835 tum
1464 778 1531 849 quie
1541 777 1677 833 secundm
1686 790 1720 834 ex
1730 779 1891 834 manuscri-

187 870 380 926 memiuissem
400 869 668 942 diligentie,quam
690 874 756 925 ante
768 867 879 940 aliquot
898 880 1009 924 menses
1065 866 1123 936 ptis
1137 865 1294 923 affirmatur
1312 868 1461 938 dispositas
1485 869 1633 924 secundam
1654 868 1796 921 rubricam
1816 868 1890 921 Fra-

186 957 348 1016 adhihuisti
373 959 402 1015 in
426 957 549 1014 basilica
563 957 656 1013 sancti
671 957 763 1024 Pauli,
778 971 835 1028 quo
850 963 943 1012 tecum
963 955 1009 1011 bis
1063 959 1136 1010 tram
1165 957 1302 1011 Minorem
1327 972 1400 1011 anno
1425 954 1503 1025 teet,
1532 957 1645 1028 vigente
1664 957 1748 1014 illius
1775 957 1891 1014 ordinis

188 1047 341 1104 concedere
359 1047 432 1103 mihi
447 1046 572 1119 contigit
585 1045 755 1101 observandi
773 1058 869 1113 causa,
881 1044 1009 1113 judicavi
1066 1044 1212 1115 instituto,
1237 1045 1286 1100 cui
1314 1045 1482 1115 seraphicus
1496 1047 1578 1101 Pater
1592 1050 1621 1101 ct
1638 1045 1774 1103 conditor
1800 1045 1891 1117 legem

190 1133 262 1190 hanc
298 1134 431 1191 notitiam
465 1132 587 1191 sortasse
617 1131 796 1205 profuturam
826 1133 903 1190 notis
939 1145 1010 1203 quas
1066 1132 1181 1201 tulerat,
1195 1133 1282 1188 etiam
1298 1137 1467 1189 testamento
1483 1135 1633 1203 hrmatam,
1648 1139 1681 1189 ut
1693 1135 1758 1204 ejus
1784 1133 1892 1205 regulae

188 1223 312 1281 adornas
341 1224 372 1280 in
395 1224 591 1281 anastasium.
621 1225 713 1294 Quare
741 1237 756 1279 a
788 1236 833 1279 me
856 1221 1012 1294 diligenter
1067 1218 1240 1289 professores
1265 1227 1451 1278 sacrosanctae
1463 1223 1596 1279 Romane
1609 1221 1744 1278 Ecclesia
1765 1235 1895 1279 consuc-

188 1311 349 1384 descriptas
360 1313 468 1383 accipe,
483 1313 641 1383 presertim
653 1313 683 1368 in
704 1311 812 1368 litteris
828 1324 1011 1367 numerorum
1067 1308 1182 1364 tudines
1198 1322 1230 1364 ac
1253 1309 1327 1366 ritus
1341 1311 1568 1386 diligentissime
1590 1312 1783 1369 custodirent.

191 1401 349 1470 indicibus,
365 1406 393 1458 et
405 1402 435 1457 in
452 1400 619 1458 nominibus
633 1401 795 1469 consulum,
811 1399 925 1456 etiamsi
941 1399 1013 1454 cha·
1101 1394 1128 1452 8.
1144 1397 1304 1454 Praemissis
1319 1399 1487 1455 notionibus
1510 1400 1647 1470 methodi,
1662 1401 1855 1471 expansionis
1867 1408 1895 1458 et

191 1495 314 1549 racteres
328 1491 460 1548 codicum
477 1490 764 1560 undecasdcscripsi
780 1490 840 1544 sint
860 1489 1012 1546 admodum
1068 1486 1181 1542 ordinis
1202 1500 1219 1542 a
1242 1500 1287 1542 me
1311 1487 1443 1542 servandi
1476 1487 1504 1542 in
1532 1488 1714 1558 proponendo
1736 1489 1894 1560 archetypo

190 1579 307 1649 vetusti,
322 1593 373 1635 uec
392 1580 611 1651 distinguantur
626 1578 911 1649 interpunctionibus
932 1591 1015 1633 corn-
1069 1573 1211 1647 catalogo,
1227 1577 1302 1631 serie
1314 1582 1341 1632 et
1353 1576 1539 1648 chronologia
1559 1577 1727 1647 pontificum
1745 1578 1892 1634 Romano-

191 1673 309 1738 matam,
325 1675 376 1725 aut
395 1669 503 1727 litteris
513 1666 698 1741 capitalibus,
723 1681 773 1723 seu
787 1667 967 1737 majusculis,
983 1671 1014 1724 ut
1029 1670 1056 1731 Β
1070 1678 1132 1720 rum
1147 1677 1181 1720 ex
1204 1665 1328 1734 picturis
1349 1666 1501 1721 leonianis
1516 1665 1645 1721 basilice
1655 1666 1683 1720 S.
1707 1665 1804 1737 Pauli,
1818 1671 1847 1723 et
1862 1667 1891 1723 in

190 1762 301 1825 vocant,
324 1762 408 1814 seeo.
1069 1752 1198 1810 addenda
1217 1753 1299 1809 illius
1321 1754 1564 1824 comprobatione,
1582 1755 1670 1824 petita
1695 1768 1730 1811 ex
1748 1755 1895 1827 catalogis

225 1846 257 1901 ln
279 1845 334 1903 bne
359 1845 469 1904 codicis
482 1845 602 1903 secundi
618 1844 750 1902 observat
761 1845 900 1916 adiectam
923 1844 1014 1903 luisse
1070 1842 1294 1914 probatioribus,
1318 1842 1393 1897 intra
1409 1849 1437 1898 et
1451 1848 1530 1898 extra
1546 1843 1657 1899 ltaliam
1677 1844 1848 1916 custoditis,
1867 1849 1895 1900 et

190 1938 328 2006 epactam,
357 1934 471 1992 litteras
494 1935 699 2006 Dominicales,
726 1939 755 1991 et
780 1947 914 1991 numeros
940 1935 1013 2007 cycli
1070 1932 1561 2003 perduodecimconsecutasaecula
1577 1933 1610 1988 ad
1625 1933 1890 2000 nostrausmissis3

76 2040 79 2047 ·
190 2021 296 2079 solaris
323 2036 371 2093 per
403 2023 622 2096 annosviginti
647 2029 723 2092 octo,
748 2027 953 2079 consecuturos
979 2035 1014 2079 ex
1070 2035 1179 2079 necnon
1203 2024 1341 2093 producta
1354 2023 1459 2079 notitia
1474 2022 1606 2079 codicum
1623 2021 1732 2093 quibas
1750 2022 1892 2093 ejusmodi

190 2121 267 2167 anno
302 2107 371 2167 ⁴307
401 2111 436 2168 ad
471 2112 721 2182 praenuntiandam
755 2110 933 2167 Dominicam
965 2111 1014 2167 Se·
1070 2112 1144 2167 ratio
1171 2116 1330 2192 temporum
1361 2112 1558 2168 commendata
1590 2112 1626 2167 ad
1651 2124 1703 2168 uos
1732 2111 1892 2181 derivatur,

192 2198 377 2270 ptuagesiuae
406 2200 522 2271 aliaque
556 2199 628 2257 lesia
659 2200 788 2256 mobilia.
816 2197 908 2267 Quare
941 2215 1015 2271 pru·
1069 2201 1159 2271 ipsam
1177 2201 1281 2256 seriem
1310 2200 1437 2257 basilicae
1463 2201 1625 2271 expandere
1646 2201 1704 2270 jam
1729 2201 1891 2274 aggrediar.

191 2283 292 2341 denter
302 2286 402 2358 arguit
421 2287 595 2357 scripturam
618 2288 728 2345 codicis
755 2302 816 2345 esse
828 2289 1013 2346 vetustiorem
1067 2288 1230 2345 dttribuam
1247 2289 1406 2360 unicuique
1420 2289 1550 2359 pontihci
1575 2301 1660 2345 unam
1674 2302 1708 2344 ex
1720 2287 1839 2346 duabus
1852 2302 1893 2345 cc

192 2385 269 2431 anno
283 2369 363 2431 ieci.
1069 2377 1187 2444 lumnis,
1211 2377 1319 2446 quibus
1332 2378 1454 2449 singulae
1470 2379 1580 2449 pagine
1595 2381 1738 2433 constant.
1754 2378 1786 2433 ln
1807 2390 1891 2448 supc-

227 2481 241 2515 a
257 2464 288 2518 ln
305 2461 370 2532 line,
389 2461 497 2534 inquit,
520 2463 608 2534 huius
621 2464 731 2521 codicis
745 2463 885 2537 (secundi)
908 2465 1015 2521 adsunt
1069 2465 1140 2522 riori
1155 2466 1218 2535 ejus
1235 2472 1313 2535 parte
1325 2466 1471 2522 collocabo
1486 2466 1670 2538 epigraphem
1685 2465 1771 2522 lilius
1779 2464 1894 2537 pontii·

192 2551 283 2606 notati
299 2549 374 2621 dies,
391 2551 421 2606 in
437 2563 510 2622 quos
524 2551 673 2608 Dominica
695 2552 916 2624 septuagesima
937 2552 1016 2608 inci·
1069 2553 1153 2610 ciscx
1166 2554 1286 2609 Paulina
1298 2553 1420 2610 basilica
1432 2555 1471 2610 ita
1484 2553 1656 2624 descriptam
1671 2553 1781 2611 litteris
1795 2555 1896 2624 capita·

191 2634 258 2692 dere
294 2635 415 2693 debebat
446 2651 496 2707 per
521 2640 585 2694 octo
619 2637 723 2710 viginti
756 2651 856 2705 annos,
882 2640 1014 2710 sequenti
1070 2641 1141 2696 libas
1155 2643 1292 2712 rotundis,
1319 2648 1370 2697 aut
1390 2642 1544 2712 inclinatis,
1571 2642 1750 2712 utcapitoies
1772 2641 1897 2696 rotunde

193 2724 292 2781 modo:
464 2731 470 2741 “
1071 2729 1387 2786 iudicentcbaractcres
1399 2731 1428 2785 in
1444 2729 1606 2786 eabasilica
1619 2729 1715 2786 adhuc
1724 2730 1897 2800 superstites

227 2828 264 2884 qq,
284 2828 305 2885 ι,
324 2843 383 2887 000,
402 2831 443 2888 paq
458 2834 586 2891 ..xpp
599 2845 624 2889 a,
646 2848 675 2890 x,
692 2836 786 2890 323qu
808 2835 945 2892 panuapqo
1070 2817 1228 2887 etquidem
1246 2817 1377 2873 inveteri
1396 2821 1546 2889 prototypo
1569 2816 1734 2886 Leoniau03
1754 2817 1896 2871 inclinate

227 2897 266 2954 iti.
287 2900 306 2957 l.
321 2914 385 2984 ccc.
406 2903 618 2961 viii-xxvii
631 2920 657 2976 g.
674 2904 692 2960 l.
709 2905 750 2961 xi.
763 2907 889 2962 intrante
899 2907 946 2961 Fe·
1071 2920 1132 2958 acro
1153 2906 1293 2975 capitales,
1320 2918 1392 2975 quas
1415 2911 1517 2961 vocant
1538 2905 1706 2960 characteres
1718 2905 1822 2968 liutici,
1843 2904 1898 2959 de·

228 2968 358 3042 bl⁰³f¹⁰i
374 2977 428 3029 cic.
1030 2990 1055 3053 C
1073 2993 1437 3063 monstrentsupplcmeuta
1448 2993 1529 3049 illius
1540 2992 1895 3065 epigraphisvetustloris,

194 3074 246 3146 qui
261 3075 439 3134 characteres
450 3091 506 3135 non
519 3085 588 3136 sunt
603 3081 730 3151 eiusdem
746 3096 847 3138 manus
861 3096 916 3153 qua
929 3083 1017 3138 codex
1072 3081 1161 3151 petita
1187 3095 1222 3136 ex
1242 3081 1350 3137 litteris
1373 3081 1582 3152 superstitibus
1608 3080 1695 3136 seriei
1726 3080 1897 3136 recentioris

195 3159 253 3219 luit
266 3169 412 3235 exaratus,
426 3179 478 3223 nec
490 3168 588 3225 eodem
606 3173 766 3226 atramento
784 3169 909 3227 formati.
924 3169 1018 3238 Quare
1072 3167 1179 3223 ibidem
1202 3169 1322 3238 depictae
1337 3169 1391 3225 sub
1417 3168 1534 3225 Nicolao
1558 3168 1652 3224 tertio.
1677 3169 1799 3224 ucunae
1820 3180 1896 3229 vero.

195 3249 274 3307 credi
298 3257 390 3322 potest
404 3254 531 3312 codicem
550 3255 642 3314 luisse
668 3259 808 3328 scriptum
830 3264 896 3314 ante
909 3271 1016 3315 annum
1072 3270 1193 3327 quarum
1217 3257 1414 3328 supplementa
1429 3271 1478 3328 per
1491 3261 1620 3313 neutram
1633 3269 1668 3313 ex
1688 3255 1751 3312 illis
1765 3255 1904 3313 seriebus.

195 3333 275 3394 ⁴307·
290 3356 305 3389 s
1072 3344 1184 3414 (teonis
1198 3345 1353 3416 etNicolai)
1364 3345 1463 3401 haberi
1472 3350 1602 3416 possunt,
1615 3344 1731 3414 quando
1741 3342 1895 3415 utrobique

229 3427 270 3483 De
283 3429 362 3486 tertii
373 3431 483 3488 codicis
495 3437 577 3490 aetate
589 3433 689 3492 nullus
701 3438 745 3491 est
757 3434 911 3492 dubitandi
926 3432 1017 3503 locus,
1073 3431 1233 3488 exciderint
1253 3434 1441 3503 characteres,
1457 3432 1623 3503 accipienda
1638 3444 1700 3487 esse
1714 3431 1856 3487 duximus
1864 3444 1896 3486 ex

195 3525 262 3571 cum
296 3516 489 3576 observaverit
516 3523 561 3577 vir
579 3522 761 3579 clarissimus
777 3528 841 3593 post
870 3520 962 3578 odicia
984 3521 1020 3577 de
1073 3521 1218 3593 catalogis
1234 3523 1361 3593 regionis
1371 3521 1581 3578 suburbicaria
1595 3519 1691 3592 (liceat
1707 3520 1762 3576 hoc
1781 3519 1897 3575 nomine

197 3610 326 3677 tempore
340 3607 413 3665 hanc
423 3609 480 3685 legi
499 3612 679 3682 periocham:
1075 3614 1194 3679 quatuor
1214 3609 1280 3666 illos
1301 3610 1456 3680 appellare,
1470 3609 1520 3680 qui
1542 3607 1665 3680 integris
1678 3608 1708 3663 in
1723 3607 1897 3678 inscriptio·

234 3713 248 3746 s
268 3697 396 3766 Explicit
408 3699 582 3758 breviarium
605 3703 763 3761 secundum
788 3704 932 3760 rubricam
947 3703 1021 3759 Fra·
1076 3696 1163 3753 nibus
1176 3711 1240 3754 curn
1266 3698 1387 3754 Paulina
1401 3698 1476 3753 serie
1493 3696 1648 3752 concordes
1664 3695 1770 3765 reperti
1784 3698 1856 3750 sunt
1871 3695 1898 3748 iu

196 3785 274 3837 trum
284 3784 438 3857 lituorum,
447 3792 589 3861 scriptum
599 3806 683 3850 manu
694 3796 810 3864 propria
819 3793 912 3864 bopni
922 3791 1019 3848 iacobi
1075 3786 1213 3861 Farlensi,
1226 3792 1403 3862 cavensique
1417 3789 1548 3856 ecclesia,
1563 3789 1593 3844 in
1612 3785 1733 3843 bucensi
1746 3789 1776 3840 et
1789 3785 1820 3839 in
1830 3783 1900 3839 Ber-

197 3873 360 3931 loannisde
370 3879 477 3934 Narnia
487 3879 896 3942 subanncDominirnilleccc.
910 3882 1018 3956 iiiiii.
1075 3879 1215 3952 gomatc):
1239 3896 1301 3951 quae
1324 3881 1521 3951 supplementa
1534 3877 1704 3947 minusculis,
1726 3880 1759 3930 ut
1786 3877 1898 3938 vocant,

199 3972 296 4016 mense
305 3963 393 4019 bladii
406 3966 454 4022 die
465 3968 545 4024 xxix.
561 3970 617 4026 Deo
632 3971 752 4042 gratias.
1074 3971 1275 4027 characteribus
1287 3972 1414 4026 rotundis
1432 3971 1586 4027 indicanda
1604 3980 1666 4024 esse
1683 3964 1827 4036 judicavi,
1843 3973 1899 4034 quo

467 4056 598 4113 «Amen.
624 4058 754 4115 Amen.»
1077 4060 1205 4128 apertius
1224 4060 1439 4131 significaretur
1463 4059 1573 4115 lacunae
1603 4056 1731 4127 spatium
1755 4052 1797 4108 ibi
1824 4061 1899 4108 nunc

234 4140 339 4199 Praeter
351 4144 403 4201 hos
415 4148 529 4204 codices
541 4150 838 4220 scriptosdivinorum
852 4152 1020 4222 ciliciorum,
1077 4149 1380 4218 superessentialia
1397 4151 1507 4206 litteras
1519 4147 1667 4204 exstitisse
1681 4145 1754 4201 idem
1771 4142 1899 4213 spatium

201 4227 307 4287 ibidem
322 4236 430 4305 reperit
443 4243 524 4295 vetus
539 4237 727 4311 breviarium,
744 4242 869 4313 gothicis
881 4243 1025 4301 characte.
1078 4238 1213 4310 declarat,
1227 4244 1256 4295 et
1267 4240 1426 4296 auctoritas
1440 4241 1565 4297 aliorum
1579 4236 1790 4306 catalogorum,
1808 4232 1840 4286 in
1861 4242 1901 4286 re

200 4321 293 4388 ribus,
310 4328 342 4379 ut
357 4331 468 4396 vocant,
482 4327 654 4398 impressum
669 4329 798 4387 venetiis
811 4332 846 4387 ab
860 4332 972 4390 andrea
986 4335 1021 4391 he
1035 4303 1063 4366 D
1077 4327 1169 4400 liquis
1189 4334 1382 4401 consentiens,
1402 4338 1431 4389 et
1450 4333 1519 4389 huic
1531 4331 1625 4402 spatio
1638 4326 1841 4387 couvenientes
1850 4337 1901 4379 as·

198 4408 365 4468 Torrcsauis
379 4412 415 4470 de
428 4413 516 4473 esula
531 4417 579 4472 die
590 4415 713 4475 iciunii
738 4416 818 4490 ilci,
834 4420 972 4491 in-loli03
991 4423 1019 4479 in
1075 4420 1194 4492 signans
1205 4422 1316 4478 litteras
1339 4438 1402 4495 qum
1418 4424 1591 4478 inserantur.

198 4511 257 4569 quo
268 4511 333 4556 cum
349 4502 534 4575 assignentur
548 4507 609 4563 sedi
627 4508 794 4578 pontillcum
814 4511 893 4579 anni,
911 4524 1020 4568 menses
1110 4512 1270 4584 Archetvpo
1284 4514 1375 4586 igitur
1387 4514 1557 4571 documento
1568 4514 1654 4570 seriei
1666 4507 1900 4580 etchrouologie

199 4589 314 4661 acdies,
327 4591 530 4665 etplerumque
539 4604 732 4654 memorentur
742 4599 1018 4670 etiamconsulatus,
1075 4603 1254 4674 pontillcun,
1274 4618 1308 4660 ex
1327 4604 1487 4675 parietibus
1500 4605 1526 4658 S.
1548 4603 1630 4659 l‘aali
1653 4603 1694 4658 ita
1718 4602 1897 4670 deprompto,

198 4690 256 4735 non
268 4678 465 4752 discrepantes
479 4683 514 4739 ab
525 4687 669 4755 expressis
683 4686 712 4741 in
730 4687 873 4759 catalogis
886 4688 1019 4745 Ecclesiae
1075 4693 1206 4763 suppleto
1214 4696 1404 4764 etrecognito,
1412 4692 1619 4749 addenturalia
1627 4690 1761 4747 subsidia
1771 4686 1899 4761 regionis

197 4766 340 4841 Romanae,
365 4770 451 4841 huius
475 4775 561 4830 etiam
591 4775 724 4846 impressi
750 4779 860 4835 codicis
879 4779 1019 4835 rationem
1074 4781 1293 4852 suburbicariae,
1303 4782 1632 4852 nempecbronologiain
1642 4779 1897 4836 librisdivinorum

197 4856 355 4918 habendam
370 4873 432 4918 esse
444 4863 526 4934 duxi,
541 4864 661 4936 ejusque
672 4867 870 4925 testimouium
890 4881 951 4925 esse
963 4882 1021 4924 an-
1074 4871 1232 4929 officiorum
1245 4879 1301 4928 tam
1314 4874 1433 4941 scriptis
1444 4871 1591 4928 exsaeculo
1604 4883 1669 4938 xvir,
1683 4880 1770 4941 quam
1782 4870 1901 4939 impres-

195 4951 365 5008 ncctendun
392 4952 628 5024 precedentibus.
652 4965 684 5013 ut
702 4956 863 5015 luculenter
885 4963 1020 5029 appareat
1073 4961 1116 5016 sis
1129 4961 1287 5018 antehnem
1304 4961 1408 5015 decimi
1423 4960 1530 5031 quinti,
1543 4971 1675 5030 expressa
1688 4971 1738 5028 per
1747 4968 1898 5013 numerum

196 5033 339 5095 laudatam
352 5040 567 5117 chronologiam
581 5042 672 5102 luisse
684 5051 849 5103 constanter
857 5047 1018 5104 adhibitam
1073 5062 1214 5105 annorum
1230 5050 1370 5105 mensium
1384 5063 1416 5104 ac
1427 5050 1551 5117 dicrum,
1575 5054 1604 5104 et
1617 5060 1665 5118 per
1676 5045 1831 5102 consules:
1849 5043 1899 5101 ubi

196 5125 224 5177 et
243 5123 370 5192 puhlicis
392 5135 586 5190 monumentis
601 5127 801 5202 insertam‘et
821 5137 1018 5193 ecclesiastico
1072 5151 1138 5193 vero
1164 5137 1324 5193 incidamus
1342 5137 1370 5192 in
1396 5137 1560 5207 pontificem
1585 5136 1670 5206 cuius
1692 5135 1835 5190 lectiones
1850 5138 1901 5189 aut

196 5217 409 5268 auctoramento
431 5216 573 5275 lirmatam
587 5218 662 5288 (nam
679 5220 747 5275 talis
760 5224 919 5280 auctoritas
931 5225 1018 5282 codi-
1073 5224 1177 5283 lestum
1191 5225 1230 5299 ilis
1243 5226 1272 5279 in
1281 5225 1431 5280 codicibus
1440 5238 1496 5280 nort
1506 5225 1676 5294 reperiatur.
1689 5222 1751 5278 sive
1761 5223 1831 5277 auni
1844 5234 1900 5277 non

195 5297 280 5355 cibus
290 5298 326 5355 ad
340 5310 398 5353 rent
413 5299 540 5359 divinam
556 5307 725 5375 prescriptis
749 5313 777 5362 et
793 5309 942 5379 impressis
960 5327 1018 5382 prae
1073 5315 1240 5379 recitentur,
1270 5312 1506 5385 subrogahuutur
1521 5311 1687 5368 testimonia
1700 5309 1900 5382 chronologiae

195 5387 306 5444 ceteris
316 5385 479 5458 adhibetur)
491 5398 636 5460 exquarto
645 5392 753 5450 christi
767 5396 873 5454 seculo
884 5400 919 5455 ad
932 5400 1017 5457 linem
1072 5402 1191 5459 collecta
1206 5416 1239 5458 ex
1252 5402 1322 5458 aliis
1335 5402 1479 5473 cntalogis
1491 5401 1711 5472 antiquioribus
1725 5404 1755 5456 et
1767 5400 1901 5471 castiga--

85 5574 88 5579 Ι
195 5474 300 5531 decimi
314 5475 423 5547 quinti.
1069 5491 1207 5562 tioribus,
1219 5493 1377 5562 praesertim
1390 5505 1423 5546 ex
1436 5492 1496 5547 illis
1509 5505 1582 5562 quos
1593 5490 1698 5560 Pagius
1714 5487 1858 5558 produxit
1867 5501 1902 5544 ex
