3892 6136
146 274 201 335 845

568 275 613 330 hb
633 273 850 332 hielsiastitti
870 272 1126 332 raetitcoiiiena
1147 276 1237 332 abii.
1257 274 1473 332 ΗΘΜ-7047441.

1807 274 1857 339 846

144 409 247 465 aiones
256 413 333 464 recta
343 408 503 479 oppugnari
516 407 774 463 consideranstne
784 404 1012 464 ordinationi-A
1033 406 1082 474 qui
1105 405 1219 462 duobus
1240 405 1388 463 mensibus
1402 420 1435 462 00
1455 406 1559 462 diebus
1580 420 1680 461 norem
1696 406 1741 462 eis
1755 407 1857 463 40004-

144 478 199 536 600
221 480 387 549 0004444000
411 481 613 545 4400000000,
636 479 758 546 exempli
783 492 859 548 ergo,
885 477 972 532 Blan-

142 550 280 607 chiniana
293 551 426 606 doctrina
442 550 519 618 Pagii
537 550 668 618 opinioni
684 550 852 604 adversatur
865 567 873 618 3
888 561 972 603 000-

164 635 198 678 00
224 622 271 676 640
294 622 442 677 ordinatos
471 633 521 675 seu
550 627 732 675 consecratos
755 621 867 675 eosdem
888 619 972 674 docet

141 636 245 748 440600
260 692 421 749 Dominicis
440 699 491 746 004
506 690 730 746 solemnioribus
745 689 837 752 lestis,
852 696 922 760 quot
939 694 971 746 ut

142 765 263 827 0040004,
281 763 363 819 400440
379 776 435 817 000
452 761 537 817 semel
554 762 657 817 diebus
671 767 801 817 accenset
816 776 878 831 quse
893 760 969 830 apud

142 838 309 889 0040040400
325 847 380 889 000
402 839 493 901 00004,
511 836 543 888 004
561 832 596 887 de
615 831 686 887 40040
706 834 834 888 000004000
850 833 971 887 Sancto-

142 919 205 961 rum
228 912 256 960 et
277 904 416 959 Catbedra
439 904 563 959 lioinana
587 904 615 958 in
632 903 710 959 notis
733 903 856 959 ostendi.
882 904 970 958 Blan-

141 976 246 1031 chinus
268 981 367 1031 contra
392 990 447 1032 000
469 975 551 1030 modo
575 975 716 1029 44000000
739 975 899 1042 0004444000,
920 972 968 1030 sed

142 1047 220 1117 ipsos
246 1047 398 1116 episcopos
423 1045 554 1101 ordinari
584 1045 768 1100 consuevisse
792 1046 880 1101 tradit
907 1051 970 1115 0004

140 1131 235 1188 00000
250 1117 384 1173 Ecclesiae
400 1117 538 1172 redditam
552 1115 656 1171 diebus
671 1122 780 1171 tantum
796 1115 966 1186 Dominicis,

138 1190 215 1260 quod
238 1188 339 1245 multis
360 1188 452 1244 astrui
476 1193 570 1256 posset
593 1186 732 1256 exemplis
754 1187 966 1256 episcoporum,

139 1260 297 1330 presertim
317 1259 427 1330 hngliae
441 1258 475 1313 ad
496 1257 665 1313 catholicam
685 1257 767 1313 iidem
785 1271 883 1313 recens
895 1271 968 1314 con-

138 1328 301 1400 00000001,
317 1335 351 1385 ut
364 1330 457 1385 dicam
474 1327 587 1393 melius,
605 1342 733 1384 reversae.
749 1329 820 1383 Hinc
834 1328 966 1400 estquod

140 1403 169 1458 40
196 1407 281 1457 40040
310 1415 384 1471 0000
415 1399 591 1455 eruditionis
622 1400 809 1455 baronianam
835 1400 966 1455 criticam

137 1472 295 1543 aliquando
310 1472 439 1527 iniectus
459 1471 568 1538 ridear,
583 1484 648 1526 cum
669 1483 764 1526 revera
784 1471 847 1539 ejus
862 1476 967 1526 aucto-

137 1558 197 1600 rem
218 1543 448 1599 eruditissimum
464 1554 575 1611 semper
596 1555 700 1612 sequar
719 1555 886 1612 semperque
902 1554 966 1596 00-

137 1616 183 1688 gis
196 1615 332 1670 admirer.

172 1684 217 1742 76.
231 1687 369 1742 caeterum
383 1690 471 1756 quota
484 1687 649 1754 quantaque
664 1698 735 1740 usus
750 1682 854 1740 inerim
871 1682 964 1739 liber-

1030 490 1098 532 0000
1113 491 1127 532 a
1142 478 1312 547 Theophane
1336 477 1497 533 stabilitum
1516 475 1553 534 75
1574 479 1670 533 llartii
1696 492 1749 547 pro
1774 478 1857 533 inau-

1029 549 1180 618 guratione
1195 549 1297 604 Leonis
1313 550 1536 619 progrediuntur
1550 567 1558 614 ς
1572 550 1648 619 quod
1666 556 1725 604 tam
1743 549 1857 606 baronii

1027 632 1111 686 quani
1128 620 1206 690 Pagii
1225 620 1390 688 opinionem
1408 621 1518 675 evertit.
1538 620 1679 676 Praeterea
1692 626 1817 689 certum,
1829 626 1857 676 ut

1026 689 1163 750 vidimus.
1187 691 1363 760 lirineipium
1378 691 1523 745 niiasiasii
1538 690 1575 745 ab
1595 692 1677 746 00440
1697 693 1766 746 4400
1782 696 1856 747 00040

1025 760 1196 831 copronymi
1212 762 1303 816 distat
1317 763 1402 816 annis
1421 759 1457 816 di
1471 761 1619 817 mensibus
1633 759 1662 828 3,
1681 761 1789 818 diebus
1805 758 1851 817 44·

1028 844 1091 885 000
1112 832 1229 887 totidem
1248 838 1406 909 excurrunt
1421 845 1437 887 a
1450 833 1497 887 ilie
1511 830 1527 887 3
1541 832 1624 887 lunii
1642 845 1692 888 an.
1706 828 1763 888 743
1776 834 1811 889 ad
1824 805 1853 889 44

1024 900 1200 970 Septembris
1218 899 1282 969 775,
1303 917 1368 958 000
1390 916 1452 959 0000
1476 910 1619 958 0004000
1643 903 1850 974 copronymum

1026 980 1103 1027 00040
1125 978 1244 1029 0000404.
1270 974 1321 1029 Sed
1347 974 1432 1029 Leoni
1455 974 1626 1029 tribuuntur
1647 988 1663 1029 a
1685 975 1850 1046 Theophane

1024 1056 1050 1097 a.
1066 1040 1112 1101 at.
1129 1060 1165 1098 in.
1180 1042 1207 1114 7,
1224 1046 1252 1100 d.
1267 1043 1312 1112 ab,
1329 1051 1356 1099 et
1368 1046 1546 1114 4400000000
1560 1057 1587 1098 0.
1600 1042 1646 1109 ai,
1665 1058 1703 1099 ni.
1720 1042 1750 1109 2,
1765 1048 1795 1102 d.
1808 1044 1846 1115 36,

1024 1115 1073 1183 qui
1089 1115 1119 1169 in
1133 1129 1271 1171 0000000
1285 1115 1383 1171 0044044
1396 1116 1465 1170 dant
1482 1129 1572 1172 annos
1589 1116 1702 1172 solidos
1716 1114 1764 1185 59,
1775 1122 1846 1173 00040-

1023 1198 1068 1239 000
1080 1183 1108 1253 5,
1121 1187 1185 1241 dies
1201 1184 1246 1249 74,
1263 1187 1309 1241 640
1322 1193 1417 1242 00400
1439 1186 1463 1240 04
1480 1186 1622 1242 addantur
1638 1187 1774 1258 praedicti
1785 1190 1843 1245 0004

1022 1251 1048 1309 4.
1066 1255 1212 1313 anastasii
1228 1263 1257 1313 04
1270 1256 1435 1319 Theodosii,
1452 1270 1564 1313 summa
1583 1257 1740 1329 colligitur
1761 1272 1842 1315 annn-

1023 1341 1085 1382 rum
1102 1325 1148 1397 63,
1163 1342 1197 1382 0.
1215 1326 1241 1397 5,
1255 1328 1284 1383 d.
1300 1326 1346 1384 74.
1363 1342 1426 1398 qua·
1438 1340 1513 1384 anno
1529 1341 1597 1394 uno,
1612 1329 1732 1386 duobus
1745 1331 1841 1387 mensi-

1022 1396 1076 1453 bus
1095 1411 1127 1453 ac
1148 1399 1252 1455 diebus
1281 1399 1413 1455 undecim
1442 1399 1567 1466 0004400
1590 1400 1646 1455 0044
1668 1414 1757 1470 quain
1783 1402 1838 1457 44000

1022 1470 1181 1538 prescripti
1206 1470 1331 1539 principi
1347 1469 1493 1525 hnasmsii
1513 1476 1600 1540 atque
1622 1472 1723 1527 exitus
1744 1472 1837 1543 copro-

1021 1540 1098 1609 nymi
1116 1541 1330 1609 patiemurne
1349 1540 1407 1595 hac
1423 1540 1534 1595 accedit
1549 1541 1624 1610 quod
1644 1556 1834 1600 000000000-

1020 1609 1279 1676 horontiano,
1301 1613 1329 1666 d.
1346 1609 1392 1678 74,
1416 1611 1492 1666 40400
1512 1613 1632 1667 Leonem
1653 1619 1683 1668 et
1703 1613 1832 1685 coprony-

1019 1694 1095 1736 mum
1112 1682 1341 1746 diridendorum,
1360 1683 1450 1738 minui
1476 1696 1532 1737 000
1546 1688 1651 1751 004004,
1666 1684 1726 1742 0404
1747 1698 1788 1741 00
1817 1698 1829 1741 0

37 1776 44 1785 ·
136 1760 195 1813 4040
209 1758 347 1813 adversus
359 1757 487 1828 Pagium,
505 1755 614 1811 nullam
630 1755 746 1825 quidem
757 1755 792 1810 ob
807 1768 865 1810 rein
880 1760 1001 1821 000-Β
1018 1765 1083 1806 000
1093 1753 1275 1822 Theophanis
1289 1753 1484 1821 chronologiae
1495 1754 1683 1824 detrimento,
1697 1756 1770 1827 quod
1796 1758 1828 1811 eri

135 1829 227 1900 pellor
245 1829 356 1884 000400
379 1835 482 1897 petere,
507 1831 692 1896 preterquam
711 1826 747 1882 ob
768 1827 960 1895 conjecturam
1016 1835 1071 1877 non
1083 1822 1166 1879 debet
1174 1824 1362 1879 recentiorum
1372 1823 1505 1893 arbitrio,
1520 1824 1576 1880 nisi
1590 1828 1746 1883 vetustatis
1756 1832 1830 1883 aucto

135 1913 221 1971 quam
242 1900 330 1956 trium
347 1900 561 1968 imperatorum,
581 1897 739 1959 anastasii,
758 1897 910 1952 Theodosii
926 1910 959 1951 ac
1015 1893 1087 1948 ritas
1108 1899 1242 1964 suppetat
1263 1893 1428 1963 Theophani
1455 1894 1642 1964 praeterendo.
1664 1897 1829 1978 Theophanes

135 1971 238 2027 Leonis
252 1970 371 2026 isaurici
394 1968 608 2039 chronologiam
628 1973 754 2023 statuere
772 1982 861 2022 ausus
882 1980 957 2038 sum,
1011 1964 1818 2034 reioiitigaipiineipiuniLeoniseunrannohiexaudriio

133 2042 298 2110 conjectura
312 2041 393 2112 Pagii
406 2042 591 2106 aduersante3
610 2051 673 2093 nam
688 2039 749 2107 ipse
762 2038 848 2093 etiam
864 2038 959 2093 histo-
1012 2031 1075 2099 ina,
1102 2034 1185 2090 00640
1205 2033 1268 2102 746,
1294 2043 1471 2107 mortemque
1493 2037 1669 2107 copronymi
1693 2054 1756 2096 cum
1777 2034 1823 2095 iit·

136 2114 208 2167 riam
223 2116 363 2168 vetustate
377 2110 505 2167 obtutam
521 2110 702 2178 conjiciendo
719 2108 821 2164 maluit
836 2110 956 2176 tradere,
1015 2106 1098 2161 nohis
1108 2102 1171 2175 775,
1184 2108 1234 2177 qui
1248 2108 1305 2163 duo
1318 2109 1433 2162 termini
1447 2108 1569 2164 invicem
1579 2108 1695 2165 distant
1706 2108 1822 2167 0004065

136 2196 221 2254 quani
243 2196 307 2238 cum
327 2182 498 2251 Theophane
516 2193 658 2236 enarrare.
680 2182 778 2250 ltaque
797 2186 830 2234 ut
847 2180 959 2251 digesta
1015 2190 1125 2232 menses
1140 2184 1234 2233 autem
1260 2184 1477 2234 numerantura
1497 2176 1533 2234 75
1555 2180 1653 2235 6400444
1675 2181 1711 2237 06
1736 2180 1767 2237 44
1784 2182 1823 2236 Se

136 2268 185 2323 per
197 2266 289 2308 annos
310 2251 426 2308 facilius
448 2251 657 2321 intelligantur,
683 2252 868 2320 promendum
890 2264 961 2306 cen-
1016 2249 1163 2318 ptembris.
1179 2251 1234 2305 Nec
1250 2255 1375 2304 remanet
1387 2248 1556 2321 coniugium
1571 2250 1606 2305 ad
1626 2264 1749 2309 mensem
1763 2254 1821 2307 liar·

134 2339 183 2381 seo
208 2323 282 2393 quod
309 2323 418 2392 conjeci
447 2325 584 2378 ailiersus
608 2322 736 2393 l'agium.
763 2322 958 2377 Animadverti
1015 2320 1088 2374 tiuiii
1101 2315 1164 2385 ito,
1179 2321 1376 2384 Alexandrini,
1392 2320 1559 2390 Dionysiani
1573 2317 1639 2389 747,
1659 2336 1724 2379 000
1736 2322 1820 2379 centies

134 2408 197 2451 esse
229 2402 338 2450 certum
365 2394 509 2448 anastasii
540 2393 714 2461 principium
746 2393 821 2461 apud
850 2406 957 2448 omnes.
1016 2391 1246 2461 0000444004υο
1261 2393 1335 2461 quod
1351 2391 1536 2460 Theophanes
1550 2405 1617 2447 cuni
1640 2394 1722 2450 040444
1736 2406 1817 2450 00000

135 2466 238 2521 Leonis
250 2479 315 2521 vero
330 2466 469 2519 incertum
488 2482 496 2532 3
514 2477 577 2517 nam
595 2464 777 2525 recentiores,
801 2470 959 2531 temporum
1016 2474 1111 2515 00000
1132 2461 1290 2531 Septembri
1308 2468 1441 2517 numerat
1462 2461 1661 2533 »augustorum
1679 2478 1771 2535 annos,
1784 2472 1819 2519 ti-

134 2537 281 2607 00000οῑ440
307 2535 459 2604 compulsi,
487 2548 503 2589 a
530 2535 651 2589 baronio
676 2535 839 2602 discrepant
866 2534 960 2603 spatio
1016 2532 1097 2586 meisi
1118 2533 1310 2602 aliquotante
1327 2547 1436 2588 menses
1453 2534 1602 2603 iiicoeptos.

134 2620 240 2669 annuo,
253 2607 287 2662 ad
299 2620 417 2671 annum,
428 2601 491 2671 747,
503 2605 620 2663 initium
632 2605 734 2660 Leonis
744 2602 917 2667 dilierentes,
931 2605 959 2659 iii
1050 2600 1095 2657 78.
1112 2604 1174 2658 llaec
1188 2617 1253 2659 cuni
1270 2605 1310 2659 ita
1322 2605 1391 2669 sint,
1405 2604 1623 2674 chronologiam
1638 2605 1729 2677 igitur
1742 2619 1816 2663 noran

133 2691 255 2748 quorum
280 2676 450 2731 sententiam
471 2676 586 2730 ivissem
611 2674 742 2744 pedibus,
765 2675 823 2729 nisi
839 2675 960 2744 epistola
1016 2680 1129 2743 0000404
1147 2674 1289 2743 stabilire,
1312 2682 1439 2743 spectata
1454 2688 1547 2731 rerum
1571 2677 1658 2733 serie.
1681 2680 1756 2734 04000
1771 2674 1816 2737 iii.

133 2750 161 2803 S.
178 2747 309 2819 Gregorii
327 2748 352 2801 ll
366 2751 467 2801 testata
484 2746 555 2801 mihi
577 2754 661 2810 esset,
681 2746 800 2799 Leonem
821 2745 961 2814 imperare
1014 2746 1184 2801 Anastasius
1198 2747 1366 2801 instructam
1378 2745 1496 2801 classem
1508 2748 1601 2802 mittit
1611 2749 1817 2806 adversussari·

133 2819 254 2888 00004000
275 2818 335 2873 ind.
359 2829 418 2884 iiiii,
441 2831 502 2886 quae
524 2829 629 2871 annum
654 2812 845 2871 4044004746.
868 2816 961 2885 Quare
1015 2828 1099 2871 renos
1121 2816 1232 2881 (Antist.
1252 2817 1344 2879 aiot;
1369 2817 1496 2900 Theoph„
1520 2818 1651 2946 64400042.
1675 2819 1725 2877 Sui
1744 2824 1814 2876 auten

134 2889 267 2945 alterutri
290 2888 421 2957 opinioni
444 2887 578 2942 standuna
602 2886 673 2940 mihi
694 2900 755 2941 esse
778 2893 892 2954 putans,
909 2900 960 2942 nec
1016 2886 1124 2941 milites
1151 2887 1300 2954 rebellant,
1327 2888 1459 2943 emedio
1485 2888 1592 2945 itinere
1643 2891 1776 2957 ellectum,
1792 2902 1815 2944 ae

133 2968 226 3016 40000
248 2973 264 3013 0
284 2958 466 3027 Theophanis
490 2957 661 3011 auctoritate
683 2957 879 3023 recedendum,
906 2958 960 3013 tir·
1014 2956 1173 3014 Theodosio
1190 2959 1345 3014 acclamato
1360 2960 1541 3026 imperatore,
1559 2960 1711 3019 obsessum
1730 2960 1814 3031 cpolin

134 3031 208 3086 mavi
222 3044 288 3086 cuni
299 3029 420 3085 Baronio
432 3027 608 3097 principium
622 3028 724 3083 Leonis
736 3041 810 3082 0000
824 3028 959 3097 praedicto
1015 3028 1135 3083 redeunt
1147 3030 1244 3084 eodem
1255 3029 1337 3085 duce.
1349 3031 1432 3087 Hisce
1441 3031 1552 3086 auditis
1561 3031 1741 3100 Anastasius,
1752 3030 1815 3087 rebus

136 3098 192 3157 746
211 3119 220 3170 3
244 3106 273 3155 et
297 3100 432 3170 quoniam
458 3098 629 3168 copronymi
658 3102 740 3153 acite
767 3098 802 3153 ab
832 3101 958 3168 ejusdem
987 3137 998 3163 ,
1016 3113 1066 3167 pro
1079 3100 1217 3168 temporis
1231 3101 1366 3171 angustia
1381 3101 1545 3171 dispositis,
1560 3103 1687 3159 Nicaeam
1699 3102 1813 3229 0004οἕ44,

132 3173 214 3228 exitu
231 3170 325 3226 metiri
343 3175 473 3239 oportere
488 3175 569 3223 ratus
592 3182 666 3235 suin,
683 3176 740 3223 tam
757 3170 859 3226 Leonis
873 3183 959 3240 quam
974 3144 999 3200 (³
1016 3169 1160 3239 46400000
1177 3173 1280 3227 munit.
1294 3173 1412 3227 interim
1425 3172 1523 3242 ceolis
1536 3180 1703 3231 semestrem
1715 3174 1768 3232 obsi
1787 3174 1814 3227 io·

130 3243 301 3313 copronymi
324 3240 482 3311 primordia
506 3238 675 3295 retrahenda
690 3239 752 3295 diiii
774 3240 803 3294 in
829 3243 905 3296 00440
924 3241 958 3297 06
1015 3254 1076 3295 0000
1093 3243 1359 3309 00000,Τ60060040
1371 3242 1501 3313 sededit,
1513 3245 1563 3326 qui
1578 3245 1682 3303 ineam
1695 3246 1815 3317 ingressis

131 3315 302 3385 Gregorium
317 3314 350 3367 ll.
365 3314 401 3365 At
417 3319 512 3380 postea
527 3312 711 3366 0000400400
723 3311 912 3377 considerata,
927 3325 960 3367 ac
1014 3318 1178 3368 coronatur.
1201 3313 1305 3368 deinde
1319 3313 1503 3369 anastasium
1521 3327 1550 3369 in
1571 3316 1703 3373 ordinem
1724 3315 1813 3383 religit,

133 3384 301 3455 0004444000
322 3382 429 3438 44440040
450 3395 499 3452 000
516 3380 607 3436 04400
627 3381 811 3451 examinatis,
833 3383 958 3452 comperi
1016 3383 1225 3439 mensellartio
1239 3382 1490 3453 inconsuetis,
1511 3390 1544 3440 04
1559 3384 1815 3458 esupradictiscol-

134 3453 546 3527 quaeritasseagiiiapeum,
560 3451 960 3535 nonleviorilapsualiosum
1017 3454 1128 3524 ligitur.
1151 3455 1221 3510 Tum
1247 3456 1384 3520 temporis
1410 3457 1474 3523 Leo,
1522 3464 1609 3514 raetor
1631 3458 1761 3525 Orientis,
1776 3454 1812 3526 qui

132 3524 959 3596 implicitus.dumremoviprincipiumcopronyiiii,quod
1015 3471 1811 3601 hiiastasiipartesproviribustuessaturmegebatilmerii

132 3612 197 3654 moi
212 3595 320 3667 patebit
333 3596 471 3650 removeri
486 3608 540 3649 non
556 3608 647 3663 posse.
661 3595 760 3649 Trium
776 3609 841 3650 iero
857 3595 961 3651 lauda·
1017 3596 1046 3649 in
1072 3596 1142 3652 urbe
1171 3598 1297 3668 Pbrygiae
1323 3598 1474 3654 Salutaris.
1501 3600 1563 3655 lluc
1592 3602 1721 3670 pervenit
1738 3599 1810 3655 eodem

136 3672 231 3723 torum
246 3667 390 3721 Caesarum
408 3672 505 3719 etates
519 3678 573 3721 non
595 3665 714 3719 invicem
729 3666 859 3737 disiungi
875 3672 903 3721 at
917 3668 962 3721 si-
1017 3678 1092 3719 0000
1107 3663 1169 3736 747,
1185 3669 1299 3737 calipha
1314 3669 1520 3725 Saracenorum
1534 3671 1687 3740 soliman,
1700 3671 1811 3742 quitari

129 3738 188 3793 mul
203 3752 237 3795 00
249 3737 342 3791 000044
355 3734 457 3789 debere
469 3734 609 3797 intellexi,
624 3749 656 3789 ac
671 3737 789 3803 proinde
806 3737 964 3792 06000040-
1018 3738 1140 3793 04000604
1151 3742 1318 3808 exercituin,
1333 3741 1435 3795 Umaro
1450 3741 1569 3796 classem
1586 3740 1811 3809 0600000060-

137 3809 213 3877 giam
236 3804 417 3874 Theophanis
431 3803 579 3858 retinendo
596 3804 635 3857 ita
649 3805 780 3875 singulas
796 3807 965 3862 intertextas
1019 3807 1081 3871 lim,
1096 3823 1152 3878 quo
1165 3811 1297 3866 Saraceni
1310 3824 1389 3866 00000
1406 3810 1576 3867 inferebant.
1597 3813 1810 3870 continuatio-

129 3877 270 3934 0064600,
287 3874 524 3941 uthnastasium,
539 3881 567 3928 et
580 3873 771 3947 Theodosium
787 3883 873 3946 atque
887 3878 963 3932 bunc
1018 3879 1081 3933 0004
1112 3881 1269 3936 acclamant
1306 3883 1506 3951 imperatorem
1538 3884 1660 3940 Leonem
1686 3890 1809 3952 corumque

135 3954 164 4002 et
175 3951 298 4005 Leonem
312 3942 400 3998 simul
413 3945 631 3999 administrasse
644 3944 795 4013 imperium
811 3948 902 4016 00400
917 3947 963 4003 40-
1018 3950 1136 4007 0004600
1151 3954 1334 4007 concinentes
1351 3954 1458 4010 milites
1479 3956 1613 4023 praetoris
1628 3956 1705 4011 intra
1723 3952 1808 4010 00040.

135 4019 208 4074 0400
228 4029 375 4086 ;·namque
396 4029 458 4070 esse
479 4016 666 4070 acclamatum
691 4017 880 4072 Theodosium
908 4033 961 4075 su·
1017 4019 1290 4089 imperatoremeum
1303 4023 1471 4079 acclamant.
1492 4025 1613 4082 Tentata
1634 4040 1699 4084 mox
1713 4021 1809 4096 nequid·

130 4086 774 4225 0000000000000νθηιθ
1016 4094 1479 4221 0000000000
1492 4109 1541 4222 tt
1562 4097 1809 4224 0000000.

640 4192 678 4210 i·
1139 4181 1160 4218 ss
1213 4182 1217 4195 ⁸
1283 4186 1296 4216 4(
1528 4182 1537 4221 l
1628 4184 1645 4223 a

162 4227 213 4287 ai.
229 4226 375 4283 Artemius
390 4226 490 4296 igitur,
507 4224 669 4296 Philippico
683 4227 711 4281 iii
725 4228 855 4285 ordinem
875 4232 960 4288 reda·
1014 4245 1114 4303 capere
1125 4234 1209 4303 illud,
1223 4243 1250 4291 et
1260 4207 1443 4306 'exspectandi
1456 4181 1632 4309 clgssepnq,·et
1644 4240 1687 4296 sic
1699 4252 1726 4295 00
1735 4236 1808 4293 40400

131 4306 187 4371 040,
210 4300 259 4371 qui
274 4310 381 4354 annum
399 4310 487 4352 uuum
501 4301 528 4352 04
542 4309 590 4351 sei
602 4311 716 4382 'menses
732 4312 847 4371 regnum
862 4317 961 4375 gesse-
1013 4304 1202 4362 descendendi
1216 4313 1301 4377 atque
1313 4308 1457 4364 hiemandi
1468 4309 1587 4377 (Auctor
1599 4310 1724 4379 Miscet),
1737 4326 1749 4357 i
1760 4316 1808 4362 eiii

130 4379 186 4443 rat,
205 4377 237 4428 ut
254 4376 329 4425 recte
344 4368 450 4450 Paulus
464 4366 642 4424 Wariieiridi
657 4371 715 4437 (66.
734 4385 772 4439 vi,
789 4389 811 4427 0.
829 4372 882 4441 3-4,
897 4390 958 4432 eie-
1015 4378 1090 4430 iuter
1103 4383 1131 4432 et
1148 4381 1264 4435 Leonem
1279 4380 1413 4435 00000044
1429 4399 1435 4433 :
1451 4380 1591 4437 hlusalma
1606 4382 1637 4437 40
1652 4382 1742 4437 tisiam
1758 4378 1808 4432 hie-

131 4445 175 4514 pit
200 4443 340 4512 imperare
363 4455 422 4509 ipso
445 4439 642 4521 8.]’00040000400
663 4441 791 4505 subbato,
814 4448 956 4500 iiiidecinio
1013 4453 1118 4502 matum
1132 4448 1211 4516 0644;
1226 4452 1277 4506 Leo
1291 4464 1366 4518 vero,
1383 4451 1483 4507 ridens
1496 4449 1605 4508 liberas
1615 4452 1749 4509 44000000
1756 4459 1808 4520 pio-

127 4517 278 4570 indictione
299 4513 371 4566 circo
395 4526 544 4581 vesperum,
566 4516 609 4566 004
626 4513 831 4583 agathonica.
857 4531 885 4570 iii
902 4531 954 4573 sua
972 4517 1133 4581 Di'incias,
1147 4522 1341 4577 Nicomediam
1358 4524 1440 4592 petit,
1457 4521 1610 4593 liliumque
1624 4520 1765 4579 Theodosii
1778 4512 1806 4571 ibi
1852 4536 1857 4577 ;

130 4585 310 4656 peroratione
332 4582 387 4653 (00.
414 4581 563 4667 combelis.
587 4583 670 4665 04004.
692 4585 762 4638 44464.
788 4587 852 4650 rit,
877 4590 952 4656 apud
1010 4589 1156 4657 degentem
1177 4606 1242 4647 cum
1268 4594 1345 4663 regio
1369 4594 1447 4648 omni
1472 4600 1613 4662 apparatu
1638 4606 1728 4651 000000
1744 4587 1807 4646 dicit
1851 4582 1857 4649 ζ

127 4658 194 4730 Pag.
217 4671 283 4710 aaa.
304 4650 353 4708 744
372 4657 397 4707 04
410 4648 483 4722 ite),
506 4655 533 4706 id
556 4656 600 4707 est
620 4652 796 4710 die3tuiiii
818 4670 864 4712 an.
889 4657 953 4724 743,
1008 4660 1432 4732 coolim3quareTbeodosius
1464 4665 1592 4722 00004440
1611 4664 1707 4721 606440
1720 4656 1805 4717 caric
1855 4666 1857 4670 “

130 4727 338 4798 imperavitque
352 4736 443 4779 annos
457 4723 540 4789 duos,
564 4737 674 4806 menses
691 4738 801 4794 00000,
822 4735 855 4783 04
870 4729 955 4786 60604
1008 4730 1147 4787 Germano
1162 4740 1190 4788 et
1205 4734 1382 4802 proceribus,
1404 4706 1547 4805 relinquit
1560 4736 1711 4806 imperium
1728 4731 1804 4793 40046
1852 4728 1857 4739 “

127 4798 323 4881 Theophanes,
351 4794 519 4850 emendatus
549 4807 564 4849 a
588 4796 672 4864 Pugio
693 4796 750 4864 (iiii.
772 4795 835 4880 744,
864 4815 892 4855 n.
914 4801 949 4873 3),
1010 4801 1070 4870 ipse
1084 4816 1148 4857 eum
1168 4804 1228 4859 illio
1244 4803 1317 4860 liunt
1338 4806 1481 4862 monachi.
1504 4806 1570 4863 llaec
1589 4805 1663 4864 iacta
1679 4816 1745 4861 0000
1756 4796 1804 4863 iii,
1847 4852 1857 4869 ,.

126 4875 156 4952 et
171 4870 286 4951 quidem
303 4872 377 4922 recte
390 4883 402 4953 ·,
414 4877 477 4920 000
493 4869 771 4951 praeterquamquod
785 4870 869 4926 Liber
886 4874 953 4927 Pon·
1006 4885 1041 4927 eii
1053 4887 1116 4927 iiioii
1128 4875 1258 4930 dicendis
1270 4877 1458 4945 planumerit.
1466 4876 1551 4933 lirino
1561 4880 1690 4949 sequenti
1698 4869 1752 4937 tii,
1761 4871 1804 4926 lle

125 4940 246 4996 tidcalis
256 4940 414 5018 testatore.
423 4938 592 5007 Gregorium
604 4938 636 5005 ll,
647 4953 697 5007 qm
709 4940 952 5001 ordinabaturdie
1006 4943 1106 5013 salma,
1116 4945 1177 5015 qui,
1191 4946 1319 5002 hiemans
1331 4949 1361 5002 iii
1371 4948 1478 5017 Asiam,
1492 4946 1612 5005 illusum
1625 4948 1680 5005 sibi
1690 4954 1803 5003 essesen·

127 5010 162 5066 49
178 5011 246 5066 64044
262 5007 325 5075 745,
343 5007 434 5063 luisse
453 5008 631 5090 temporibus
650 5010 794 5064 iiiiostusi'i
805 5012 856 5081 (ita
873 5016 950 5070 enirn
1005 5015 1177 5085 sitaLeoiie,
1189 5029 1267 5071 0000
1280 5018 1384 5073 440000
1394 5028 1485 5075 moret
1496 5019 1525 5074 in
1536 5019 1802 5137 Thraciamdatiffint
1846 5008 1857 5023 “

127 5086 171 5137 004
186 5080 348 5151 0000440400
365 5080 522 5160 Artemius,
544 5079 810 5160 quandocoronam
831 5087 950 5156 accepit)
1005 5086 1039 5140 ad
1050 5086 1228 5141 Sulimaiium
1242 5088 1364 5158 epistola
1374 5102 1439 5146 eum
1451 5091 1576 5147 accersit
1585 5103 1651 5147 cum
1661 5090 1758 5146 classe:
1784 5082 1802 5136 ii

129 5152 272 5232 Theodosii
283 5155 308 5203 et
323 5152 426 5230 Leonis,
442 5152 535 5204 eiistat
553 5163 582 5204 00
602 5149 782 5232 editionibus
800 5153 949 5211 concilio·
1004 5158 1105 5236 quinta
1114 5156 1569 5231 decimahugusticoepilobsidio
1577 5155 1802 5223 ittacciebustpe
1841 5156 1857 5163 ''

126 5235 190 5278 rum
201 5220 360 5291 capitulare
372 5222 500 5300 00000400
514 5219 646 5302 Gregorii
664 5222 870 5303 4400044040οο
885 5228 950 5296 epi·
1004 5224 1052 5293 lis,
1069 5239 1122 5295 qua
1136 5226 1217 5283 beata
1232 5231 1316 5302 virgo
1333 5231 1432 5287 urbem
1448 5230 1585 5289 liberarit
1596 5232 1635 5302 (T
1696 5228 1799 5295 lctdd

125 5307 211 5361 scopo
230 5297 258 5347 et
276 5290 399 5359 Georgia
419 5290 589 5373 presbytero·
603 5304 632 5345 00
653 5292 810 5360 liayoariam
832 5297 951 5362 0004404-
1002 5298 1102 5367 illisa).
1114 5297 1673 5373 calendisveroSeptembribusipseSul
1687 5306 1800 5367 0000044·
1839 5296 1842 5307 ’

123 5362 281 5430 scentibus,
302 5360 477 5416 ‹lutumldio
494 5362 588 5415 ntor-tii
603 5377 675 5416 00000
693 5365 792 5418 Aoust.
813 5363 840 5434 3,
853 5371 949 5434 00044-
1003 5372 1168 5425 stoestcum
1181 5370 1323 5441 classe3at
1334 5374 1502 5443 paulopost,
1514 5364 1798 5430 diescilicet80ctob·
1838 5362 1841 5371 '

122 5439 219 5517 000400
231 5429 483 5511 (postconsulatus)
494 5430 521 5485 3.
539 5432 617 5487 Unde
631 5432 722 5503 liquet
733 5438 878 5491 anastasii
893 5438 948 5493 ab·
1004 5441 1274 5510 moritursulinian,
1286 5444 1429 5515 daturque
1438 5444 1465 5499 ei
1476 5458 1628 5501 successor
1638 5446 1668 5500 iii
1678 5437 1799 5523 caliphas
1838 5440 1853 5449 ’

124 5506 308 5570 dicationem,
331 5508 397 5557 anic
411 5501 478 5583 'dies
496 5503 591 5554 decem
613 5501 726 5573 iactam,
748 5507 840 5562 4400000
852 5508 947 5564 adhuc
1001 5514 1122 5566 cinarus
1136 5524 1210 5567 0000
1226 5515 1350 5569 secundo
1367 5515 1482 5585 imperii
1497 5516 1615 5582 Leonis,
1629 5528 1692 5571 aerae
1710 5513 1797 5577 440000·
1837 5558 1857 5571 .

125 5575 264 5653 ignorari.
280 5573 542 5657 Theodosiusvero
555 5571 700 5654 hiiastasii
716 5590 873 5644 successor,
888 5579 947 5634 iiii-
1000 5579 1089 5635 sianae
1104 5578 1166 5650 747,
1184 5590 1215 5638 04
1228 5583 1413 5653 Theophanes
1426 5589 1455 5640 04
1471 5583 1653 5654 Elaiakinns,
1666 5584 1743 5653 culus
1758 5591 1799 5633 04·
1835 5580 1857 5597 '‘

128 5649 304 5721 pererrem
322 5645 418 5698 eodem
441 5640 619 5709 Theophane,
639 5650 721 5710 yuiita
740 5646 849 5704 laudati
865 5650 944 5721 Pagii
999 5652 1132 5705 ctoritate
1147 5653 1240 5708 utitur
1255 5655 1359 5725 Pagius
1385 5656 1434 5727 qui
1449 5655 1607 5713 Baroniuni
1621 5668 1655 5712 00
1674 5655 1798 5710 04400004
1835 5658 1838 5663 ·

123 5712 360 5777 emandationem,
383 5726 490 5768 anuum
513 5725 613 5782 unum,
636 5724 836 5797 mensesires,
858 5720 897 5775 440
912 5728 945 5777 04
998 5721 1092 5789 000440
1105 5722 1312 5792 discrepantem
1324 5698 1411 5796 (Pa'g,
1426 5741 1474 5780 eii.
1487 5722 1552 5793 747,
1566 5739 1597 5782 0.
1611 5720 1624 5780 4
1640 5670 1720 5793 fite,
1733 5736 1758 5777 ii.
1771 5714 1797 5787 44-

113 5781 941 5864 uterqueilugustusannoseiipleierintomninoquatuor,
997 5790 1201 5862 insuperanno
1212 5794 1315 5853 Leonis
1327 5796 1413 5853 tertio
1428 5797 1562 5855 nascitur
1574 5797 1603 5855 04
1618 5794 1699 5855 filius
1708 5794 1798 5865 corbi
1818 5788 1857 5859 ‚e
