3892 6136
364 369 410 424 bn
428 366 698 424 PnAEEltntltNtln
716 367 759 422 ET
777 365 1014 424 tumultuans
1032 367 1060 422 S.
1078 367 1184 423 suuis.
1573 369 1627 431 919

90 494 222 551 eumdem
251 494 357 558 locum,
392 494 484 565 quoad
518 490 877 562 ecclesiasticumAlapis
903 500 998 552 autem
1025 493 1075 563 qui
1105 497 1285 562 percusserat
1312 498 1435 550 statuam
1464 494 1557 553 lactus
1583 508 1627 556 est

88 567 182 622 Petrus
199 566 324 622 contulit
342 580 376 622 cx
397 566 495 620 allatis
517 566 601 636 paulo
616 573 681 620 ante
697 576 746 619 ra-
802 577 883 620 mous
898 578 1029 636 magnus,
1040 573 1069 620 et
1082 562 1212 634 implevit
1225 565 1386 620 universam
1403 571 1515 622 terram.

88 639 215 693 Praeterea
228 637 332 708 legavit
341 636 415 692 alios
424 650 459 691 ex
470 636 627 707 discipulis
641 636 705 692 suis
715 635 746 689 in

91 708 199 766 identis
225 709 396 777 provincias,
413 712 446 763 ut
468 707 637 776 metropoles
663 706 704 762 ibi
718 712 748 760 et
1086 708 1275 778 anniculus
1295 709 1341 766 lll.

88 779 746 907 11111111(1111111111111
946 817 1628 958 ab„

88 934 180 993 squas
196 922 296 977 Petrus
311 922 430 991 ejusque
445 934 626 977 successores
641 918 749 975 lunda-

837 996 1051 1053 Successiouem
1073 997 1264 1054 Romanorum
1287 998 1453 1069 pontilicum
1474 1001 1555 1060 nullo
1570 1018 1629 1060 un-

88 1063 175 1123 rdluit
197 1061 369 1135 praeluitque
391 1062 517 1121 concilio
543 1061 749 1133 Hierosolymis
803 1081 888 1139 quam
914 1074 1039 1137 tempore
1062 1068 1251 1139 interruptam
1272 1083 1322 1139 pro
1343 1070 1629 1132 firmissimosanctae

88 1151 114 1208 (1
129 1148 162 1192 ac
176 1142 240 1207 post
255 1149 351 1192 rerum
366 1150 430 1206 quae
444 1134 629 1206 agitabantur
639 1134 749 1190 discus
803 1138 884 1194 Sedis
905 1139 1090 1195 auctoritatis
1103 1146 1273 1212 argumento
1287 1143 1379 1197 sancti
1405 1143 1501 1200 Patres
1515 1144 1628 1203 hahue-

88 1221 217 1278 tsurgcns
231 1206 281 1277 (b),
298 1220 328 1262 se
342 1207 385 1264 ait
404 1219 420 1262 a
443 1206 499 1263 Deo
520 1205 642 1262 electum
658 1203 749 1262 luisse
804 1214 882 1266 runt.
899 1210 991 1279 liujus
1005 1210 1047 1266 rei
1062 1215 1149 1266 testes
1163 1210 1271 1268 videsis
1280 1212 1490 1270 tertullianum
1505 1215 1546 1285 li),
1558 1231 1629 1274 san-

88 1279 121 1348 is,
137 1284 171 1334 ut
189 1277 225 1333 ab
241 1278 336 1348 ipsius
350 1291 399 1334 ore
420 1277 555 1334 audirent
570 1281 669 1350 gentes
683 1289 750 1332 ver·
804 1287 866 1337 ctos
884 1283 1021 1338 lrcnaeum
1037 1285 1066 1338 et
1088 1281 1272 1354 cyprianum,
1293 1282 1432 1355 aliosque.
1455 1287 1483 1341 S.
1506 1290 1629 1346 lrenaeus

88 1349 168 1423 gelli,
184 1362 342 1419 eorumque
356 1348 645 1431 definitionemque
660 1360 749 1417 opor·
805 1353 956 1422 pontidces
969 1365 1069 1409 omues
1083 1354 1261 1410 numerando
1278 1363 1433 1425 percenset,
1451 1357 1501 1428 qui
1521 1359 1555 1414 ad
1576 1374 1628 1417 sua

87 1422 107 1478 i.
122 1422 222 1477 Postea
244 1421 415 1475 senteutiam
440 1425 644 1489 pronuntians,
661 1418 750 1490 legem
806 1437 897 1495 usque
919 1430 1046 1495 tempora
1069 1424 1267 1495 gubernarunt
1288 1426 1462 1498 Ecclesiam
1488 1429 1629 1487 Eusebius

88 1492 164 1549 nime
177 1492 365 1547 necessarium
379 1504 440 1547 esse
456 1491 487 1546 iu
501 1490 629 1546 Ecclesia
642 1489 750 1546 dedni-
801 1495 990 1552 Caesariensis
1003 1496 1038 1551 ad
1058 1509 1139 1551 suam
1164 1503 1274 1551 aetatem
1298 1498 1411 1554 cosdem
1436 1512 1516 1568 perse
1537 1500 1628 1570 uitur,

88 1576 133 1620 nes
154 1576 190 1620 ue
210 1563 304 1618 salvos
318 1562 380 1619 lieri
395 1576 445 1633 per
463 1562 546 1618 lldem
575 1565 604 1644 ct
628 1560 750 1642 gratiam
804 1565 840 1622 ad
861 1565 979 1621 initium
1000 1565 1113 1623 seilicet
1132 1567 1228 1638 quarti
1248 1567 1358 1632 saeculi,
1381 1569 1447 1625 liter
1470 1516 1629 1629 ue‘horum

88 1577 220 1718 ‚tiqlunc
234 1633 329 1689 omnis
345 1634 501 1716 multitudo
512 1637 617 1717 tacuit,
630 1637 662 1689 ul
675 1632 752 1687 Sert-
803 1636 922 1693 silentio
939 1637 1078 1706 preteriit
1097 1638 1195 1693 divum
1215 1637 1335 1704 Cletum,
1358 1641 1429 1710 quin
1445 1585 1588 1699 gusehius
1602 1649 1631 1700 et

88 1711 159 1774 atur,
183 1706 271 1760 idest
291 1705 520 1761 secundundum
537 1704 612 1760 Petrr
632 1707 751 1784 senten7
805 1711 935 1764 sanctum
946 1707 1109 1764 Marcellum
1122 1708 1231 1764 omisit.
1243 1708 1403 1778 Scriptores
1412 1710 1464 1766 alii
1474 1714 1630 1785 quamplu-

88 1776 249 1846 camplius
275 1782 318 1831 est
341 1790 430 1831 ausus
453 1775 623 1844 disceptare.
649 1774 748 1844 Aliqui
806 1793 851 1836 res
867 1778 929 1849 hoc,
956 1778 1007 1850 qui
1029 1779 1171 1849 sequitur,
1197 1780 1299 1835 ordine
1321 1789 1505 1838 censuerunt.
1528 1783 1630 1842 Beatus

91 1862 108 1905 o
134 1845 311 1918 primoribus
333 1851 483 1903 veritatem
509 1845 658 1902 verborum
687 1852 915 1918 quaessPetrus,
945 1849 992 1906 SS.
1026 1849 1125 1916 binus
1156 1849 1263 1919 Cletus,
1295 1850 1434 1921 Clemens,
1462 1854 1627 1924 anacletus,

94 1918 213 1989 proptio
227 1931 275 1973 ore
291 1918 387 1974 11811ῑί
406 1923 485 1982 sunt,
507 1930 540 1972 ³⁰
562 1916 751 1988 (tumidum-
805 1922 963 1991 Encaustus,
985 1919 1156 1990 Alexander,
1183 1922 1301 1992 Xystus,
1323 1922 1544 1992 Thelesphorus,
1567 1927 1629 1999 lgi-

88 1994 140 2047 ‚uta
171 1988 291 2045 concilii
322 1989 547 2059 disponerentur
576 1987 750 2058 pronuntia·
806 2006 871 2058 nus,
897 1992 974 2059 Pius,
998 1992 1145 2064 anicetus,
1171 1991 1282 2062 Sothen
1310 1992 1504 2062 Eleutherius,
1521 1996 1627 2066 Victor,

804 2063 986 2132 zephirinus,
1002 2062 1153 2131 callixtus,
1169 2062 1310 2130 Urbanus,
1334 2065 1499 2123 Pontianus.
1516 2066 1628 2123 Anthe-

95 2147 159 2204 qnae
174 2132 226 2188 bac
244 2132 274 2188 iu
288 2131 396 2201 synodo
416 2130 525 2187 sancita
547 2129 675 2198 luerunt,
692 2135 750 2187 um
806 2149 866 2203 rus,
886 2132 1039 2202 Fabianus,
1054 2133 1215 2199 cornelius,
1240 2137 1357 2204 Lucius,
1378 2136 1550 2206 Stephanus,
1565 2140 1629 2210 Xy-

88 2206 112 2261 ).
125 2203 231 2261 Paulus
246 2204 422 2259 adamussim
436 2210 596 2273 servarunt,
618 2201 751 2273 quando-
805 2214 867 2261 stus
882 2206 915 2273 11,
931 2205 1098 2275 Dionysius,
1113 2205 1202 2271 Felix,
1217 2207 1421 2277 Eutychianus,
1436 2208 1534 2277 Caius,
1550 2211 1627 2265 lilar-

88 2291 94 2331 t
109 2275 247 2332 nonnulis
263 2281 331 2331 sunl
346 2275 391 2331 vsi
405 2272 547 2345 legalibus
559 2272 749 2338 caetemollliS.
804 2276 939 2342 collinus,
957 2274 1119 2346 Marcellus,
1136 2276 1286 2342 Eusebius,
1304 2277 1486 2334 Melchiades.

101 2346 212 2417 aliquid
224 2345 409 2417 indulgendo,
431 2343 576 2401 efficacius
590 2345 624 2400 ad
640 2343 750 2399 Christi
841 2349 879 2402 De
890 2347 994 2417 primis
1003 2348 1119 2418 quidem
1131 2346 1317 2417 pontificibus
1327 2349 1479 2404 admodum
1493 2363 1582 2419 pauca
1592 2352 1627 2409 ad

88 2452 90 2469 .
116 2423 321 2474 converterent.
355 2416 457 2471 Omnia
475 2417 581 2486 Moysis
612 2419 751 2486 praccepta
807 2422 1084 2488 nospervenerunt3
1100 2418 1244 2489 siquidem
1261 2419 1404 2476 idolorum
1420 2420 1545 2477 cultores
1562 2436 1629 2489 per-

88 2488 214 2560 rbroqarc
244 2501 299 2543 non
331 2485 509 2557 expediebat.
536 2501 628 2559 neque
659 2486 750 2541 iudei
806 2496 957 2560 sequentes
972 2488 1125 2545 Ecclesiam
1147 2488 1282 2560 pleraque
1301 2497 1483 2546 monumenta
1502 2498 1628 2549 veterum

87 2560 172 2616 mersi
190 2558 360 2629 prohibendi
373 2566 455 2614 erant
470 2560 585 2627 penitus
596 2571 629 2614 ea
646 2557 728 2627 sequi
742 2574 749 2611 :
805 2561 840 2616 de
853 2561 892 2616 iis
903 2560 1050 2632 loquentia
1063 2562 1243 2629 eripuerunt
1255 2560 1466 2631 Quamplurlmi
1479 2561 1515 2618 ab
1524 2562 1563 2619 iis
1572 2563 1630 2635 epi-

88 2644 130 2702 ipe
150 2637 212 2687 erat
229 2630 375 2686 declarare
394 2630 506 2700 eosqui
529 2645 545 2687 e
584 2628 700 2685 entibus
715 2627 749 2682 ad
805 2631 1127 2704 scopicreatidicuutur
1137 2630 1228 2687 luisse
1236 2630 1301 2703 (qua
1314 2632 1383 2687 inre
1394 2632 1629 2690 nulladubitatio

89 2715 135 2758 em
147 2699 395 2769 convertebantur,
410 2701 551 2770 ejusmodi
565 2645 682 2772 feqibus
693 2711 751 2782 uon
805 2716 868 2760 esse
880 2700 994 2774 potest),
1006 2706 1039 2758 ut
1049 2700 1163 2758 scilicet
1175 2702 1313 2759 Ecclesiis
1324 2707 1477 2773 preessent
1487 2718 1551 2775 quae
1563 2718 1630 2775 pon-

96 2773 203 2830 sensim
217 2771 428 2828 obsolescerent
449 2779 478 2828 et
491 2772 640 2842 Synanoga
652 2767 752 2826 ielrcr-
806 2773 1092 2831 tillcumeorumdem
1105 2774 1278 2830 auctoritate
1293 2773 1323 2828 in
1339 2774 1536 2844 patriarchatu
1550 2775 1631 2832 Occi-

88 2843 408 2914 yueretur.Cumautem
420 2842 525 2899 Paulus
535 2844 649 2899 Petrum
660 2854 752 2912 reprc-
805 2843 1110 2909 dentisexcitabantur
1118 2843 1145 2914 (1
1157 2844 1392 2901 .Sanctus1.iuus
1404 2845 1538 2914 praesules
1547 2847 1631 2918 quin·

88 2921 218 2971 servatos
238 2915 351 2984 aliquot
374 2913 474 2968 horum
499 2914 622 2982 rituum,
642 2913 752 2968 idcireo
806 2918 900 2973 decim
915 2915 1143 2971 ordinavisse
1157 2923 1220 2971 etus
1235 2915 1364 2986 quinque
1377 2920 1404 2970 et
1414 2915 1519 2986 viginti
1533 2917 1629 2974 Eomae

88 2987 95 3043 l
124 2985 182 3041 luit
204 2985 273 3056 quia
300 2984 442 3054 principis
466 2984 661 3055 apostolorum
686 2995 753 3054 erga
808 2985 1631 3057 presbyterosconstituit3quorumpostcanumerumau-

88 3055 236 3128 dulgentia
248 3056 452 3111 detrimentum
466 3056 600 3137 gentibus
613 3053 754 3110 interebat
808 3060 852 3113 xit
864 3058 1013 3113 Evaristus
1024 3056 1196 3128 eosdemque
1206 3057 1282 3111 inter
1294 3060 1322 3111 ct
1333 3064 1439 3124 septem
1451 3070 1508 3114 ase
1519 3064 1630 3116 creatos

90 3141 117 3185 m
141 3126 234 3184 adhuc
247 3126 356 3182 novitia
370 3127 572 3194 dispositione,
588 3140 654 3183 cum
668 3137 755 3181 occa·
808 3128 946 3184 diaconos
959 3125 1063 3183 divisit
1078 3141 1092 3181 s
1113 3140 1209 3188 naxos,
1226 3140 1289 3198 qua
1304 3127 1384 3184 tituli
1401 3127 1578 3185 vocabantur
1591 3129 1629 3196 111.

88 3198 192 3256 andali
217 3199 284 3254 inde
309 3197 491 3254 desumerent
510 3198 585 3254 unde
607 3195 794 3267 apostolusc
811 3201 842 3254 1).
858 3199 986 3254 Clemens
997 3142 1148 3267 epistolam
1163 3197 1465 3267 scripsltcorintlriis,
1481 3212 1566 3269 quam
1582 3201 1631 3256 Pa-

89 3283 115 3326 m
126 3270 164 3326 iri
177 3282 232 3326 uon
245 3266 471 3338 suspicabatur(
481 3268 505 3339 ).
810 3278 868 3326 tres
878 3268 1090 3325 validissimum
1101 3269 1285 3324 auctoritatis
1295 3266 1429 3323 Ecclesiae
1438 3266 1570 3325 llomanae
1580 3282 1632 3325 ar-

88 3342 121 3399 lo
144 3341 244 3396 Petrus
268 3341 383 3395 ltomam
408 3340 493 3403 redit,
517 3345 577 3396 tum
602 3343 636 3396 ut
654 3352 756 3396 susce-
811 3347 977 3415 gumentum
990 3339 1166 3406 iudicarent,
1181 3344 1214 3394 ut
1233 3351 1328 3407 pacem
1347 3345 1433 3409 atque
1448 3340 1630 3397 concordiam

88 3412 247 3483 spericiat,
258 3417 318 3466 tum
330 3417 363 3467 ut
374 3411 756 3482 proprioconglutinetsan-
812 3411 995 3469 interlideles
1011 3416 1151 3477 tueretur,
1169 3409 1350 3480 drmaretque
1364 3410 1392 3463 in
1405 3408 1461 3469 lide
1478 3416 1630 3478 nutantcs3

88 3484 186 3548 sedem
201 3483 287 3552 cujus
307 3483 489 3538 t'undamcnta
512 3487 656 3551 posuerat.
674 3480 754 3550 Quod
809 3485 935 3552 denique
946 3488 977 3537 ut
987 3481 1151 3538 enuntiaret
1162 3479 1310 3549 palamque
1321 3478 1632 3551 laceretquacapostoli

88 3555 277 3613 -Athanasrus
298 3552 334 3607 ab
349 3551 477 3622 apostolo
492 3553 535 3622 (d)
547 3560 670 3622 coeptum
690 3564 755 3607 cum
811 3553 1048 3611 tradideruntlie
1061 3552 1193 3622 reliquis,
1206 3549 1488 3620 qnaedivoClementi
1501 3552 1633 3610 tribuun-

88 3625 285 3692 osoluturnque
305 3630 436 3680 testatur.
449 3623 501 3678 llic
513 3637 545 3679 su
552 3637 673 3693 premam
688 3636 755 3692 per·
812 3632 870 3695 tur,
885 3623 1023 3694 operibus
1036 3623 1111 3678 nihil
1125 3619 1252 3688 affertur,
1273 3634 1394 3692 namque
1413 3623 1600 3692 supposititia
1615 3637 1633 3679 a

88 3696 218 3767 pistolam
229 3696 366 3765 deditque
375 3697 409 3750 ad
421 3695 637 3750 omnesChristl
648 3694 754 3757 fideles,
814 3695 965 3753 nonnullis
988 3693 1140 3749 hahentur.
1162 3692 1322 3748 Alexander
1335 3699 1362 3748 et
1384 3693 1491 3762 Xystus
1505 3695 1633 3766 liturgiae

88 3773 253 3825 ttamentum
282 3770 386 3837 suique
418 3766 605 3821 novissimum
645 3764 756 3833 paterni
812 3762 1637 3836 nonnihiladdiderunt,itemqueTelesphorus,quip'eju·

88 3847 279 3896 :onumentum
300 3850 366 3909 erga
388 3849 486 3892 omnes
504 3837 611 3904 lideles,
634 3848 757 3906 quorum
813 3834 1163 3908 niumquadragesimale.
1173 3835 1232 3904 jam
1243 3834 1400 3891 traditione
1411 3845 1562 3906 servatum,
1576 3836 1635 3893 lata

88 3920 176 3967 ·erat
199 3910 246 3979 (e).
276 3909 325 3965 Per
348 3908 474 3965 eamdem
496 3911 592 3963 monet
615 3906 758 3977 quomodo
813 3908 873 3982 lege
886 3907 983 3964 sanmt
995 3906 1051 3979 (m).
1064 3907 1194 3976 hyginus
1208 3905 1245 3960 ab
1262 3905 1389 3961 Ecclesia
1401 3906 1513 3975 expulit
1527 3906 1636 3963 Cerdo-

88 3996 149 4039 rum
162 3979 427 4050 interpretationem
444 3984 574 4048 oporteat
591 3977 673 4046 deri3
696 3977 757 4032 divi
813 3993 876 4036 uem
891 3978 1067 4046 haereticum,
1089 3977 1238 4049 eidemque
1259 3977 1422 4042 interdixit,
1442 3979 1511 4059 quia
1523 3979 1637 4035 scilicet

88 4053 177 4111 stolas
191 4051 372 4107 commendat
384 4063 490 4121 easque
509 4048 658 4106 intellectu
679 4045 759 4104 dilli-
812 4066 877 4107 curn
893 4063 962 4107 suos
975 4049 1024 4106 ille
1034 4061 1146 4104 errores
1159 4049 1189 4102 in
1201 4047 1359 4117 provinciis
1374 4048 1566 4116 predicasset,
1576 4063 1637 4106 eos·

88 4122 171 4181 laclle
188 4123 218 4179 in
241 4135 343 4192 pravos
360 4134 444 4190 posse
464 4134 567 4177 sensus
591 4120 699 4176 tnllecti
723 4118 759 4174 ab
813 4123 875 4178 dem
897 4126 994 4190 postea
1013 4120 1044 4175 in
1065 4118 1135 4176 urbe
1150 4119 1238 4174 Roma
1263 4117 1468 4174 dissimulabat
1492 4117 1540 4191 (n),
1563 4133 1636 4192 quos

88 4194 243 4264 atcturls).
266 4192 431 4249 Praeclaram
444 4192 480 4248 de
500 4191 615 4248 homine
629 4189 757 4246 omnium
813 4188 1516 4260 demumdetectusabjiciendispeeicmpraebens,
1528 4192 1638 4248 interea

88 4265 322 4324 rudulentissimo
351 4264 467 4320 Simone
499 4264 580 4334 blaqo
608 4262 758 4318 victoriam
814 4262 978 4320 clanculum
992 4259 1180 4333 profitebatur
1190 4259 1319 4316 assidue.
1333 4260 1401 4316 Pius
1413 4261 1558 4319 decretum
1569 4262 1638 4319 lecit

88 4336 153 4395 ulto
168 4345 262 4393 autem
279 4335 488 4406 praeclariorem
512 4334 547 4390 de
572 4335 685 4399 satana,
708 4331 759 4401 qul
814 4336 850 4391 do
871 4335 1009 4390 Paschate
1032 4331 1202 4390 celebrando
1216 4332 1265 4387 die
1286 4332 1435 4388 dominico
1455 4331 1499 4403 (o).
1515 4333 1627 4390 anicet

107 4409 236 4482 gentium
252 4408 376 4463 dominae
396 4405 639 4462 immanissimum
657 4405 760 4474 jugum
817 4405 904 4474 hujus
924 4417 1089 4461 successore
1114 4403 1257 4475 pontifice,
1275 4402 1456 4472 Polycarpus,
1471 4405 1618 4460 sanctitati

87 4494 144 4537 rum
160 4480 284 4535 dedecus
300 4480 476 4548 imposuerat
494 4478 544 4545 (p).
815 4481 843 4532 et
854 4476 994 4531 doctrinae
1009 4475 1093 4531 laude
1112 4474 1241 4529 omnium
1254 4471 1331 4528 Asiae
1348 4472 1501 4541 praesulum
1522 4487 1623 4531 coevo

101 4550 173 4608 urbe
191 4551 257 4606 lesu
277 4549 386 4604 Christi
411 4549 537 4604 vicarius
555 4549 653 4604 eodem
676 4545 760 4616 plane
773 4582 800 4643 D
815 4560 880 4603 rum
895 4545 981 4602 facilc
998 4543 1266 4616 praestantissimus,
1284 4555 1407 4624 namque
1425 4543 1589 4612 discipulus
1603 4546 1636 4600 b.

88 4635 173 4679 orum
185 4620 356 4690 compendia
363 4619 532 4683 cumulavit,
548 4633 604 4689 quo
613 4615 759 4687 lerosoly-
814 4619 933 4674 loannis
945 4616 1049 4685 iuerat,
1062 4616 1177 4671 Romam
1188 4626 1218 4669 se
1227 4613 1364 4679 contulit,
1378 4614 1413 4669 de
1427 4612 1555 4671 rebusad
1570 4616 1637 4671 dis-

102 4693 242 4758 salrator,
269 4690 428 4747 crucifixus
455 4690 572 4761 perinde
598 4696 685 4758 atque
709 4688 759 4743 ille
815 4690 955 4759 ciplinam
968 4684 1166 4758 spectantibus
1184 4683 1346 4753 pontiiicem
1362 4684 1559 4741 consulturus.
1574 4686 1636 4757 Qua

88 4776 126 4820 ern
143 4764 175 4819 in
190 4768 284 4819 monte
299 4763 349 4831 (la).
368 4762 415 4818 Sic
430 4776 486 4817 una
501 4774 566 4817 cum
581 4761 679 4816 eodem
693 4758 758 4815 Sal·
815 4761 851 4817 de
865 4773 896 4815 re
912 4761 964 4816 hoc
979 4759 1115 4814 intereos
1128 4754 1262 4813 convenit
1277 4759 1356 4836 utne
1370 4754 1437 4825 quis
1452 4753 1487 4810 ab
1502 4769 1556 4812 usu
1569 4758 1636 4813 dis-

88 4834 182 4891 rnlelis
202 4833 382 4904 prophetiam
401 4833 534 4902 explevit.
557 4832 663 4888 aientis
683 4829 758 4898 quod
816 4831 938 4887 cederet.
951 4830 979 4885 S.
994 4827 1152 4897 Dionysius
1172 4824 1389 4882 Corinthiorum
1416 4825 1570 4896 episcopus
1588 4829 1637 4885 So·

88 4906 136 4977 qui
149 4904 281 4962 tantulus
294 4904 444 4960 videbatur
457 4903 634 4970 hominibus,
645 4900 761 4957 abscis-
816 4903 870 4958 teri
887 4906 1008 4957 testatur
1020 4901 1162 4955 Romanos
1175 4894 1324 4967 pontillces
1339 4895 1368 4951 in
1384 4896 1511 4953 Ecclesia
1525 4912 1637 4969 semper

88 4984 140 5033 »nte
154 4977 218 5032 sine
229 4975 363 5032 manibus
379 4976 521 5045 percussit
537 4980 662 5031 statuam
679 4972 759 5028 iliam
815 4987 877 5030 esse
893 4971 1154 5041 habitostanquam
1169 4980 1334 5050 communes
1348 4967 1477 5024 omnium
1495 4978 1636 5039 parerrtes,

92 5053 180 5119 atque
202 5060 348 5118 proceram
370 5046 404 5101 ad
431 5049 538 5102 montis
563 5046 674 5102 radices
694 5056 760 5100 erc-
816 5058 871 5100 non
895 5042 979 5099 modo
1001 5042 1096 5113 quoad
1118 5040 1206 5123 vitam
1222 5045 1355 5108 spurtus,
1378 5038 1528 5096 sedetiam
1543 5043 1637 5112 quoad

88 5119 190 5190 adegit
206 5119 290 5190 quasi
306 5119 336 5173 in
352 5116 480 5173 favillam
495 5117 600 5174 aestiyae
619 5129 691 5172 areae
706 5113 759 5185 (i);
816 5115 914 5172 saculi
926 5113 974 5187 (p),
992 5125 1115 5182 namque
1134 5126 1157 5167 n
1172 5122 1319 5180 uunquam
1340 5122 1395 5166 nou
1415 5112 1638 5181 suppeditarunt

88 5312 123 5356 tc.
134 5299 156 5368 l,
169 5301 205 5356 ad
218 5301 332 5359 Decent.
492 5344 495 5349 .
852 5295 884 5386 ly]
901 5292 1024 5352 Tertull.
1042 5291 1078 5349 de
1091 5290 1252 5361 Praescript.
1269 5308 1277 5360 3
1292 5289 1320 5344 S.
1336 5288 1410 5346 lren.
1427 5287 1479 5347 lib.
1496 5304 1528 5349 111
1543 5297 1572 5350 et
1587 5307 1632 5351 n:

99 5366 182 5512 rw
196 5377 225 5499 ἓξ
237 5387 300 5514 ἓξὲξ.
817 5369 846 5426 s·
854 5358 1547 5509 (111111θῖοῇιέεειιῗῃιῗοιηωῧξωξεῗιιῐιυῖῗιῗὲιὲ(
1558 5436 1639 5495 aliis.

88 5514 176 5569 dhan.
188 5514 310 5583 llpoloq.
329 5515 365 5572 de
379 5515 456 5583 Fuga
469 5525 530 5568 sua.
855 5509 884 5581 (t)
902 5509 929 5564 S.
946 5510 1020 5565 iren.
1037 5506 1056 5562 l.
1074 5518 1106 5561 nr
1120 5505 1185 5562 adv.
1203 5505 1316 5576 haeres,
1341 5517 1366 5559 c.
1386 5503 1413 5560 3.
1435 5506 1539 5564 Euseb.
1558 5508 1577 5565 1.
1596 5524 1641 5582 ru,

88 5583 319 5693 }“·¹2²⁰.⁸²2⁴·
820 5581 906 5642 illst..
919 5595 944 5636 c.
963 5576 1007 5633 lu.
1041 5648 1046 5660 ¹
1081 5648 1176 5706 ebron

88 5661 198 5799 turguslt'.
211 5656 404 5803 concussum
417 5732 530 5799 Donat,
544 5739 608 5796 cap.
620 5722 665 5782 23.
855 5652 900 5797 87²3)
912 5653 993 5777 1533?
994 5650 1021 5776 b
1039 5662 1069 5775 (Ἦ
1083 5734 1108 5776 c.
1123 5718 1163 5782 1..
1178 5689 1185 5703 ’
1233 5793 1239 5804 ι

88 5797 325 5890 1111189119.
858 5793 892 5937 ἕο)
911 5791 1013 5878 Euseb.
1028 5793 1132 5847 chron.
1149 5792 1190 5847 ld.
1206 5791 1280 5849 llrst.
1295 5789 1324 5862 5,
1336 5786 1386 5861 El,

97 5868 178 5947 indi
196 5872 278 5928 etde.
868 5865 897 5936 p)
916 5864 945 5921 ld
961 5862 1033 5920 rbrd.
1050 5860 1150 5934 (1111.
