3892 6136
432 330 477 386 bu
496 324 764 387 causamentum
782 331 825 386 ul
842 329 1082 387 auctomento
1102 332 1128 387 S.
1155 331 1263 388 SEDIS.

1649 330 1702 390 ost

104 451 231 521 pontifex
251 459 293 508 tot
314 454 459 524 tantisque
488 455 582 511 turbis
608 456 820 526 compescendis
835 459 862 516 Α
877 456 1362 526 vartosltaltaPresnles,duaqne
1375 455 1409 511 ad
1422 455 1547 525 privatos
1558 457 1700 515 homines.

94 524 202 580 enicem
218 525 359 594 synodum
373 526 538 596 intelligens
550 541 623 596 opus
635 526 705 595 fore,
731 526 821 582 Hono-

94 596 288 663 lmperatoram
304 597 535 652 adscribendum
553 598 670 653 induxit
696 598 823 666 impera-

95 666 192 721 rcadio
212 664 305 733 fratri,
335 673 366 722 ut
391 681 486 722 secum
513 669 688 738 impenderet
711 682 821 724 omnem

94 751 111 791 n
128 737 158 791 in
174 751 203 791 re
219 752 282 806 qum
308 738 343 792 ad
361 744 516 806 utrumque
531 739 687 808 spectabat.
704 741 822 810 Legatos

94 806 211 863 situum
227 807 343 875 litteris,
359 811 407 879 qm
425 823 441 862 a
464 810 616 879 Theophili
643 810 766 866 factione
792 813 822 866 in

94 879 243 949 caggressi
260 880 462 949 alquerejecli,
478 887 613 936 vartamet
629 882 739 938 irritam
752 881 824 952 lega·

94 963 105 1004 ι
119 947 257 1005 fecerunt.
277 951 352 1005 luter
366 951 423 1005 haec
433 951 464 1004 D.
479 952 708 1035 chrysostomus,
723 953 821 1009 exsilii

94 1020 213 1076 flatibus
235 1035 399 1088 oppressus
423 1024 568 1079 occubuit.
593 1023 682 1093 Quam
701 1037 758 1079 rem
774 1024 825 1078 ln-

94 1090 149 1146 iius
163 1092 319 1159 accipiens
340 1099 452 1147 aeterna
468 1100 524 1149 tam
540 1097 631 1151 salicti
647 1095 701 1151 riri
715 1108 824 1150 memo-

94 1158 208 1217 sroluit
218 1163 416 1232 aequissimum
426 1164 516 1233 reddi,
533 1167 607 1235 quod
619 1168 722 1221 nerino
732 1165 823 1220 eidem

94 1246 144 1288 ‚luc
165 1234 316 1300 superstiti
334 1235 500 1290 redderetur
526 1239 668 1307 augustiae
687 1236 824 1305 temporis

94 1302 203 1371 ut.in
219 1317 282 1357 eum
299 1303 414 1359 fuerant
438 1306 580 1372 insectati,
594 1322 609 1361 a
623 1307 825 1362 commuuione

94 1373 209 1443 trejecit
220 1373 257 1443 (ι)
277 1389 432 1444 omnesque
442 1377 523 1431 venia
541 1378 677 1447 indignos
691 1377 823 1432 declara-

94 1444 213 1515 quedum
241 1447 330 1499 sarrrti
355 1448 481 1514 episcopi
502 1462 602 1503 nomen
633 1447 771 1504 referrent
794 1449 823 1502 in

94 1516 277 1584 diptychus.
302 1517 381 1570 Citra
407 1519 478 1572 barne
507 1518 594 1590 legem
628 1519 822 1589 nequidquam

103 1585 824 1646 fueruntnonnullieorumads.sediscommuuio-

94 1657 180 1714 edire.
197 1660 294 1726 ltaque
307 1660 422 1714 nomine
443 1674 560 1728 prorsus
569 1668 686 1730 excepto
698 1661 824 1716 eamdem

877 529 907 581 ln
919 526 1054 582 decretali
1066 528 1100 583 ad
1116 526 1301 598 Eugubinum
1317 527 1482 595 episcopum
1498 528 1604 583 tradita
1629 542 1701 584 con-

877 597 971 652 cludit
983 600 1058 668 quod
1072 613 1137 654 cum
1152 598 1286 654 Ecclesiae
1298 611 1395 653 omnes
1406 598 1506 662 ltaliae,
1524 597 1634 667 Gallim,
1650 600 1702 654 lli-

878 670 994 736 spaniae,
1007 668 1110 725 narica
1123 675 1150 724 et
1165 670 1360 738 adjacentium
1376 668 1550 737 insularum,
1563 675 1623 723 tum
1638 682 1702 724 cou-

878 739 988 795 stitutae
1000 738 1120 810 fuerint,
1152 746 1213 795 tum
1228 741 1336 809 primos
1351 739 1514 808 acceperint
1538 739 1703 807 prmsulesa

878 812 1003 866 itomano
1017 812 1151 881 pontifice
1167 813 1283 880 perinde
1306 825 1419 881 ⁴equum
1435 816 1496 865 erat
1513 815 1546 865 ut
1557 809 1593 864 ab
1605 810 1701 865 eodem

877 881 1043 951 disciplinae
1060 882 1173 953 regulas
1185 883 1357 950 acciperem,
1375 881 1494 936 minime
1511 880 1597 936 rebus
1619 881 1702 937 noris

879 957 953 1009 citra
970 953 1064 1022 ipsius
1076 953 1276 1008 auctoritatem
1303 953 1461 1008 studentes.
1486 952 1639 1007 Genuinus
1655 951 1703 1007 bic

879 1037 981 1080 sensus
996 1024 1144 1079 habendus
1155 1023 1359 1079 estdecretalis
1373 1023 1504 1089 laudata,
1515 1035 1607 1092 neque
1618 1035 1704 1078 aures

878 1095 1123 1151 accommodandae
1138 1095 1255 1150 omniuo
1266 1100 1358 1150 sunto
1368 1092 1577 1149 recentioribus
1587 1093 1702 1149 cuidam

880 1180 930 1236 per
943 1165 1105 1222 ludibrium
1122 1179 1204 1221 sensa
1217 1167 1280 1233 ejus
1291 1165 1474 1234 exprimenti.

915 1239 984 1291 ltem
998 1236 1186 1306 patriarchali
1209 1249 1243 1290 ex
1266 1237 1437 1292 auctoritate
1459 1233 1647 1291 innocentius
1673 1233 1702 1289 in

878 1306 1043 1363 Occidentis
1062 1307 1187 1363 Ecclesia
1200 1305 1494 1377 (hilbessalonicensi
1516 1303 1704 1373 metropolitae

879 1378 985 1448 huysio
1005 1378 1164 1448 Apostolici
1194 1377 1296 1433 vicarii
1321 1377 1491 1448 dignitatem
1523 1378 1551 1431 in
1576 1375 1702 1446 Illyrico,

880 1463 964 1518 qnam
985 1448 1167 1518 superiorum
1191 1448 1278 1504 trium
1304 1449 1473 1517 pontificum
1500 1456 1625 1516 tempore
1645 1447 1702 1513 jam

881 1524 1016 1644 gesserat,
1028 1520 1219 1575 confirmarit.
1233 1520 1339 1589 huysio
1353 1527 1448 1588 postea
1463 1520 1577 1585 denato,
1592 1519 1620 1572 ln
1641 1517 1704 1573 llu-

894 1604 940 1645 um
954 1591 1017 1658 ejus
1028 1604 1222 1646 successorem
1241 1592 1331 1658 ipsam
1349 1590 1427 1645 illam
1441 1590 1566 1646 contulit
1580 1588 1703 1657 dignita·

881 1666 935 1715 tem
950 1661 1061 1730 3decem
1072 1661 1180 1732 lllyrici
1195 1661 1357 1729 provincias
1370 1661 1396 1716 ei
1407 1659 1580 1731 singillatim
1591 1659 1706 1714 deman·

94 1728 271 1797 rexplerunt.
881 1732 962 1798 dans,
978 1740 1079 1800 praeter
1094 1733 1237 1800 propriam
1261 1731 1338 1786 sedis
1357 1746 1416 1787 suae
1442 1745 1580 1800 suamque
1595 1731 1623 1784 in
1639 1742 1705 1785 eas-

95 1800 202 1854 Deinde
215 1801 400 1881 Innocentius
419 1802 504 1868 idem,
532 1807 667 1873 tanquam
691 1802 824 1859 Ecclesiae
840 1819 865 1878 B
880 1803 943 1858 dem
967 1804 1177 1871 auctoritatem,
1193 1801 1344 1872 delegavit,
1364 1807 1461 1871 utpote
1484 1801 1520 1856 ab
1548 1799 1706 1871 apostolica

99 1869 338 1938 Pelagianrsmum
358 1873 506 1927 damnavit
521 1873 567 1944 (b).
595 1874 756 1938 celestius,
772 1872 824 1928 Pe·
880 1872 1534 1941 sedenimiumdissitas.lutereapluresdedit
1546 1871 1705 1941 encyclicas

94 1940 298 2009 liscipulorum
311 1941 395 1998 facile
408 1945 550 2013 princeps,
564 1945 728 2015 vindexque
741 1958 825 1999 acer·
881 1945 995 2000 litteras
1014 1945 1049 2000 ad
1072 1957 1169 2000 earum
1193 1944 1392 2012 metropolitas
1417 1942 1644 2012 provinciarum,
1672 1948 1706 1998 ut

110 2011 198 2066 istius
215 2011 343 2081 liaresis,
355 2015 509 2069 damnatus
520 2016 577 2084 jam
593 2014 687 2072 fuerat
700 2017 730 2070 in
743 2014 825 2071 lllri-
881 2016 1010 2084 ipsorum
1020 2016 1127 2071 nemini
1138 2014 1483 2072 obscuraessetvoluntas
1494 2012 1641 2083 pontificis
1651 2013 1705 2069 bac

94 2083 208 2139 concilio
219 2084 263 2153 (cl,
276 2084 351 2139 unde
365 2087 530 2151 provocarit
553 2087 588 2142 ad
602 2087 629 2142 S.
644 2087 750 2143 sedem.
772 2087 826 2141 Pe·
882 2085 910 2141 in
926 2099 964 2141 re.

94 2167 176 2210 ¹vero
190 2155 344 2209 canonicas
362 2170 458 2223 patenas
473 2157 640 2224 declinarit,
658 2159 752 2227 speeie
763 2158 826 2227 qui·
917 2156 1053 2213 Pontidce
1067 2158 1177 2214 zosimo
1202 2157 1355 2214 haereticus
1366 2157 1518 2214 Coelestius
1530 2155 1706 2226 appellatio-

94 2239 155 2281 suos
178 2239 289 2281 errores
315 2225 462 2281 ‹liffrtendo
492 2228 521 2281 in
544 2228 825 2298 syuodoPalaestina.
883 2240 944 2282 nem
962 2229 1066 2285 imrum
1092 2230 1257 2295 meditatur,
1283 2242 1339 2299 qua
1365 2228 1401 2283 ab
1423 2227 1558 2283 Africano
1578 2226 1704 2282 concilio

94 2312 100 2351 ι
116 2310 180 2352 nero
196 2301 253 2350 tam
282 2297 433 2351 Caelestius
453 2298 488 2352 ab
515 2299 707 2368 appellatione
727 2300 826 2354 desci-
882 2298 988 2354 multos
1002 2305 1068 2354 ante
1080 2313 1170 2354 anrros
1183 2301 1216 2354 ad
1229 2299 1415 2369 apostolicam
1430 2300 1524 2354 sedem
1542 2309 1706 2367 provocare

106 2381 191 2436 quam
208 2367 348 2437 Pelagius,
365 2369 518 2434 cujusdoli
536 2371 565 2423 in
577 2371 706 2436 apricum
721 2371 824 2439 prolati
883 2376 926 2424 rat
940 2368 979 2440 (ι’).
994 2369 1182 2439 Quamobrem
1206 2373 1320 2426 ftomam
1342 2383 1372 2425 se
1391 2369 1511 2435 confert,
1540 2381 1644 2438 perque
1664 2367 1706 2422 li-

106 2437 220 2493 duobus
238 2438 268 2492 in
285 2437 388 2492 Africa
407 2439 526 2493 concilii
545 2447 662 2509 uterque
684 2455 748 2496 cum
768 2456 827 2508 per·
880 2439 1156 2510 bellumsupplicem
1172 2443 1342 2511 depreeatur
1355 2441 1517 2509 pontificem
1529 2454 1559 2494 se
1575 2444 1707 2495 utemen·

94 2509 212 2575 ¹‚issima
223 2522 305 2577 quam
322 2509 539 2579 profitebantur,
553 2511 684 2565 doctrina
697 2511 824 2567 damnati
880 2511 927 2565 det
942 2511 967 2566 si
984 2524 1067 2582 quem
1083 2513 1209 2568 insciens
1223 2514 1252 2568 in
1265 2524 1389 2567 errorem
1406 2511 1504 2580 lapsus
1514 2515 1599 2566 esset.
1611 2508 1707 2565 Ponti·

95 2578 122 2650 d)
158 2581 261 2634 llarum
288 2580 461 2649 synodorum
491 2582 585 2636 Patres
610 2581 644 2637 ad
663 2583 824 2650 ponttueem
881 2580 937 2648 fex,
961 2594 995 2636 eo
1021 2582 1139 2637 minime
1164 2583 1307 2647 absoluto,
1335 2595 1451 2638 causam
1476 2580 1575 2636 diflert
1595 2592 1706 2635 menses

94 2656 145 2715 int,
161 2650 260 2732 quide
276 2652 361 2705 rebus
375 2665 391 2705 a
415 2665 445 2706 se
456 2652 596 2718 judicatis
607 2653 733 2707 rationes
758 2653 826 2708 red·
880 2651 1005 2723 duosh'l.
1022 2653 1140 2708 lnlerim
1148 2652 1325 2710 lifrisedicit
1336 2659 1367 2709 ut
1379 2653 1492 2724 vigente
1504 2650 1706 2706 hacdilatione

94 2726 113 2789 t,
125 2721 328 2791 supplrresque
345 2729 472 2789 peterent
497 2729 528 2777 ut
544 2723 686 2792 quidquid
704 2724 759 2793 ipsi
775 2738 825 2793 pro
883 2723 998 2778 mittant
1016 2723 1132 2778 Romam
1146 2731 1337 2793 accusatores,
1354 2724 1405 2793 qui
1432 2723 1508 2789 fidei,
1538 2728 1570 2777 ut
1593 2734 1707 2777 assere-

94 2790 229 2863 tiguitate
241 2798 405 2858 sanxerant,
422 2793 588 2861 apostolicae
609 2796 687 2848 sedis
702 2796 826 2850 auetori—
881 2792 960 2863 bam,
976 2790 1112 2862 improbae
1128 2797 1222 2863 ipsum
1246 2795 1416 2850 insimulent
1430 2793 1473 2865 (lx).
1491 2793 1621 2864 Pelagius
1638 2793 1705 2847 item

94 2863 263 2918 >ndrmaret
291 2864 419 2933 Namque
436 2865 535 2919 isthaec
556 2865 647 2925 sedes,
675 2865 824 2935 inquiunt.
882 2863 938 2918 sibi
954 2865 1029 2933 apud
1044 2865 1071 2920 S.
1088 2867 1182 2921 sedem
1196 2871 1389 2935 prospexerat,
1403 2866 1461 2920 huc
1477 2864 1542 2920 fidei
1555 2861 1709 2934 professio·

94 2935 188 2988 ‚imum
202 2934 304 2988 sortita
321 2939 364 2988 est
381 2935 617 2990 mnnnsdocendi
631 2935 725 3003 alios3
742 2936 829 2991 valet·
883 2948 946 2989 uem
963 2935 1080 2990 mittens
1094 2944 1253 2992 contestata
1270 2937 1500 2999 denuntiatione,
1524 2941 1566 2991 ut.
1583 2934 1609 2989 si
1635 2932 1704 3004 quid

94 3006 255 3070 uctoritate,
269 3017 353 3073 qnam
380 3018 457 3059 sacra
476 3006 624 3074 Scriptura
649 3005 782 3074 pluribus
796 3009 825 3062 in
883 3006 1009 3072 ineptum
1024 3014 1202 3074 proponeret.
1219 3005 1462 3075 imprudentisibt
1474 3006 1619 3060 excidisse
1628 3003 1706 3072 judi·

94 3075 180 3131 eidem
196 3081 291 3143 aperte
302 3075 416 3138 tribuit,
439 3077 472 3131 ad
492 3084 599 3131 rectum
616 3078 758 3131 tramitem
781 3077 825 3133 de·
882 3081 1005 3145 caretur,
1023 3075 1139 3145 sibique
1150 3077 1269 3132 daretur
1282 3079 1376 3137 venia.
1390 3077 1464 3146 quod
1477 3077 1563 3132 enixe
1576 3073 1707 3145 precaba-

94 3148 224 3202 reducere
236 3146 330 3200 tutius
351 3159 382 3200 ac
398 3145 511 3211 melius,
538 3160 623 3216 quam
645 3146 696 3200 alii
715 3148 864 3222 possintc
882 3152 939 3199 tur.
955 3144 992 3200 ab
1003 3150 1096 3216 coqui
1112 3160 1168 3201 non
1179 3161 1263 3202 secus
1279 3146 1344 3202 fidei
1361 3147 1422 3203 divi
1439 3147 1515 3202 Petri
1527 3159 1559 3202 ac
1574 3147 1637 3215 ejus
1653 3157 1706 3200 ca-

94 3229 177 3287 mque
202 3216 326 3271 consilio
350 3216 468 3272 aliunde
495 3224 609 3285 sumpto
637 3215 679 3287 (e).
695 3217 826 3273 Pontifex
882 3215 989 3270 thedra
999 3223 1060 3271 erat
1070 3230 1229 3272 successor.
1243 3219 1297 3272 llac
1311 3216 1417 3286 Pelagii
1438 3218 1561 3284 sincera,
1574 3224 1606 3271 ut
1621 3214 1705 3269 vide-

94 3286 278 3343 obserrantim
293 3287 533 3368 significationem
553 3301 620 3357 erga
638 3295 764 3342 sanctam
786 3302 826 3344 se·
880 3285 975 3351 batur,
1004 3286 1216 3357 significatione
1241 3295 1366 3355 accepta,
1405 3285 1533 3355 pontifex
1560 3292 1589 3341 et
1610 3284 1705 3340 clerus

94 3357 242 3425 :ratnlatus
257 3357 389 3411 Patribus
405 3358 480 3413 unde
497 3359 750 3427 persuasissimum
767 3359 825 3414 sibi
880 3357 974 3411 Romae
987 3356 1035 3411 rix
1062 3356 1197 3413 cohibere
1220 3357 1359 3427 lacrymas
1380 3362 1544 3426 potuerunt,
1569 3357 1705 3425 dequeea

94 3431 155 3484 lunt
169 3434 246 3483 certa
259 3442 369 3497 semper
382 3430 493 3484 decreta
515 3442 657 3497 emanare,
683 3432 826 3499 praecipue
881 3440 911 3483 re
925 3425 987 3482 hiri
1002 3428 1140 3483 certiores
1156 3435 1188 3482 ut
1203 3428 1303 3483 tierent
1330 3426 1484 3482 voluerunt
1501 3424 1589 3497 (1).Ηί
1610 3431 1705 3480 autem

94 3499 113 3555 tl
124 3513 179 3570 qua
192 3499 226 3554 de
240 3500 304 3554 fidei
318 3500 449 3569 dogmate
463 3501 609 3555 eontentio
632 3504 673 3555 est
690 3519 699 3564 ‚-
726 3500 827 3556 simul·
880 3504 979 3553 contra
993 3498 1135 3568 quidquid
1147 3498 1181 3553 ad
1195 3498 1379 3570 detegendam
1399 3496 1505 3570 Pelagii
1531 3509 1565 3552 ac
1579 3495 1705 3552 Coelestii

94 3578 196 3640 mptum
212 3570 247 3625 ab
271 3570 308 3625 iis
329 3571 486 3625 consilium
507 3572 590 3638 juxta
605 3571 776 3625 traditonem
797 3579 826 3627 et
880 3567 1067 3624 calliditatem
1085 3582 1199 3625 necesse
1213 3577 1284 3629 erat.
1298 3569 1472 3639 quantocius
1494 3568 1607 3623 ftomam
1633 3566 1706 3620 mit-

94 3641 238 3697 etudinem
253 3642 381 3697 omnium
397 3647 566 3710 temporum,
583 3641 696 3710 petendi
712 3641 826 3697 scilieet
881 3645 956 3694 tunt.
972 3640 1153 3709 Elquoniam
1170 3640 1332 3706 Caelestius,
1349 3652 1432 3709 quem
1449 3640 1543 3694 homae
1565 3636 1705 3708 urgebant

99 3726 145 3766 um
163 3727 220 3781 quo
236 3725 288 3766 sua
305 3712 432 3780 ipsorum
454 3713 595 3767 sententia
612 3712 763 3767 roboretur
786 3714 824 3769 ri·
882 3708 1706 3779 ntsimpliciteretaperteprofitereturquomodosentiret

94 3795 125 3838 ue
137 3790 234 3864 postea
249 3783 276 3836 in
295 3789 352 3837 tota
367 3783 509 3846 Ecclesia3
526 3788 614 3837 ratam
629 3784 826 3838 lecitsenten-
879 3781 914 3836 de
925 3781 990 3848 llde,
1007 3778 1168 3850 aufugerat,
1181 3789 1280 3836 eontra
1297 3781 1391 3848 ipsum
1407 3788 1435 3836 et
1449 3780 1594 3849 Pelagium
1621 3777 1707 3832 Zosi-

94 3851 121 3906 rb
137 3854 175 3908 ris
188 3852 274 3907 latam
288 3853 316 3906 in
331 3853 450 3908 haereses
461 3867 616 3922 cariemque
628 3853 755 3909 artifices
767 3854 825 3910 fau·
880 3866 944 3906 mus
960 3852 1016 3907 rite
1031 3851 1175 3919 judicium
1198 3851 1409 3920 pronuntiavit,
1424 3851 1500 3921 quod
1513 3848 1659 3920 encyclica
1669 3846 1704 3904 ad

94 3936 137 3994 que
159 3942 167 3993 3
192 3925 244 3993 sie,
265 3924 428 3994 Augustino
453 3931 533 3992 teste,
561 3937 646 3979 causa
667 3923 725 3980 fnit
745 3926 825 3981 abso
880 3922 1114 3977 totiusEcelesiae
1130 3922 1266 3991 presules
1288 3920 1469 3978 confirmarit
1494 3918 1549 3993 (ιι).
1565 3920 1626 3988 Qua
1641 3919 1709 3987 epi·

112 4035 119 4048 .
881 3993 963 4059 stola,
978 3993 1021 4048 uti
1033 3993 1197 4048 testatori).
1212 3994 1332 4061 Prosper
1345 3991 1393 4064 (a).
1410 3991 1486 4048 Petri
1496 3991 1592 4063 gladio
1613 3991 1707 4046 dexte

101 4065 230 4135 Denique
246 4066 429 4121 innocentius
452 4066 487 4136 (p)
515 4072 648 4135 tanquam
673 4066 823 4122 catholicae
880 4063 1394 4130 rasomninmarmaritantistitum,
1423 4063 1456 4119 ad
1474 4063 1581 4131 implius
1607 4060 1708 4116 elimi-

94 4136 138 4191 tiae
151 4144 238 4204 caput
252 4152 332 4192 snam
351 4137 502 4192 minitatur
518 4137 718 4192 :auctoritatem
731 4138 826 4192 lliero·
882 4136 999 4190 naudos.
1023 4136 1130 4191 ilarius
1147 4137 1294 4202 Mercator,
1316 4142 1345 4189 et
1360 4135 1500 4191 Paulinus
1512 4134 1653 4190 diaconus
1674 4129 1708 4202 (o)

96 4220 178 4263 orum
199 4208 343 4277 episcopo,
367 4209 423 4262 nisi
441 4223 496 4278 qua
524 4210 596 4263 idem
625 4214 763 4277 potestate
783 4213 826 4263 est
880 4206 1113 4271 llediolauensis,
1139 4204 1294 4261 referentes
1309 4206 1396 4273 hujus
1414 4204 1594 4274 cansaeapud
1608 4204 1636 4258 S.
1658 4214 1709 4257 se-

95 4278 511 4334 tushaereticorumaudaciam
526 4280 673 4348 reprimat,
707 4280 734 4335 ui
747 4278 824 4333 omni
880 4279 943 4333 dem
960 4277 1125 4333 constitutae
1147 4278 1288 4332 actionem
1306 4275 1453 4346 latumque
1466 4276 1622 4346 jndicium,
1640 4280 1708 4330 tan-

94 4295 825 4421 riigenerellieronymametmonaehosPaflastinae,
882 4363 966 4419 quam
989 4349 1132 4403 axiomata
1161 4353 1323 4417 proponunt
1339 4346 1447 4416 quibus
1463 4346 1602 4416 refragari
1626 4357 1708 4401 nemo

94 4434 112 4475 s
124 4428 252 4489 praeerat,
268 4420 415 4475 ludebant.
883 4420 984 4489 possit.
996 4432 1089 4474 veram
1099 4419 1182 4474 tidem
1192 4421 1224 4474 in
1235 4417 1392 4487 apostolica
1401 4418 1466 4474 sede
1487 4417 1567 4472 nullo
1580 4427 1707 4485 uuquam

94 4504 196 4546 iremus
221 4492 294 4546 idem
331 4490 467 4559 pontifex,
506 4498 639 4559 tanquam
661 4492 827 4548 Occidentis
883 4491 1210 4559 naevoinspergi;inea
1233 4489 1361 4544 donumi
1385 4500 1447 4542 esse
1470 4487 1707 4541 sectariosdete-

94 4562 179 4634 rrcha,
195 4563 308 4633 regulas
319 4563 481 4628 disciplinae
498 4562 675 4631 praescripsit
689 4564 827 4618 Ecclesiis
843 4539 869 4599 D
885 4560 979 4631 gandi,
998 4574 1030 4615 ac
1043 4560 1137 4615 debita
1152 4572 1200 4613 eos
1216 4571 1296 4627 poena
1310 4557 1467 4612 mulctandi
1482 4556 1706 4623 auctoritatem3

94 4647 175 4700 rum,
194 4633 395 4701 llispaniarum
413 4632 532 4703 lllyrici,
558 4632 662 4687 Africae
674 4640 702 4688 et
725 4634 825 4689 ltaliae.
880 4633 991 4702 judicia
1007 4632 1071 4699 ejus
1085 4643 1146 4684 esse
1159 4629 1327 4683 definitiva:
1343 4630 1491 4697 totiusque
1506 4626 1586 4681 orbis
1600 4627 1708 4694 episco-

94 4702 163 4760 fecit
176 4705 333 4759 decretales
349 4717 398 4771 pro
411 4704 526 4772 Galliis,
553 4704 673 4771 primam
690 4705 826 4760 tredecim
884 4717 934 4772 pos
949 4701 1053 4756 Zosimi
1075 4701 1224 4754 sententiae
1243 4699 1453 4765 subscripsisse
1472 4697 1548 4767 quod
1575 4701 1608 4750 ut
1630 4708 1708 4763 prae-

96 4775 271 4836 esalteram
296 4781 402 4844 septem
425 4775 705 4843 comprehendentes.
720 4778 750 4829 ln
775 4790 829 4844 po-
883 4778 992 4829 starent
1008 4771 1109 4827 iisdem
1127 4771 1320 4829 mandaverat.
1350 4780 1519 4837 poenamque
1544 4765 1707 4847 depositio-

95 4850 120 4901 ri
137 4847 297 4916 catalogum
320 4847 436 4899 exhibet
457 4847 611 4913 scripturae
624 4859 711 4900 sacrae
734 4845 827 4900 libro·
883 4845 930 4900 nis
945 4840 1172 4897 detrectantibus
1194 4839 1287 4896 furerat
1313 4839 1464 4895 minitatus
1487 4836 1533 4909 (p).
1563 4838 1707 4915 llonomus

96 4918 299 4985 llispaniarum
315 4917 449 4971 Ecclesia
467 4918 558 4984 prima
584 4916 613 4969 in
627 4916 759 4971 l'oletana
776 4931 827 4986 sy·
884 4917 1038 4982 imperator
1052 4913 1198 4981 pontiticis
1216 4913 1360 4966 decretum
1386 4909 1442 4965 lata
1465 4908 1526 4979 lege
1550 4906 1705 4970 roboravit,

94 4989 222 5057 quadam
251 4994 422 5049 statuerant,
439 4988 550 5041 nolente
577 4985 733 5055 apostolica
750 4987 824 5055 sede,
882 4983 1059 5052 depositioni
1081 4983 1166 5037 exsili
1188 4994 1297 5049 yioenam
1317 4981 1404 5048 adjun
1426 4991 1485 5045 ens,
1510 4990 1583 5048 quas
1609 4989 1706 5046 poenas

94 5060 267 5113 onocentius
282 5058 417 5112 decretali
434 5059 468 5113 ad
483 5058 621 5127 synodum
636 5058 700 5112 data
718 5056 828 5112 contlr-
881 5054 1079 5124 duodeviginti
1092 5066 1126 5107 ex
1141 5052 1224 5107 ltalia
1236 5051 1371 5120 praesnles
1383 5065 1417 5105 su
1440 5050 1507 5104 iere.

97 5169 103 5180 .
123 5129 284 5184 Decretales
298 5128 427 5197 epistolae
441 5129 534 5197 ipsius
554 5136 666 5183 exstant
678 5128 712 5183 ad
727 5127 827 5183 Eccle-
917 5124 1060 5180 Ecclesias
1078 5124 1152 5177 inter
1172 5121 1364 5177 arelatensem
1378 5128 1406 5176 et
1423 5120 1619 5200 Viennensem
1633 5129 1706 5172 cou-

95 5198 190 5269 llyrtci
203 5210 261 5254 tres
276 5201 309 5254 ad
322 5200 426 5254 rtfricae
440 5200 600 5268 primatem,
616 5211 670 5253 una
687 5211 720 5253 ac
729 5211 778 5254 sex
791 5199 825 5254 ad
883 5196 1010 5252 tentione
1028 5194 1150 5250 excitata
1167 5194 1202 5249 de
1217 5193 1343 5262 primatu
1357 5193 1387 5248 in
1406 5192 1520 5262 aliquot
1545 5189 1705 5245 Galliarum

917 5301 946 5382 (i)
955 5302 982 5357 S.
998 5302 1109 5372 August
1123 5301 1158 5356 de
1173 5313 1234 5370 pec.
1250 5299 1322 5370 orig.
1336 5312 1361 5354 c.
1378 5297 1405 5354 6.

917 5374 949 5442 (y)
962 5372 1032 5427 ibid.
1047 5385 1072 5426 c.
1087 5371 1114 5425 8.

918 5446 953 5509 ιιι
970 5445 1008 5499 Ex
1023 5450 1077 5496 ret.
1093 5443 1155 5496 cod.
1167 5442 1258 5497 Vatic.

918 5517 946 5585 ιι)
961 5517 1021 5570 zos.
1039 5515 1088 5568 PP.
1104 5526 1147 5582 ep.
1163 5512 1187 5568 l.

914 5588 959 5654 ιιι)
972 5587 1002 5640 s.
1022 5586 1143 5654 August.
1160 5599 1204 5653 ep.
1216 5581 1250 5640 ll
1264 5590 1293 5640 et
1306 5581 1367 5641 tal.

914 5666 952 5727 ιι)
964 5659 992 5709 S.
1006 5657 1095 5723 Prosp
1109 5663 1187 5710 cont.
1208 5656 1307 5711 Collat.

914 5727 1154 5798 (olllariusllerc.
1167 5727 1469 5784 incommomPaulin.
1480 5727 1561 5784 Diae.
1578 5729 1609 5784 in
1620 5727 1699 5783 libel.

913 5800 943 5868 (p
964 5799 1078 5854 filerunt.
1096 5796 1167 5852 ibid.

94 5305 217 5361 fheodor
233 5307 251 5360 l.
268 5305 294 5373 5,
307 5320 368 5375 cap.
382 5306 426 5363 35.

94 5379 179 5444 Epist.
195 5379 261 5447 Syn,
273 5379 368 5432 Carth.
382 5379 416 5432 ad
431 5380 492 5432 lnn.
508 5377 559 5430 PP.

94 5451 156 5502 [tem
174 5451 282 5503 ilarius
294 5452 376 5503 llere.
393 5450 422 5503 in
433 5452 578 5503 common.

94 5521 142 5588 Ep.
156 5517 190 5574 od
207 5526 234 5573 et
244 5518 280 5573 bd
296 5520 370 5573 irater
383 5520 585 5589 augustinian,

94 5590 159 5645 bid.
175 5592 258 5659 epist.
275 5591 305 5646 bl
325 5598 352 5644 et
364 5591 409 5645 ud.

94 5663 114 5716 3.
130 5663 241 5731 August
253 5664 288 5716 de
301 5662 376 5715 verb.
393 5664 493 5730 hyrrist.
512 5672 596 5714 serm.
607 5656 633 5713 Ξ.

94 5734 176 5787 innoc
190 5734 238 5785 PP.
256 5745 307 5801 cap
322 5730 356 5787 3⁴2
368 5741 396 5787 et
406 5732 450 5787 33.

94 5804 143 5873 hp.
162 5803 246 5857 Cone.
263 5804 342 5858 Rom.
359 5806 454 5857 nrsub
467 5800 558 5857 Bonif.
