3892 6136
49 208 107 271 273

458 214 642 272 ecthesim
665 212 814 272 bisatiis.
839 216 885 271 DE
906 213 983 273 tait.
999 217 1055 272 llll.
1080 217 1178 275 vost.
1202 219 1370 277 ChTherG.

1704 218 1758 278 sti

91 339 246 414 atatam,
259 336 449 401 ordinatim
470 340 659 421 dispositis,
679 345 719 405 at
739 340 881 403 iliorum
894 343 923 403 Α
939 348 1046 400 ractere
1062 347 1207 418 rutund03
1223 353 1284 405 tum
1300 363 1363 418 qua
1379 361 1478 405 nemen
1495 348 1757 417 pontiacisconsti-

93 433 278 510 cortscnsus
288 421 456 510 appareat
467 438 542 482 crana
555 421 694 483 laudato
702 424 880 501 prototypo

92 496 244 640 maog
255 495 457 640 ssaaitaaa
477 499 514 563 S.
527 503 628 564 Petro
653 502 698 563 ad
712 499 749 562 S.
771 502 881 562 Irrue-

306 675 468 733 stuevsts
492 677 632 734 ChPlTlS.

58 753 83 804 1.
99 753 242 804 Methodus
259 753 302 803 hic
312 759 434 804 remanda
449 757 476 804 in
489 758 649 819 exponendis
661 759 686 806 et
700 757 880 819 comparandis

87 818 126 864 alu
166 816 266 865 lstime
285 817 360 865 ochis
375 832 535 866 summorum
547 820 705 880 pontificum,
719 821 880 881 preservatis

87 880 114 927 in
164 878 238 927 silica
260 831 289 927 g.
309 879 393 934 Pauli,
409 894 469 928 cum
485 882 636 929 eorumdem
651 880 821 942 chronologia
837 881 880 929 de·

84 940 135 988 seri
154 942 181 989 ts
194 941 221 989 in
232 940 368 989 codicibus
385 941 572 1003 probatissimis
591 944 706 991 omnium
717 947 832 991 mistum.
849 969 879 977 -

86 1001 120 1051 ΙΙ.
178 1003 184 1014 ”
216 1015 260 1050 um
277 1002 417 1050 reddentur
432 1002 540 1050 ssdcliter
553 1016 585 1052 ex
599 1005 735 1066 archetypo
749 1004 818 1052 illius
840 1005 879 1066 pl·

83 1067 165 1112 cturaa
179 1064 270 1112 litterae
282 1065 432 1126 superstites
440 1067 465 1113 et
474 1065 574 1113 lacuna
586 1080 695 1128 quarum
704 1066 879 1127 supplementa

82 1127 206 1188 petentur
219 1139 250 1174 ex
267 1126 407 1184 catalogis.
424 1126 485 1174 elim
495 1127 631 1188 descriptis
645 1128 676 1175 ab
688 1128 777 1175 iisdem
791 1127 879 1176 archc-

83 1188 153 1249 typis
162 1187 329 1236 basilicarum
341 1187 426 1237 Urbis.
438 1188 524 1236 -ΙΙΙ,
537 1189 662 1248 Catoslugi,
679 1202 709 1236 ex
718 1189 845 1250 diptychis
855 1191 880 1236 et

83 1250 160 1298 Actis
175 1253 315 1311 martyrum
331 1249 507 1298 Romanorum
524 1250 702 1312 similibusque
718 1251 879 1298 documentis

83 1310 188 1359 collecti
199 1314 299 1375 quarte,
313 1311 403 1374 quinto
414 1315 438 1358 et
448 1314 520 1359 sexte
533 1311 627 1362 Christi
638 1313 744 1362 saecule.
757 1326 816 1360 curn
827 1312 880 1359 cla-

83 1371 170 1421 berati
182 1374 234 1421 sint
248 1372 399 1421 florentibus
409 1386 455 1434 per
468 1387 512 1421 eas
522 1378 609 1421 aetnies
620 1375 679 1421 viris
692 1375 716 1421 in
732 1388 758 1422 re
780 1373 879 1421 chono-

82 1433 173 1495 logica
183 1434 375 1496 praestantibus,
389 1438 447 1482 sunt
460 1436 561 1483 crateris
575 1435 734 1496 prmlereudi,
747 1439 772 1483 et
782 1449 833 1497 prae
842 1449 880 1484 re·

82 1495 165 1559 liquis
172 1495 312 1544 adhibendi
323 1496 355 1543 ad
367 1498 594 1558 comparationem.
608 1498 666 1545 Due
680 1496 802 1544 interhus
814 1497 880 1545 ccle-

83 1557 193 1606 berrlmi
208 1561 276 1615 sunt,
289 1556 466 1605 Liberiauusa
481 1557 610 1606 Buclreric
626 1559 735 1620 primum
751 1559 844 1615 aditus,
854 1561 879 1606 et

83 1619 152 1668 alter
165 1620 308 1681 productus
322 1619 354 1666 ad
367 1623 467 1668 aetatem
484 1619 577 1668 Felicis
590 1620 626 1668 lV
638 1624 662 1668 ot
676 1620 822 1675 iustiniani,
835 1620 880 1729 qul

937 436 1189 504 munitumque
1212 436 1426 506 chronologiam
1452 437 1529 491 sedis
1550 436 1642 499 illius,
1669 437 1754 493 annis

937 521 1081 577 mensibus
1092 524 1235 579 aediehus
1249 531 1436 593 constantem,
1450 524 1571 580 ederunt
1586 525 1692 594 pariter
1706 539 1755 596 per

936 606 1047 663 litteras
1059 611 1196 679 capitaulas
1217 614 1351 666 sannam
1378 614 1406 667 in
1428 612 1578 667 vetustiori
1598 611 1649 667 illa
1669 613 1752 683 serie,

935 696 1082 752 celeribus
1093 713 1225 769 expressa
1240 702 1268 755 in
1283 701 1432 755 basilicas.
1445 702 1526 755 Pauli
1536 720 1545 754 .·
1556 701 1753 770 quamseriem

935 783 1076 853 depictam
1089 787 1215 843 dicimus
1229 788 1333 845 secula
1346 789 1459 859 quinto,
1470 789 1546 844 cirea
1557 793 1667 844 atatem
1683 789 1756 844 ieo-

935 871 981 925 nis
1011 875 1115 944 Magni,
1143 877 1256 945 quando
1279 885 1307 934 et
1340 877 1483 932 musivum
1519 876 1753 945 componebatur,

933 965 1058 1032 ejusdem
1076 967 1185 1035 cpitcii
1201 981 1234 1021 ac
1247 967 1351 1023 scholae
1365 967 1471 1037 stylum
1487 967 1649 1022 ostendens.
1668 963 1756 1033 Qua-

933 1066 1047 1124 cunque
1063 1054 1154 1125 igitur
1167 1055 1269 1110 littera
1286 1055 1314 1110 in
1329 1056 1481 1125 archetype
1507 1059 1575 1109 sunt
1596 1055 1753 1110 etiamnum

933 1141 1205 1213 conspissatum
1221 1142 1305 1199 nubis
1325 1142 1528 1212 imprimentur
1554 1142 1755 1195 characteribus

933 1231 1097 1298 capitalibus
1109 1232 1245 1298 rotundis,
1261 1239 1373 1288 servate
1388 1231 1489 1287 ordine
1506 1238 1534 1286 et
1548 1243 1665 1286 numere
1688 1243 1754 1286 ver-

933 1334 1029 1388 suum,
1046 1334 1096 1375 sen
1115 1320 1264 1383 linearum,
1283 1335 1339 1391 que
1364 1321 1456 1391 pictor
1469 1319 1616 1389 disposuit
1637 1319 1755 1390 epigra-

936 1409 1008 1478 phen
1035 1410 1153 1481 imagini
1183 1411 1341 1480 proximam
1358 1411 1420 1478 ejus
1445 1407 1592 1479 pontilicis
1609 1407 1643 1462 ad
1670 1420 1754 1477 quent

935 1497 1066 1555 retertur.
1091 1502 1209 1555 lactina
1232 1513 1298 1555 vere
1323 1501 1455 1555 versibus
1470 1512 1502 1553 ac
1523 1497 1631 1554 litteris
1646 1495 1756 1567 injuria

934 1593 1093 1658 temporum
1114 1574 1211 1655 illata,
1239 1590 1263 1644 si
1282 1603 1343 1656 iqua
1363 1589 1480 1657 luerint,
1510 1587 1697 1643 ostendentur
1722 1597 1756 1639 ex

82 1694 170 1729 annos
186 1680 345 1743 epocharum
358 1682 434 1729 etism
449 1694 494 1742 per
508 1682 628 1730 consules
639 1683 773 1735 illustrant,
790 1696 839 1730 con
851 1696 879 1730 e·
896 1659 1047 1732 Bdiversa
1060 1678 1094 1731 ch
1105 1683 1223 1732 tractem
1237 1678 1485 1746 supplementorum
1510 1674 1616 1729 ibidem
1642 1686 1658 1728 a
1673 1671 1757 1728 nobis

81 1742 161 1791 rendi
172 1755 232 1791 cum
241 1743 307 1791 serie
317 1741 510 1802 chronologica,
520 1744 546 1790 in
558 1744 597 1791 his
605 1745 711 1805 picturis
719 1743 880 1792 basilicarum

84 1803 166 1855 Urbis
181 1809 312 1867 preposita
323 1818 371 1866 per
386 1805 475 1854 eadem
487 1808 581 1853 sucula
597 1805 701 1864 Libani,
719 1806 814 1854 Leonis
827 1806 880 1854 Ma·

83 1866 142 1927 gui,
155 1869 182 1914 et
193 1867 310 1928 proxime
325 1867 520 1915 succedentium
537 1880 551 1914 a
571 1869 684 1916 catolicae
698 1868 766 1915 sedis
782 1868 880 1914 antisti-

83 1932 154 1980 tum.
187 1954 205 1963 -
222 1927 271 1976 lV.
292 1927 340 1976 ills
356 1929 448 1977 deinde
463 1942 540 1976 succe
560 1933 602 1977 ent
615 1929 741 1988 llatalogi,
757 1930 827 1989 petiti
850 1942 880 1976 ex

83 1990 199 2038 archivis
215 1989 329 2050 regionis
347 1989 542 2048 suburbicariae,
556 1989 664 2052 aliisque
685 1992 751 2038 intra
767 1991 876 2038 ltaliam.

83 2051 269 2112 Qustuorprte
294 2052 394 2100 esteris
416 2051 553 2112 eliguntur,
582 2052 719 2112 l'arlensis,
748 2051 880 2111 Cavcrrsis,

86 2112 275 2172 bergomensis
291 2117 317 2161 et
333 2112 468 2170 Lucensis,
486 2114 572 2174 utpote
588 2115 630 2176 qui
644 2127 658 2161 a
674 2115 769 2162 escula
785 2112 880 2162 Christi

84 2177 160 2223 sexto
176 2175 210 2223 sd
221 2175 388 2223 undecimum
406 2176 550 2223 anamodo
573 2176 658 2223 collati
676 2175 817 2227 videantur.
834 2176 880 2223 sed

84 2237 164 2286 etlam
176 2236 300 2296 descripti
313 2250 343 2284 ex
352 2236 443 2284 iisdem
459 2236 604 2298 archetypis
614 2237 777 2286 basilicarum
794 2236 879 2286 Urbis.

83 2324 114 2335 -
125 2298 163 2346 V.
176 2298 216 2347 Ne
226 2297 499 2358 emittanturCatalegi
513 2303 633 2347 asservati
647 2301 673 2347 in
692 2298 802 2347 archivis
811 2301 881 2347 extra

83 2359 196 2418 ltaliam,
212 2360 291 2422 siqui
306 2363 380 2408 atate
396 2360 504 2420 proximi
517 2364 542 2408 et
559 2361 747 2409 emendatiores
763 2366 881 2421 reputen-

82 2428 134 2479 tur,
144 2420 236 2485 quales
246 2425 306 2469 aunt
316 2421 438 2481 Belgicus
445 2422 616 2482 papebrochii
628 2437 659 2471 ex
667 2423 823 2471 membranis
834 2436 882 2470 saa·

82 2484 136 2532 culi
158 2497 186 2532 xa
211 2483 358 2544 descriptus
375 2496 404 2530 ex
432 2484 628 2545 antiquioribus,
648 2489 673 2532 et
706 2484 883 2547 compluresa

83 2544 169 2606 Pagic
192 2545 254 2593 edili
271 2559 303 2592 ex
318 2543 474 2593 bibliotheca
491 2545 648 2597 colbertina.
665 2546 757 2593 horum
778 2559 882 2608 quoque

83 2607 188 2656 numeri
201 2605 372 2655 conteruntur
382 2607 493 2667 quicum
507 2608 681 2669 superioribus
696 2607 776 2655 terme
787 2608 882 2669 ubique

81 2669 263 2717 consentiunt.
283 2695 314 2705 -
328 2668 378 2716 Vl.
401 2669 532 2728 catalogis
546 2670 581 2717 ita
595 2683 623 2716 se
638 2668 882 2731 consequentibusa

81 2734 177 2793 quarto
188 2728 283 2778 Christi
291 2730 386 2803 seculo
397 2730 597 2778 adundecimum
605 2731 725 2778 succedet
734 2731 881 2778 earumdem

81 2791 881 2915 amiatiiiiiiiattrivit„astitisti-iiia¹2

85 2915 196 2969 Urbem,
213 2919 264 2962 tarn
280 2915 390 2975 scriptos
406 2927 482 2976 quam
493 2914 660 2976 impressosa
675 2914 771 2963 saeculo
787 2915 838 2962 duo
858 2927 883 2962 e-

83 2976 193 3026 elmoad
205 2976 284 3024 ilnem
303 2976 398 3024 decimi
406 2975 495 3038 quinti.
509 2976 744 3024 Producanturtres
765 2976 790 3023 in
803 2989 881 3023 mern·

81 3037 171 3087 branis
182 3038 272 3110 scripti
280 3038 312 3085 ad
323 3050 396 3085 nsum
409 3037 520 3099 autiquae
532 3037 685 3086 cathedralis
697 3037 880 3097 Ocriculensis,

81 3103 108 3150 ct
130 3113 203 3149 unus
230 3111 375 3160 impressus
398 3098 549 3160 paulopost
567 3100 670 3148 exordis
687 3100 746 3148 artis
761 3103 881 3160 typogra-

80 3161 179 3224 phica,
197 3159 319 3210 Menetiis
335 3159 445 3217 scilicet,
464 3173 531 3208 anuo
550 3162 621 3217 1492,
638 3162 681 3223 qul
698 3175 789 3210 omnes
818 3161 879 3208 satis

81 3228 171 3273 exacte
184 3235 244 3270 eum
280 3221 468 3271 recedentibus
480 3224 649 3271 concordant.
663 3249 694 3259 -
704 3222 766 3271 Vll.
786 3221 878 3270 Manu·

82 3285 136 3333 scri
156 3285 191 3332 tls
208 3282 246 3332 0c
271 3283 422 3332 culensibus
436 3285 575 3332 auctoritas
596 3285 704 3343 accedit,
717 3285 831 3332 derivata
848 3297 879 3332 ex

81 3347 121 3395 ori
151 3359 187 3394 ue
198 3345 230 3394 sb
243 3344 490 3393 Romanis-VIII.
503 3345 619 3394 Methedi
632 3346 877 3407 rationepramissa,

83 3420 162 3471 quam
178 3407 207 3456 lu
221 3407 405 3467 comparandis
416 3406 523 3479 epochis
537 3420 638 3456 servare
653 3408 845 3465 constituimus,
855 3409 880 3454 et

83 3469 238 3518 notionibus
255 3468 376 3516 codicum
394 3481 436 3530 qut
454 3467 529 3517 electl
546 3472 606 3517 sunt
623 3469 654 3516 ad
673 3467 878 3530 comparandum

83 3532 208 3593 scriptam
225 3529 422 3589 chronologiam
436 3542 494 3576 cum
510 3530 578 3590 picta
589 3532 615 3576 in
626 3529 734 3578 basilica
751 3530 777 3578 S.
794 3528 878 3586 Pauli,

84 3591 152 3641 hanc
181 3592 266 3653 ipsam
283 3592 384 3649 dantus,
409 3592 507 3638 etcum
521 3605 552 3640 ea
567 3590 678 3652 reliquas
702 3605 732 3639 ex
760 3591 879 3639 indicatis

83 3652 222 3764 ωᾱὲῗίδυε
251 3652 384 3714 collectas,
413 3655 441 3700 ut
467 3653 519 3701 ictu
546 3652 615 3702 oculi
642 3651 752 3701 content
769 3653 879 3700 invicem

83 3730 117 3778 pc
155 3718 195 3763 nt.

86 3812 114 3870 9.
127 3810 315 3883 Quocunque
335 3811 473 3868 hactenus
489 3812 635 3882 praemissa
651 3817 730 3879 sunt,
746 3810 882 3868 referun-

56 3902 146 3960 turad
162 3901 376 3957 firmamentum
394 3912 426 3954 ao
438 3900 710 3956 demonstrationem
727 3899 815 3955 istius
828 3912 880 3954 ca-

56 3990 124 4060 pltis
136 3989 247 4060 quinti,
259 3989 290 4043 in
303 4000 360 4058 quo
373 3985 488 4043 utilitas
498 3992 603 4042 nestra
615 3987 832 4044 dissertationis
852 3992 879 4042 st

57 4077 261 4150 inquisitionis
273 4080 332 4132 teta
353 4080 492 4131 versatur.
508 4075 816 4131 Demonstratieautem
829 4088 880 4129 ar-

57 4165 182 4238 gumenti
209 4166 296 4221 hocce
317 4164 409 4235 capite
438 4163 630 4233 pertractandi
656 4163 736 4219 nulla
765 4177 795 4218 re
821 4162 879 4218 alia

58 4268 174 4323 prorsus
198 4252 309 4325 indiget
333 4265 419 4323 quam
448 4254 613 4321 inpositione
639 4257 667 4307 et
688 4253 873 4305 ordinationi.

59 4429 126 4486 ricto
137 4428 310 4486 basilicarii.
327 4426 409 4482 Pauli
424 4427 526 4497 pictas,
548 4434 575 4482 et
592 4428 780 4481 ordinabimus
796 4441 878 4482 com-

61 4516 312 4586 parationesillius
323 4515 470 4585 archetypi
483 4529 546 4570 cum
559 4514 693 4570 omnibus
706 4514 880 4585 subsequen·

63 4606 129 4661 tium
142 4610 261 4661 samium
275 4603 466 4667 documentis,
489 4603 514 4658 si
535 4603 594 4658 haec
611 4600 792 4671 perficiamus
816 4616 878 4672 quas

63 4694 210 4749 mihodum
221 4693 405 4749 constituunt
417 4697 521 4748 nestvae
533 4691 717 4760 capantiom's,
734 4690 838 4744 ordinis
851 4696 879 4745 et

65 4783 280 4851 totnporationis.

93 4866 119 4924 2.
133 4869 262 4926 Primum
277 4869 415 4940 deputare
433 4868 572 4925 constitui
588 4868 618 4923 in
635 4879 806 4937 unaquaque
825 4880 879 4936 pa-

68 4956 386 5027 ginacolumnamunam
396 4957 570 5029 singillatim
580 4956 740 5024 unicuique
750 4954 878 5024 pontifici

69 5046 116 5101 ιδ.
134 5049 216 5105 Petro
228 5047 262 5103 ad
290 5047 488 5103 innocentium
503 5046 568 5114 ejus
582 5045 711 5100 neminis
742 5043 878 5113 primum,

71 5131 110 5188 ubi
124 5135 213 5192 series
224 5134 347 5191 Paulina
362 5135 555 5203 abrumpitur.
568 5136 598 5188 ln
609 5134 673 5202 eius
685 5132 824 5188 columna
835 5145 880 5186 su·

71 5232 152 5288 pana
172 5229 253 5294 parte
267 5223 380 5279 reddam
405 5221 529 5278 fideliter
543 5220 679 5291 epocham
696 5220 737 5275 ibi
751 5219 880 5274 attribu-

70 5312 116 5366 tam
126 5312 175 5368 uni
186 5325 220 5367 ex
238 5310 425 5382 pontificibus
437 5310 584 5375 Romanis,
591 5310 673 5379 juxta
684 5308 812 5364 ordinem
824 5320 880 5376 que

71 5397 140 5466 ptcae
151 5407 219 5457 sunt
234 5405 264 5457 et
276 5400 414 5470 apposite
428 5398 567 5470 clypeatis
578 5397 753 5468 imaginibus
763 5409 882 5453 eorum-

70 5485 122 5542 ten
143 5487 313 5557 pentillcum
337 5488 541 5542 Romanorum.
565 5485 679 5540 Littera
704 5485 834 5538 Romana
851 5483 880 5536 in

70 5581 207 5648 amtotype
222 5575 398 5646 superstites
412 5587 428 5629 a
445 5587 488 5629 me
503 5574 669 5630 indicantur
685 5570 794 5627 initiali
810 5569 882 5625 cha-

934 1765 1107 1820 adhihende.
1139 1768 1223 1821 l‘erre
1250 1765 1445 1834 supplementa
1475 1763 1560 1819 seriei
1585 1761 1752 1818 vetustioris

935 1854 1028 1909 artatis
1042 1854 1188 1909 Laeuinus
1197 1853 1246 1910 ubi
1259 1859 1393 1924 poterunt
1405 1855 1432 1908 in
1446 1851 1669 1908 eadembasilica
1680 1863 1758 1919 repe·

936 1943 1001 2012 riri,
1022 1949 1050 1998 et
1077 1944 1202 1999 mutuari
1219 1958 1252 1998 ex
1278 1943 1429 1998 recentiori
1455 1941 1538 2010 serie,
1559 1939 1613 1997 sub
1639 1939 1756 1995 Nicolae

936 2032 1021 2087 tertie
1036 2032 1140 2087 ibidem
1154 2031 1336 2102 repatrianti
1352 2031 1491 2096 diximus,
1503 2029 1664 2085 imitatione
1675 2041 1756 2096 supe·

936 2121 1033 2190 tiocia,
1047 2134 1079 2176 ea
1095 2119 1343 2191 consigrtahuntur
1358 2119 1558 2173 characteribus
1581 2116 1755 2186 capitalibus,

936 2223 991 2265 nea
1008 2216 1099 2265 amen
1117 2209 1258 2275 retundis,
1276 2210 1324 2263 scd
1338 2209 1487 2272 inclinatis,
1504 2207 1573 2272 sive,
1589 2206 1631 2261 uti
1646 2211 1757 2270 vocant,

934 2301 1048 2354 italicis.
1065 2299 1115 2354 Sin
1126 2311 1156 2352 ea
1172 2298 1331 2352 litterarum
1343 2303 1371 2351 et
1383 2296 1549 2350 tacunarum
1558 2292 1756 2363 'supplementa

935 2386 1096 2442 exciderint
1116 2386 1202 2439 etiam
1228 2398 1262 2438 ex
1288 2383 1399 2439 Nicolai
1427 2383 1505 2438 tertii
1537 2381 1661 2451 picturis
1684 2381 1757 2452 tquae
1821 2391 1829 2406 ·

936 2480 1012 2529 certe
1028 2474 1161 2543 majorem
1183 2472 1272 2527 labem
1290 2476 1504 2536 contraxerunt,
1522 2469 1619 2523 minus
1634 2469 1756 2523 firmiter

936 2559 1251 2617 adherenteretsrthus
1271 2558 1423 2628 parietinis
1435 2557 1521 2626 calce,
1537 2570 1633 2628 gypso.
1650 2556 1756 2624 colore,

937 2649 1103 2725 totsaculis
1112 2662 1128 2703 a
1138 2648 1353 2703 constructione
1368 2645 1528 2715 parietibus
1540 2642 1757 2715 superinducto)

937 2736 1103 2806 supplenda
1114 2741 1181 2791 sunt
1197 2740 1329 2791 vacantes
1340 2734 1442 2789 litterae
1455 2739 1483 2788 et
1496 2733 1641 2788 dictiones
1652 2745 1686 2788 ex
1700 2732 1757 2787 Ca-

937 2824 1042 2894 talcgis
1056 2823 1264 2879 vetustioribus
1276 2829 1304 2878 et
1323 2821 1577 2886 emendatioribus,
1600 2819 1758 2889 prasertim

935 2911 1077 2982 depositis
1094 2912 1123 2966 in
1134 2910 1264 2966 archivis
1279 2909 1406 2980 regionis
1421 2907 1640 2975 suburbicaria,
1657 2911 1756 2976 utpote

895 2992 1088 3070 Carchetypo
1114 2998 1341 3069 proximioribus
1365 2997 1426 3053 leco
1456 3009 1489 3051 ac
1514 3002 1648 3067 tempere,
1674 2995 1758 3065 iuxta

936 3088 1048 3159 regulas
1069 3088 1181 3143 criterii
1202 3087 1375 3143 constitutas
1389 3084 1630 3155 capitesecunde,
1650 3084 1679 3138 in
1703 3083 1758 3139 dne

934 3177 1047 3232 numeri
1071 3173 1097 3247 i,
1121 3189 1184 3230 eum
1208 3176 1285 3231 credi
1304 3175 1414 3243 possint
1435 3186 1468 3228 ac
1488 3166 1611 3228 debeant
1629 3171 1672 3226 vel
1690 3170 1758 3226 hinc

933 3264 1089 3334 desumpti,
1105 3264 1148 3318 vel
1168 3263 1332 3331 antiquitus
1347 3262 1444 3318 colluti
1460 3275 1525 3316 eum
1543 3261 1581 3314 iis
1596 3258 1757 3328 prototypis

935 3366 984 3421 per
998 3352 1134 3408 ecclesias
1146 3350 1350 3421 patriarchales
1360 3347 1635 3417 Remaespectandis.
1647 3345 1758 3400 indicia

933 3453 998 3494 vere
1009 3440 1142 3495 lectionis
1159 3439 1292 3510 legitima
1304 3438 1350 3492 his
1360 3438 1389 3492 in
1401 3435 1514 3491 lacunis
1524 3436 1562 3488 ita
1572 3431 1757 3487 restituendae

933 3540 966 3583 ex
988 3527 1133 3599 Catalogis
1148 3533 1234 3582 erunt
1258 3527 1287 3580 in
1305 3527 1357 3580 hac
1381 3529 1479 3578 nestra
1501 3522 1630 3576 editione
1649 3518 1755 3574 litterar

933 3615 1073 3685 atphaheti
1094 3615 1243 3669 minusculi
1259 3612 1393 3673 rotunda,
1411 3616 1442 3665 ut
1457 3609 1541 3680 vulgo
1558 3607 1678 3675 dicitur,
1698 3619 1754 3662 nen

933 3711 1027 3762 amen
1042 3704 1190 3773 capitales,
1205 3701 1344 3773 quaselae
1356 3699 1531 3754 adhibentur
1546 3698 1576 3752 in
1588 3697 1696 3752 litteris
1709 3710 1756 3752 su·

936 3792 1106 3862 perstitibus
1128 3791 1274 3860 archetypi
1295 3788 1442 3844 Laeuiani.
1466 3789 1505 3842 tta
1520 3787 1635 3842 demum
1661 3784 1710 3840 llet
1723 3789 1756 3841 ut

934 3885 1023 3940 leeter
1045 3883 1140 3952 ipsum
1164 3878 1221 3936 iere
1239 3886 1421 3948 prototypum
1437 3875 1606 3931 basilicas.
1625 3873 1706 3929 Pauli
1728 3876 1757 3927 et

934 3972 1105 4043 epigraphes
1114 3970 1154 4025 ibi
1167 3970 1258 4040 pietas
1267 3968 1370 4039 quinte
1380 3965 1488 4021 Christi
1503 3963 1608 4019 saeuis
1617 3975 1755 4032 praeocu-

935 4060 972 4115 lis
987 4059 1098 4129 haheat,
1115 4064 1226 4114 servate
1246 4069 1364 4112 numere
1378 4066 1512 4109 versuum
1525 4065 1558 4107 ac
1573 4051 1756 4117 litterarum

933 4154 961 4205 et
981 4149 1099 4204 lacunas
1117 4153 1145 4201 et
1159 4145 1367 4215 supplementa,
1382 4150 1442 4197 tum
1459 4154 1475 4197 a
1490 4141 1564 4196 serie
1578 4141 1690 4197 Nicolai
1707 4142 1753 4209 ΙΙΙ,

934 4243 994 4293 tum
1020 4249 1036 4290 a
1060 4235 1179 4304 scriptis
1198 4234 1342 4308 Catalegis
1373 4234 1472 4305 petita,
1496 4230 1549 4285 hoc
1575 4230 1605 4285 iu
1626 4230 1755 4298 exemplo

57 4342 252 4412 sapanasnus
266 4342 362 4411 itaque
375 4340 506 4412 singulas
517 4340 640 4410 epochas
656 4340 685 4394 ln
695 4339 817 4395 australi
834 4334 917 4408 pal]
933 4329 1071 4384 distincte
1086 4330 1191 4381 cernat·

968 4414 994 4471 3.
1013 4418 1072 4471 Pras
1086 4416 1197 4471 caeteris
1214 4412 1456 4485 igiturCatalegis
1471 4416 1499 4467 et
1516 4409 1656 4467 indiculis
1670 4409 1750 4465 chre

934 4505 1055 4577 aulegia
1066 4503 1229 4574 pontificia.
1241 4501 1378 4556 affinitate
1393 4499 1596 4555 atatisacleci
1611 4498 1754 4554 Leonime

934 4585 1755 4664 archetypoproximioribus,centendamillesesseehser-
1815 4644 1820 4651 ,

933 4681 1041 4736 vandes
1065 4683 1186 4735 maxime
1200 4685 1229 4734 et
1249 4676 1447 4744 conterendos,
1463 4677 1513 4746 qui
1539 4688 1589 4745 per
1603 4687 1635 4729 ea
1650 4675 1755 4731 saeuis

934 4772 1113 4841 prodierunt,
1123 4783 1185 4839 qua·
1196 4767 1384 4838 peritioribus
1396 4775 1551 4836 temporum
1563 4763 1755 4832 scriptoribus

933 4859 1142 4917 abundabant:
1168 4858 1209 4912 ita
1231 4854 1452 4912 decernentibus
1475 4852 1584 4923 regulis
1608 4852 1753 4920 primane

934 4949 1030 5017 tertia,
1055 4958 1141 5015 supra
1163 4944 1341 4998 confirmatis
1356 4943 1449 5011 capite
1469 4938 1497 5007 i,
1523 4952 1551 4992 n.
1571 4936 1631 4993 iet
1650 4933 1677 5004 7,
1704 4935 1755 4993 ubi

935 5043 1028 5095 ratum
1042 5035 1069 5090 id
1088 5032 1247 5087 habendum
1259 5043 1320 5084 esse
1333 5030 1463 5084 diximus
1478 5046 1484 5081 ε
1497 5029 1573 5082 inter
1594 5026 1755 5081 documento

935 5131 1083 5194 temporum
1095 5121 1218 5191 publica,
1234 5119 1258 5170 si
1282 5133 1341 5186 quas
1354 5120 1428 5196 sant,
1453 5131 1485 5168 ca
1505 5129 1561 5169 esse
1581 5114 1756 5186 metuendo

935 5228 994 5283 qua
1014 5226 1062 5281 per
1076 5211 1148 5263 uiros
1163 5206 1272 5260 idoneos
1289 5204 1381 5273 peada
1401 5203 1457 5256 sint
1476 5204 1604 5271 monimo
1624 5202 1699 5256 atati
1722 5200 1755 5253 de

935 5318 990 5372 qua
1015 5315 1075 5353 eum
1096 5299 1212 5351 manime
1237 5295 1380 5363 quaritur.
1416 5292 1461 5344 Ea
1499 5291 1664 5344 documentis
1693 5302 1756 5341 uero

935 5388 1048 5444 aliunde
1059 5386 1223 5459 ministratis
1242 5399 1322 5452 qaam
1334 5397 1367 5435 ea
1382 5381 1437 5434 loce
1452 5379 1500 5433 ubi
1511 5395 1552 5432 res
1565 5379 1689 5447 proaime
1705 5391 1756 5444 ge-

935 5479 1077 5543 rebantur,
1092 5472 1580 5543 suffrngiiprnropatioamserepcnes
1590 5465 1661 5518 ittua
1676 5467 1756 5534 cujus

936 5565 1041 5622 auctori
1051 5579 1135 5618 causa
1146 5563 1276 5625 scientia,
1284 5560 1387 5630 peritia
1410 5556 1571 5625 disciplina,
1587 5567 1619 5607 ee
1633 5554 1755 5609 studium
