3892 6136
69 205 125 264 raa
411 206 613 264 monumen.
642 186 793 266 nassau.
825 208 871 265 un
889 208 1003 281 narro.
1036 210 1122 268 aon.
1147 210 1245 266 rom.
1267 211 1437 269 cananea.
1725 212 1778 273 reo

64 330 197 399 Damasi,
221 331 401 402 reliquorum
416 347 482 391 vero
500 349 516 390 a
530 335 652 391 Damaso
671 333 813 405 usquead
834 332 940 392 Leo-A
956 332 1062 403 inquit,
1072 338 1100 389 et
1108 333 1229 391 tortasse
1239 335 1391 405 prestabat
1402 350 1556 406 paucorum
1567 352 1631 394 eum
1643 338 1778 394 manibus

66 433 132 476 nern
155 421 274 476 tertium
296 421 355 478 cita
373 439 407 476 ec
425 424 506 478 Libro
526 425 687 494 Pontificali.
707 423 796 491 cujus
813 421 897 476 resti·
955 423 1019 488 teri,
1034 437 1118 492 (qaam
1133 423 1227 480 denuo
1242 439 1307 480 cum
1324 430 1365 480 tot
1381 426 1491 481 mendis
1507 427 1631 496 prodire.
1644 427 1696 482 Sed
1712 442 1778 482 om-

65 507 126 579 giis
142 507 317 566 inherentes
332 513 505 567 Laurentius
529 514 643 582 Sarius,
667 519 694 567 et
709 511 758 582 qui
779 510 895 565 Surium
953 509 1021 564 nino
1038 510 1141 566 mellus
1151 518 1204 577 est,
1218 513 1304 567 etiam
1321 513 1512 568 inemendatis
1524 513 1692 569 auctoribus
1705 513 1776 582 irui,

64 596 218 653 subsecuti
231 604 311 666 sunt,
323 599 519 656 conciliorum
531 600 742 670 compilatores
759 599 897 654 Romano·
952 611 1036 666 quam
1047 599 1090 654 eis
1106 602 1222 669 penitus
1236 616 1341 657 carere.
1356 602 1473 657 Interim
1486 601 1554 657 dnm
1572 602 1673 658 melior
1688 602 1778 658 editio

65 699 132 742 rum
148 686 319 756 pontilicum
332 687 413 744 Vitas
428 690 551 758 sparsim
567 689 731 745 collectioni
747 688 896 744 Concilio·
951 689 1179 756 curetur,varias
1187 690 1322 746 lectiones
1330 689 1466 745 extribus
1474 688 1778 745 codicibusreteribus

67 786 131 829 rum
144 772 342 845 inseruerunt,
356 776 397 831 uti
408 776 607 832 etAnnalibus
618 777 702 846 plura
711 776 791 831 Libri
802 775 896 832 Ponti·
951 783 1097 845 excerptas
1112 778 1279 848 adjecimus,
1296 792 1417 847 quornm
1438 792 1490 848 ope
1504 778 1567 833 sine
1581 777 1671 834 dubio
1686 777 1778 834 casti-

67 859 160 916 licalis
171 861 333 935 fragmenta
344 864 469 921 inseruit
479 865 630 934 baronius,
641 865 692 936 qui
705 878 769 920 cum
781 878 815 920 ex
826 878 895 920 mss.
952 864 1045 935 patior
1055 866 1145 922 editio
1155 867 1412 935 poteritadornari.
1422 865 1472 921 Usi
1483 872 1578 922 autem
1587 860 1688 922 sumus
1699 866 1779 937 regio

66 947 220 1006 codicibus
232 949 302 1007 libri
319 952 408 1009 istius
423 951 559 1007 lectiones
576 951 738 1022 frequenter
752 950 898 1007 emendas·
952 953 1060 1023 codice,
1077 960 1105 1009 et
1119 956 1272 1025 lllazarino,
1288 969 1346 1026 quo
1364 954 1480 1010 Gabriel
1496 956 1641 1025 Naadcns,
1657 955 1780 1025 praeel-

64 1040 118 1102 set,
138 1039 321 1098 occasionem
344 1039 467 1110 praebuit
488 1041 600 1096 auctori
621 1038 809 1110 prelationis,
835 1053 898 1109 qaae
953 1041 1187 1098 lentisdoctrinae
1197 1045 1251 1111 vir,
1264 1044 1485 1100 eminentissimi
1500 1042 1657 1099 cardinalis
1668 1042 1781 1099 biblio-

65 1133 135 1189 libri
165 1131 256 1201 nujus
278 1128 403 1186 editioni
424 1128 597 1201 illoguntinae
625 1143 701 1185 anno
723 1126 792 1185 lboa
820 1128 897 1199 typis
953 1128 1062 1186 thecam
1088 1133 1180 1188 auxit.
1208 1133 1332 1204 Uterque
1359 1139 1454 1189 autem
1482 1132 1596 1187 ridetur
1620 1131 1656 1186 ab
1680 1132 1779 1187 eodem

63 1221 186 1276 loannis
200 1218 301 1276 Albini
317 1216 427 1288 publici
437 1217 515 1287 jnris
527 1215 609 1273 lacta
623 1217 809 1288 praeponitur,
824 1231 898 1274 asse-
952 1221 1108 1290 exemplari
1129 1236 1268 1291 manasse,
1290 1223 1319 1278 iu
1337 1222 1437 1292 paucis
1452 1221 1528 1276 enim
1549 1219 1671 1275 invicem
1691 1218 1780 1275 dilie-

65 1308 149 1365 rendi
165 1326 173 1362 :
191 1306 299 1377 «Quod
314 1305 403 1362 variae
415 1304 553 1361 lectiones
569 1305 610 1361 rel
626 1319 661 1361 ex
671 1305 785 1362 duobus
799 1306 897 1362 Conci·
954 1313 1030 1364 runt.
1040 1310 1155 1366 Contuli
1165 1308 1780 1378 etiamcnmcodiceTbuano,antiquissimo

64 1397 174 1453 liorum
190 1395 278 1452 tomis
294 1395 424 1450 suriana
443 1394 593 1463 editionis,
609 1394 650 1449 rel
673 1408 707 1450 en
727 1394 896 1450 Annalibus
954 1397 1006 1453 illo
1021 1399 1147 1469 quidem,
1171 1399 1218 1454 sed
1239 1399 1340 1455 scribae
1360 1398 1475 1454 librarii
1499 1398 1617 1454 inscitia
1632 1399 1662 1453 in
1679 1396 1779 1452 multis

65 1485 242 1541 Baronianis
258 1525 265 1552 ,
283 1484 313 1539 in
334 1482 441 1555 quibus
462 1483 545 1539 verba
568 1483 714 1540 Anastasii
737 1484 843 1553 passim
865 1483 895 1538 in
954 1485 1029 1541 baud
1046 1486 1117 1541 satis
1132 1489 1322 1543 emendato.»

65 1573 199 1646 siugulis
211 1571 408 1644 pontificibus
418 1573 517 1642 paucis
534 1573 744 1641 pretermissis,
756 1572 895 1642 citantur,
988 1572 1016 1629 3.
1038 1574 1107 1631 Cum
1132 1590 1166 1632 ex
1191 1577 1338 1647 predictis
1361 1576 1514 1632 Annibalis
1534 1575 1662 1632 Fabrotli
1683 1573 1779 1631 verbis

64 1669 136 1720 sunt
144 1663 315 1731 desumpta.
332 1680 345 1712 a
360 1663 448 1717 Porro
459 1661 605 1717 Anastasii
623 1662 795 1717 mentionem
816 1660 897 1726 lacit,
913 1646 940 1707 Β
954 1662 1103 1720 manifeste
1127 1672 1262 1736 appareat
1285 1666 1428 1722 editiones
1447 1665 1526 1720 Libri
1546 1665 1724 1721 Poutillcalis
1742 1663 1777 1721 ad

65 1753 136 1824 quia
144 1751 201 1807 sub
209 1751 326 1808 nomine
336 1749 419 1806 illius
427 1749 747 1806 Libruml’ontillcalem
757 1749 896 1818 ediderat,
953 1767 1038 1808 suum
1055 1768 1146 1823 usqae
1161 1760 1271 1824 tempus
1292 1754 1404 1809 mendis
1420 1754 1542 1824 repletas
1556 1753 1656 1823 luisse,
1673 1759 1702 1808 et
1716 1767 1780 1809 me-

66 1841 119 1897 boc
136 1840 182 1897 illi
198 1839 314 1910 praellxo
330 1839 434 1895 titulo:
448 1838 594 1893 Anastasia·
609 1838 637 1892 S.
654 1839 684 1892 li.
701 1840 734 1892 Ε.
753 1838 898 1892 bibliotlte-
953 1841 1055 1896 liorem
1075 1842 1229 1897 editionem
1250 1858 1285 1898 ex
1306 1858 1374 1898 mss.
1393 1842 1544 1899 codicibus
1564 1842 1660 1898 curari
1685 1854 1777 1912 posse,

66 1934 139 1986 rarii
171 1931 298 1985 Historia
325 1929 359 1982 de
386 1930 458 1984 Vitis
482 1930 663 1983 Romanorum
693 1931 852 1998 pontificum
880 1945 898 1982 a
954 1944 1051 1985 curam
1067 1930 1140 1986 banc
1155 1932 1185 1986 in
1201 1946 1230 1986 se
1246 1938 1410 2002 susceperat
1425 1933 1469 1987 vir
1487 1932 1686 2003 doctissimus,
1703 1944 1779 2000 prae-

65 2023 143 2076 Petro
166 2019 289 2089 apostolo
308 2033 395 2087 usqae
415 2017 808 2086 corroboraturamque
826 2017 896 2071 bac·
952 2019 1083 2076 decessor
1112 2022 1255 2091 quondam
1285 2036 1373 2092 meus,
1404 2023 1494 2077 Lucas
1519 2020 1694 2090 llolstenius,
1725 2020 1778 2090 qni

65 2116 143 2165 lenus
166 2111 240 2179 typis
261 2122 370 2162 measa.
392 2107 495 2160 Deinde
517 2107 582 2161 Vita
600 2106 723 2160 Adriani
740 2108 770 2160 ll
788 2111 813 2160 et
831 2105 895 2160 Ste-
951 2108 1095 2164 Anastasii
1110 2110 1392 2167 historiamdeVitis
1404 2112 1597 2165 Romanorum
1608 2108 1778 2179 pontillcum

64 2199 154 2269 pbaai
167 2199 220 2260 IV,
237 2201 347 2251 auctore
362 2196 506 2253 Uailtelme
527 2194 729 2249 bibliothecario
744 2210 778 2248 ea
793 2193 896 2247 biblio·
950 2195 1089 2252 editionis
1101 2199 1276 2268 liogantinae
1288 2213 1353 2254 cum
1365 2197 1615 2268 praestantissimis
1626 2197 1718 2253 totius
1728 2199 1779 2253 lta·

66 2288 140 2341 iteca
153 2286 246 2341 Marci
262 2285 368 2340 Velseri
379 2283 549 2352 Auqustana
562 2285 594 2338 lt.
610 2285 641 2336 P.
659 2283 695 2337 ll.
710 2284 774 2336 oiri.
950 2283 997 2338 liae
1012 2299 1078 2340 mss.
1103 2286 1253 2341 codicibus
1274 2286 1408 2356 contulit,
1427 2292 1458 2342 ut
1474 2286 1553 2341 illam
1573 2285 1778 2341 correctionem

97 2372 125 2429 i.
140 2374 223 2444 Quod
238 2373 263 2428 si
281 2372 434 2443 quisquam
451 2377 596 2442 petatque
609 2371 720 2426 ratione
735 2371 826 2426 editio
839 2370 896 2426 blo·
950 2373 1229 2445 emendatioremque
1241 2376 1345 2430 ederet.
1357 2374 1576 2447 Autograpbum
1591 2373 1734 2430 llolstenii
1744 2385 1780 2429 ex

66 2462 190 2536 guntina
203 2463 272 2518 anni
286 2458 357 2517 laba
369 2465 487 2516 vocetur
495 2459 590 2533 prima
607 2460 694 2528 buius
710 2458 789 2514 Libri
801 2459 896 2514 Ponti·
950 2460 1282 2532 librisblorouiemptum
1292 2462 1780 2532 iubibliotbecavaticanareposui,

65 2551 157 2608 icalis
183 2551 287 2621 editio,
316 2564 381 2605 cnm
404 2554 470 2605 ante
494 2554 536 2604 tot
559 2562 649 2604 annos
669 2561 734 2605 eam
755 2548 895 2604 edidisset
952 2551 983 2605 in
1001 2552 1087 2621 cujus
1104 2552 1197 2621 primo
1212 2551 1283 2609 lolio
1299 2565 1384 2608 manu
1400 2552 1540 2609 llolstenii
1560 2552 1695 2607 adnotata
1711 2556 1780 2607 sunt

64 2639 174 2695 Crabbe
196 2639 226 2692 in
248 2638 376 2694 editione
391 2636 587 2694 conciliorum
607 2635 782 2707 Coloniensi,
799 2635 895 2692 lacilis
951 2641 1119 2709 sequentia:
1135 2642 1199 2695 ebe
1212 2655 1280 2697 mss.
1292 2640 1452 2709 codicibus,
1464 2641 1498 2697 ad
1510 2654 1583 2712 quos
1593 2640 1779 2696 Anastasium

65 2724 896 2799 esthujusquaestionisresponsio,quodnimirumCrabbe
951 2728 1139 2785 contulimus.
1150 2728 1217 2798 Qua
1230 2744 1246 2785 a
1259 2730 1404 2801 principio
1417 2730 1487 2785 libri
1498 2730 1634 2800 usquead
1646 2730 1779 2801 paginam

66 2819 142 2874 bunc
157 2816 279 2873 Librum
300 2814 495 2872 Pontificalem
516 2828 608 2885 neque
628 2814 782 2885 integrum,
804 2827 896 2884 neque
951 2813 987 2871 53
996 2821 1154 2873 atramento
1165 2823 1261 2873 notata
1272 2824 1340 2873 sunt
1353 2818 1380 2873 in
1394 2818 1532 2890 margine,
1543 2817 1630 2873 varie
1641 2817 1779 2872 lectiones

67 2921 122 2965 uno
143 2914 174 2962 et
198 2905 338 2962 continuo
354 2909 489 2960 contextu
510 2903 659 2973 edidisset,
682 2908 767 2973 prout
787 2917 822 2958 ex
841 2917 894 2958 ms.
952 2906 1231 2962 santeacodicems.
1244 2904 1777 2977 Vaticanaquiluitsacrimonasterii

65 2996 164 3051 codice
187 2994 276 3049 Uarci
297 2993 405 3049 velseri
425 2992 574 3048 triumviri
591 2991 754 3063 Augustani
775 2992 893 3061 prodiit,
910 3015 934 3074 ρ
950 2993 1126 3062 casinensis,
1143 2995 1186 3050 vel
1203 3008 1237 3049 ex
1257 2996 1422 3051 sanctuario
1439 2994 1609 3061 blombritii,
1629 2993 1674 3048 vel
1692 2993 1779 3050 etiam

66 3084 165 3140 addito
191 3083 309 3139 nomine
335 3083 474 3152 auctoris,
501 3082 553 3153 qui
581 3081 753 3137 Anastasius
781 3080 896 3137 Biblio-
951 3081 1119 3137 collectione
1133 3081 1279 3139 Canonum
1294 3083 1421 3138 Anselmi
1438 3083 1661 3153 Lucanasque
1674 3095 1780 3137 mauu-

67 3172 216 3229 tbecarius
247 3173 433 3242 supponitur,
463 3170 517 3226 sub
541 3182 599 3240 quo
630 3169 745 3224 nomine
769 3169 894 3226 Annibal
951 3168 1780 3239 scriptaexstatinbibliothecaemineutissimicardinalis

67 3261 221 3316 Fabrottns
243 3273 318 3316 anno
340 3256 409 3316 4648
432 3260 462 3314 in
485 3258 534 3314 lol.
559 3257 636 3328 typis
656 3257 745 3329 regiis
764 3258 894 3313 eumdem
951 3259 1109 3315 barberini.
1132 3259 1199 3329 Qaae
1220 3260 1310 3316 minio
1331 3264 1458 3316 notataa
1475 3261 1620 3330 principio
1638 3258 1777 3331 usquead

68 3349 185 3404 Librum
197 3348 393 3406 pontificalem
404 3347 567 3404 ediditcum
578 3346 724 3417 plerisque
733 3345 824 3402 variis
835 3346 896 3401 leo-
951 3348 1075 3403 eamdem
1098 3348 1228 3419 paginam
1251 3345 1295 3418 53,
1321 3354 1390 3403 sunt
1410 3348 1496 3403 rariae
1518 3347 1655 3403 lectiones
1676 3343 1778 3415 optimi

68 3437 208 3508 tionibus,
216 3434 897 3507 quasexrariismsscodicibasdesumptasope·
951 3436 1061 3492 codicis
1077 3437 1265 3505 manuscripti
1281 3436 1451 3505 Florentini,
1466 3450 1499 3491 ex
1512 3434 1688 3489 bibliotheca
1705 3446 1780 3488 con-

70 3526 93 3581 ri
102 3526 239 3595 subjecit.
250 3527 290 3580 Ac
302 3525 518 3595 primoquidem
531 3538 565 3579 ex
575 3523 655 3579 binis
665 3537 733 3577 mss.
745 3521 896 3579 codicibus
951 3529 1054 3580 ventus
1063 3525 1089 3579 S.
1103 3525 1201 3579 Marci.
1214 3524 1281 3578 lade
1293 3524 1396 3594 pagina
1406 3519 1441 3577 bl
1453 3522 1599 3590 incipiunt
1609 3520 1779 3575 collationes

70 3615 234 3685 idarquardi
249 3615 376 3679 Freberi,
394 3627 515 3683 quoram
530 3613 602 3669 alter
613 3613 644 3666 in
660 3613 751 3667 Leone
764 3613 807 3680 lv,
824 3611 897 3666 alter
953 3625 1005 3666 ms.
1017 3612 1182 3666 Faruesiaui
1194 3610 1312 3680 scriptis
1325 3609 1431 3663 litteris
1442 3608 1622 3679 maiusculis,
1635 3621 1691 3678 quo
1702 3606 1779 3663 nibil

73 3705 99 3759 in
112 3705 259 3775 Stepbano
276 3705 321 3774 vl,
336 3703 455 3759 desinit.
479 3702 588 3757 Deinde
607 3702 740 3772 adjungit
755 3700 828 3755 alias
845 3713 898 3754 va-
952 3701 1104 3770 antiquius
1116 3705 1227 3754 exstare
1241 3703 1310 3768 puto
1325 3698 1354 3752 in
1371 3697 1424 3752 boc
1435 3711 1546 3769 genere,
1560 3702 1587 3753 et
1600 3698 1688 3753 codex
1702 3696 1777 3753 baud

72 3791 368 3849 rianteslectionesex
377 3791 491 3848 duobus
499 3790 660 3859 codicibus,
671 3789 749 3860 regio
758 3789 896 3843 nimirum
952 3788 1040 3844 dubie
1053 3793 1118 3842 ante
1131 3792 1229 3842 natum
1242 3786 1424 3841 Anastasium
1439 3786 1566 3855 scriptus
1579 3783 1644 3856 luit,
1657 3785 1701 3841 rel
1711 3797 1780 3840 sane

71 3882 264 3949 etllararino,
277 3894 399 3952 quornm
412 3881 534 3937 ultimus
545 3880 622 3936 bunc
633 3879 751 3934 titulum
764 3874 895 3946 prefert:
953 3891 985 3933 eo
1001 3883 1125 3946 tempore
1139 3889 1195 3945 quo
1208 3876 1269 3945 ipse
1283 3875 1454 3931 Anastasius
1468 3875 1550 3930 vixit.
1567 3876 1601 3929 Et
1612 3874 1680 3944 quia
1694 3873 1781 3928 colla·

71 3974 169 4042 Incipit
194 3971 283 4026 Series
310 3971 469 4038 Pontificum
496 3972 690 4030 Romanorum,
715 3968 814 4036 quiin
836 3967 898 4020 sede
955 3966 1046 4021 tiones
1062 3964 1228 4020 Farnesiani
1243 3963 1352 4019 codicis
1368 3963 1460 4019 minio
1475 3963 1590 4033 scriptae
1603 3966 1672 4018 sunt
1687 3975 1780 4033 usqne

72 4062 99 4116 Β.
112 4062 189 4116 Petri
198 4058 317 4129 apastoli
327 4058 362 4113 ab
372 4061 430 4127 ipso
443 4073 530 4127 usque
540 4057 578 4111 ad
586 4058 635 4112 boc
645 4062 748 4125 tempas
758 4056 896 4110 sederant.
953 4056 988 4125 ad
1009 4055 1141 4126 paginam
1164 4051 1209 4115 63,
1233 4052 1286 4108 hoc
1305 4058 1349 4107 est
1370 4066 1461 4123 usqne
1482 4052 1516 4107 ad
1537 4049 1715 4107 Bonilacium
1734 4051 1779 4122 tr,

72 4149 165 4206 lielert
179 4154 277 4205 autem
294 4147 443 4203 lateralia
459 4161 494 4203 ex
510 4147 555 4202 bis
567 4146 682 4202 duobus
701 4144 851 4201 codicibus
867 4145 897 4199 in
955 4140 1782 4213 idcircoaddislinguendumcodicnmdirersorumlectia

72 4238 215 4309 sylvestro
233 4235 423 4308 fragmentum
443 4235 611 4292 donationis
624 4233 808 4290 Constantini
826 4232 898 4288 satis
955 4247 1014 4304 nes,
1034 4249 1050 4287 a
1070 4231 1173 4302 pagina
1194 4228 1229 4285 bl
1253 4243 1344 4300 usque
1365 4229 1399 4285 ad
1421 4226 1456 4285 64
1475 4229 1644 4285 collationes
1665 4228 1780 4284 Codicis

73 4328 209 4398 amplum,
222 4325 299 4396 quod
312 4325 341 4381 in
353 4324 444 4380 nullis
454 4324 524 4380 aliis
535 4323 614 4379 Libri
625 4322 804 4380 Pontificalis
815 4322 899 4378 codi-
955 4320 1113 4377 Florentini
1127 4324 1285 4374 atramento
1298 4318 1403 4373 notari.
1418 4318 1486 4373 inde
1497 4331 1513 4372 a
1524 4317 1628 4390 pagina
1642 4315 1677 4373 63
1688 4329 1780 4386 nsque

72 4417 154 4472 cibus
167 4415 320 4485 bucusque
334 4414 437 4483 reperi.
450 4413 531 4469 Unde
545 4412 655 4480 conjeci
671 4412 778 4467 librum
791 4412 820 4466 in
837 4411 899 4466 illis
956 4411 990 4466 ad
1000 4406 1068 4464 ta...
1081 4408 1116 4464 ad
1130 4408 1223 4463 Vitam
1233 4407 1259 4462 S.
1272 4407 1406 4478 Eugenii,
1421 4406 1601 4462 Faruesianae
1612 4405 1780 4462 collationes

72 4503 519 4573 codicibusinterpolatumesse,
531 4513 637 4572 eosque
649 4501 801 4556 recentiori
815 4513 901 4555 manu
954 4501 1123 4566 atramento,
1154 4496 1328 4553 Florentinis
1344 4495 1554 4550 minionotatae
1575 4500 1652 4551 sant.
1675 4497 1780 4549 lterum

73 4593 252 4662 conscriptos
261 4588 355 4646 luisse
366 4608 373 4661 ;
386 4604 444 4661 qua
454 4590 483 4644 in
499 4603 529 4645 re
538 4590 725 4645 confirmatus
740 4603 803 4644 sum
816 4601 850 4643 ex
863 4587 901 4642 iis
956 4601 972 4642 a
988 4581 1136 4658 paginali
1148 4597 1239 4655 usque
1256 4584 1290 4639 ad
1308 4584 1439 4656 paginam
1457 4578 1517 4654 lot,
1533 4583 1582 4639 ubi
1601 4582 1705 4652 incipit
1717 4581 1781 4638 Vita

74 4696 134 4752 quae
148 4678 276 4735 Annibal
292 4678 442 4735 Fabrottus
452 4679 601 4735 adnotavit
611 4678 688 4733 circa
701 4677 784 4731 linem
799 4676 901 4731 harum
956 4675 1099 4731 Zacharia·
1109 4675 1171 4743 PP.,
1184 4673 1354 4728 Faruesiana
1365 4671 1690 4733 minioi‘lorentiniana
1700 4677 1781 4725 alra-

74 4770 231 4826 leclionum
254 4768 290 4824 de
313 4770 506 4823 Romanorum
532 4767 699 4836 pontilicum
724 4764 808 4833 Vitis,
830 4778 901 4833 quas
957 4769 1051 4821 mento
1065 4763 1168 4818 collata
1184 4767 1262 4819 sunt.
1279 4763 1343 4833 Peg.
1362 4758 1412 4816 lot
1428 4760 1493 4816 Vita
1509 4761 1652 4815 Zachariae
1668 4760 1697 4813 in
1711 4760 1781 4813 Far-

73 4860 222 4915 continent
242 4872 327 4927 usquc
342 4857 379 4911 ad
392 4858 544 4913 Martinam
564 4858 594 4913 V.
612 4855 768 4925 Antiquior
783 4853 903 4924 proinde
957 4852 1276 4922 nesianodeslderatnr,
1288 4851 1456 4907 collationes
1465 4863 1498 4905 er
1507 4849 1671 4905 Florentino
1682 4847 1781 4903 codice

72 4954 114 5004 est
128 4948 220 5005 codex
240 4947 389 5016 TbuanuS,
407 4948 493 5016 cuius
510 4946 654 5001 variantes
672 4944 811 5000 lectiones
827 4957 902 5013 prae-
958 4944 1048 4999 minio
1065 4946 1168 4996 notam
1183 4946 1252 4995 sunt
1269 4939 1410 5011 usquead
1427 4938 1559 5009 paginam
1575 4932 1635 5003 lla,
1652 4933 1703 4990 ubi
1719 4937 1782 4993 Far-

72 5038 161 5093 dictis
175 5035 302 5106 subjecit
315 5049 381 5091 cum
398 5036 450 5091 boc
470 5034 580 5091 codicis
596 5033 682 5097 titulo
699 5051 705 5087 :
720 5033 819 5101 incipit
836 5033 903 5086 liber
959 5031 1095 5088 nesianus
1122 5028 1226 5085 iterum
1256 5027 1372 5097 incipit.
1401 5025 1453 5081 Ubi
1480 5027 1584 5080 iterum
1610 5023 1781 5085 Florentiae
1868 5021 1870 5024 ’

72 5126 256 5196 Episcopalis,
279 5127 310 5178 ia
329 5140 381 5194 qao
402 5126 575 5180 contineatur
598 5124 669 5178 ⁴tcta
688 5122 721 5176 Β.
744 5122 903 5190 Pontificum
959 5121 1095 5177 lectiones
1107 5121 1268 5177 atramento
1280 5119 1417 5170 notantur
1428 5114 1563 5184 usquead
1575 5113 1707 5185 paginam
1720 5111 1780 5184 436,

75 5216 156 5273 Urbis
171 5217 271 5276 ilamae.
288 5213 411 5269 ttulilus
424 5219 469 5268 est
483 5218 512 5273 et
525 5212 635 5271 desinit
652 5211 681 5269 in
697 5208 839 5281 Stephano
858 5211 902 5281 lv,
960 5210 1026 5267 inde
1048 5208 1136 5264 rubro
1155 5219 1247 5276 usque
1270 5205 1305 5264 ad
1327 5203 1446 5260 mediam
1473 5203 1605 5276 paginam
1631 5201 1691 5265 438.
1714 5203 1782 5258 inde

75 5310 107 5361 ut
119 5302 245 5365 Annibal
260 5301 410 5359 Fabrottus
423 5299 530 5365 latetur
541 5301 571 5357 in
585 5300 650 5369 line,
667 5299 802 5370 prelatus
818 5297 904 5359 initia
959 5298 1311 5362 enimiterumatramento
1322 5292 1781 5366 notanturasqueadprincipium

72 5406 192 5462 operum
203 5390 364 5460 anastasii,
375 5390 452 5449 banc
460 5389 578 5449 Librum
589 5389 783 5449 Pontibralem
793 5384 903 5451 mendis
961 5389 1070 5458 pagina
1087 5383 1148 5458 443,
1165 5399 1228 5441 uam
1251 5386 1318 5446 inde
1334 5396 1424 5455 usque
1443 5385 1477 5441 ad
1495 5384 1627 5454 paginam
1648 5375 1699 5441 lta
1713 5380 1782 5439 Flo„

73 5476 901 5549 scatere.aAuctorembuncmendisscaterenoninticior,
961 5475 1068 5539 reatini
1084 5474 1193 5536 codicis
1209 5475 1345 5539 lectiones
1362 5473 1513 5546 sigarmtur
1530 5470 1630 5538 rubro,
1643 5467 1781 5540 atqueilti
