3892 6136
478 294 583 351 canui
602 291 1032 350 PhAEFhTtohbciiiidhot.
1053 295 1127 364 seo.
1599 291 1653 363 aio

99 463 107 490 ,
135 420 251 475 fratrem
278 421 395 478 llorsam
429 436 590 493 novumque
618 420 738 476 militem
761 415 981 488 eAploetente.
996 419 1043 476 Sic
1066 425 1169 490 quator
1195 429 1222 478 et
1238 424 1384 493 sexaginta
1396 439 1536 483 annorum
1558 432 1652 500 spatio

98 507 105 547 i
126 494 259 556 accersit,
281 506 405 561 cumque
425 494 562 549 iistiliam
576 491 775 548 Romenilor-
831 496 909 546 vasta
931 503 962 545 ea
979 489 1074 572 insula
1093 493 1239 561 Evangelii
1257 496 1332 565 leges
1347 496 1475 564 amplexa
1494 504 1653 581 estgculus

98 563 125 619 it
159 576 252 632 regem
274 563 398 632 salutat3
423 565 490 621 illim
513 571 607 620 autem
628 566 774 618 venustate
829 566 911 617 antea
927 563 1650 637 parsmniirna,nempecarnbria,seuWaltia,ubi

118 634 351 703 wortigernum,
401 637 430 691 ui
453 636 605 705 repudiata
620 631 773 690 uxoreisti
829 632 935 688 reclusi
959 638 1040 687 eraut
1063 633 1204 701 Britanni,
1221 636 1431 707 idemqnidem
1456 640 1651 705 conservabat,

106 705 174 759 Erat
182 705 367 775 wortigerno
380 651 460 763 giliis
474 720 581 777 magna
593 705 711 772 indolis,
725 703 774 758 ciii
829 704 876 758 sed
890 704 918 757 in
933 703 1033 759 ritude
1043 704 1178 761 Paschate
1187 705 1515 777 etquibusdamaliisab
1524 710 1651 768 Ecclesia

98 776 270 832 dortimero.
294 776 346 830 llic
367 778 496 851 llengisti
516 778 645 833 fraudem
669 776 774 844 depre-
827 773 953 829 Romana
967 774 1135 831 dissidebat.

98 847 171 917 patri
200 850 228 899 et
243 846 392 903 Britannis
408 849 534 904 nuntiat.
554 849 687 917 liospites
711 849 773 901 loco
865 843 906 899 td.
918 844 1008 914 Quam
1016 853 1090 902 recte
1102 847 1255 919 utriusque
1266 849 1345 921 regni
1356 848 1576 909 vicissitudines
1586 867 1651 910 con·

98 916 184 973 iabiti
198 935 205 986 3
218 917 249 971 lit
266 930 377 1041 pugna:
391 919 674 976 Wortimeriiirtute
687 918 774 973 iuter·
825 915 983 984 junxerim,
994 916 1037 972 vel
1054 918 1121 973 inde
1147 926 1223 988 patet
1237 923 1312 990 quod
1342 927 1496 992 utrumque
1515 924 1649 982 Ecclesiae

98 1000 164 1057 irsa,
182 985 298 1058 fugatur
321 989 473 1061 lengistus,
494 992 544 1060 qui
561 989 644 1046 fratri
670 1000 773 1044 succe-
827 986 1021 1043 Occidentalis
1032 985 1134 1045 faciem
1148 991 1245 1046 miuus
1267 991 1413 1048 horridam
1435 994 1558 1063 septimo
1574 1011 1650 1065 prae-

98 1059 180 1115 'antii
198 1072 293 1129 regno.
310 1059 469 1132 Transfuga
494 1063 523 1116 in
546 1063 635 1118 Tanet
647 1060 772 1117 insulam
827 1059 925 1113 sertim
937 1058 1044 1115 saeculo
1069 1059 1152 1115 nobis
1166 1060 1299 1129 exhibet,
1315 1077 1381 1119 cum
1395 1065 1648 1135 Langobardorum

98 1144 156 1195 ens,
175 1129 241 1183 inde
257 1130 286 1183 in
306 1130 487 1187 Germaniam
499 1132 589 1187 redit:
617 1132 773 1199 multisque
827 1131 943 1184 insanin
956 1130 1407 1190 etaudaeiacaesarurnditnetlia
1422 1134 1511 1192 italia
1522 1140 1649 1207 tempora

109 1200 203 1269 copiis
231 1199 312 1254 adest
341 1204 473 1272 sequenti
502 1216 586 1267 auno,
614 1208 773 1270 nactusque
827 1200 1027 1256 reddebamur.
1052 1204 1188 1258 Praeterea
1207 1209 1286 1260 tanta
1309 1205 1461 1276 utriusque
1485 1206 1649 1265 similitudo

100 1285 168 1328 nuru
198 1276 369 1339 premortuo
396 1273 457 1329 illio
482 1281 646 1345 regnantem
666 1273 770 1338 solum,
826 1276 974 1338 est,tanta
986 1272 1210 1343 coniunctioni
1232 1273 1472 1344 quaeunolerme
1490 1279 1647 1350 eodemque

107 1342 175 1398 filiae
187 1340 300 1396 artibus
314 1342 424 1398 invadit
446 1357 573 1413 regnum.
589 1343 680 1400 Semel
695 1343 771 1397 enim
827 1348 953 1412 tempore
963 1342 1100 1412 Hispania
1110 1344 1146 1399 ab
1157 1345 1284 1415 Arianis,
1305 1346 1341 1401 ab
1356 1346 1519 1404 idololatris
1531 1350 1649 1405 Britan-

108 1412 201 1469 factus
212 1415 344 1480 captivus
356 1414 568 1486 wortigernus,
580 1416 673 1485 primo
689 1413 773 1469 liber·
828 1413 876 1469 nia
889 1412 1059 1470 catholicam
1085 1415 1253 1487 religionem
1266 1427 1294 1472 et
1309 1431 1405 1473 sacras
1426 1418 1560 1475 Eimlesiae
1572 1420 1649 1491 leges

102 1484 156 1539 bus
188 1484 356 1553 provinciis,
385 1485 488 1541 deinde
522 1487 621 1557 vitain,
656 1484 772 1541 traditis
827 1484 991 1541 conculcari
1017 1497 1107 1554 passae
1128 1494 1214 1558 suut,
1243 1490 1384 1544 uiioitcm
1409 1490 1564 1561 eodemque
1591 1489 1648 1547 iere

98 1554 172 1621 ocis,
189 1564 304 1609 coactus
319 1563 363 1611 est
382 1558 530 1613 redimere.
553 1560 632 1614 Tunc
656 1555 771 1611 barbari
828 1563 953 1624 tempore
969 1554 1019 1611 illa
1031 1569 1047 1610 a
1060 1557 1087 1611 S.
1104 1558 1232 1615 Leandro
1250 1560 1424 1628 llispaleusi,
1440 1560 1498 1616 baec
1511 1574 1528 1616 a
1542 1562 1570 1618 S.
1585 1564 1649 1618 riu-

98 1627 187 1682 imnia
198 1632 227 1679 et
239 1628 402 1682 sacerdotes
421 1628 644 1698 debacchantur,
658 1629 771 1684 flamma
828 1628 944 1697 guetino
954 1628 1091 1683 monacho
1100 1627 1648 1706 uberriiuoEvangeliiflumineirrigari

99 1695 263 1767 squidquid
275 1696 774 1769 religionlsestprosternuntwor·
826 1698 1072 1768 coeperint,atque
1095 1698 1153 1754 haec
1183 1701 1367 1770 impietatem,
1386 1702 1437 1757 illa
1456 1715 1580 1759 errorem
1595 1703 1649 1760 dc-

102 1767 811 1841 pseindambriansenWaliiarnfugaetapsns,13
828 1775 973 1839 ponentes,
993 1769 1123 1824 decorem
1146 1770 1261 1839 sponsae
1279 1772 1387 1827 dhrsiti
1405 1773 1585 1840 postliminio
1601 1788 1651 1830 re-

97 1839 125 1894 in
146 1837 252 1906 oppido
265 1852 327 1894 sese
344 1840 445 1896 munit.
463 1843 584 1912 llucqui
601 1855 666 1897 eum
680 1839 769 1896 secuti
826 1840 998 1897 vocaverint.
1010 1838 1374 1914 Quamvisenimmagnum
1392 1842 1420 1898 id
1435 1843 1590 1900 discrimen
1600 1858 1648 1901 eas

98 1908 175 1980 quitis
189 1908 254 1963 lidci
277 1911 449 1967 britannica
461 1911 773 1970 advexerunt;caetera
828 1913 995 1967 intervertat
1020 1911 1096 1980 quod
1137 1911 1286 1968 Britannia
1316 1914 1454 1982 paulatim
1490 1915 1645 1982 illustrata,

97 1978 319 2036 iidololatriam
335 1982 436 2038 misere
462 1983 619 2039 redieruut.
649 1983 688 2038 lle
711 1989 773 2037 tar-
827 1982 1007 2053 splendorem
1021 1982 1194 2038 diuturnius
1207 1984 1649 2055 praesetulerit;llispanlavero

97 2052 164 2107 inde
174 2049 300 2119 barbari,
319 2066 369 2108 seu
385 2062 492 2123 septem
513 2068 598 2127 regna
618 1998 773 2111 aliuXalio
828 2057 921 2110 instar
930 2051 1057 2124 fulguris
1070 2053 1228 2109 catholicas
1240 2069 1322 2110 voces
1336 2062 1499 2124 penetrasse
1514 2058 1652 2113 inomnes

98 2122 318 2178 constituerunt.
332 2125 476 2180 luiturum
491 2140 609 2198 reguum
625 2125 683 2181 fuit
696 2125 773 2180 Caii-
828 2126 899 2182 lines
923 2123 1055 2195 gloriata,
1081 2124 1120 2178 sit
1135 2122 1213 2181 brevi
1231 2131 1348 2196 experta
1372 2127 1489 2198 gravius
1503 2128 1652 2199 magisque

101 2206 135 2249 us
151 2193 316 2262 metropolis
328 2196 522 2252 Dorovernnm
541 2211 591 2254 seii
607 2195 770 2253 cantuaria.
828 2195 1034 2266 deplorandum
1047 2194 1082 2251 ob
1095 2195 1291 2252 saracenicam
1300 2198 1478 2253 invasionem
1493 2198 1655 2254 incommo-

98 2264 254 2320 iabuevuut
269 2266 335 2332 tria,
362 2280 424 2336 qua
445 2267 616 2325 dicebantur
629 2269 774 2324 Saxonum
829 2269 909 2323 dnm.
924 2267 995 2321 Nam
1008 2264 1185 2337 Wortigerni
1196 2281 1261 2324 cum
1276 2267 1525 2338 pauclselabentls
1536 2270 1564 2324 in
1576 2268 1656 2326 Wal-

98 2334 700 2406 um,bleridlanorum,etOccideutalium3
718 2336 775 2392 tria
830 2338 900 2394 liam
915 2337 1104 2406 calamitates,
1125 2337 1257 2409 Pelagius
1281 2343 1309 2394 et
1332 2340 1379 2394 sui
1406 2337 1606 2411 confugientes
1622 2340 1652 2395 in

98 2405 131 2475 li,
144 2418 244 2476 nempe
259 2405 416 2478 anglorum
429 2409 631 2479 Orientalium,
646 2408 775 2466 Mediter-
829 2408 977 2464 Asturiam
989 2407 1116 2477 perpessi
1131 2416 1214 2464 sunt:
1234 2415 1339 2478 umen,
1355 2422 1421 2464 cum
1438 2421 1509 2464 nova
1530 2409 1590 2466 baec
1602 2423 1655 2466 ca-

98 2489 118 2545 i,
132 2488 184 2532 scu
210 2478 393 2545 merciorum,
414 2487 442 2534 et
463 2481 775 2552 Nordanbyiubrorum,
831 2479 957 2539 limitas.
972 2492 1036 2549 quae
1051 2480 1141 2534 trium
1167 2480 1337 2535 seculorum
1360 2478 1512 2537 silentium
1522 2481 1656 2537 Ecclesia

97 2548 778 2625 anniaeconstitutionemestuactushugustinus
832 2548 1067 2620 hispaniensium
1079 2550 1196 2615 indixit,
1204 2551 1568 2623 octavosaeculoacciderlt,
1581 2552 1657 2608 nibil

98 2632 116 2674 s
128 2619 179 2689 qui
192 2633 208 2674 a
223 2619 251 2674 S.
268 2620 407 2691 Gregorio
420 2635 521 2695 magno
535 2624 570 2679 ad
584 2637 645 2680 eam
667 2627 776 2694 gentem
833 2620 956 2691 impedit
968 2621 1040 2690 quin
1067 2626 1127 2676 toto
1147 2622 1270 2690 septimo
1290 2620 1419 2677 elabente
1434 2628 1589 2693 utrumqne
1609 2636 1659 2678 re-

98 2703 128 2745 is.
149 2689 269 2757 Quando
288 2698 383 2747 auteiu
408 2695 547 2751 nonnullo
572 2694 724 2750 intervallo
746 2702 778 2746 ea
834 2706 920 2764 gnum
935 2690 1110 2759 coniunctim
1123 2697 1284 2761 spectemus
1304 2692 1492 2761 amplissimae
1507 2694 1660 2767 religionis

105 2759 190 2817 fldem
208 2775 319 2817 reversa
332 2763 401 2832 sint,
426 2779 589 2835 quanquam
614 2764 723 2836 digessi
747 2762 778 2816 in
834 2761 1658 2834 segetisferacissimum,postquamvidimusconjuuctim

98 2832 159 2903 gia,
178 2830 257 2887 lubet
281 2833 329 2888 bic
346 2847 401 2888 uuo
417 2837 508 2892 ductu
530 2835 657 2892 delibare
682 2833 779 2889 cantii
835 2833 989 2899 utriusque
1001 2830 1338 2888 horroremdnohusfere
1348 2834 1464 2890 saeculis
1474 2849 1538 2904 quae
1546 2837 1662 2905 preire

103 2902 188 2971 cujus
203 2903 272 2958 urbs
290 2905 428 2972 primaria
443 2907 639 2962 Durovernum
652 2919 702 2962 seu
712 2906 782 2961 Can·
835 2909 914 2960 runt.
928 2905 1021 2973 Atque
1040 2903 1152 2958 utinam
1167 2904 1259 2959 simili
1276 2904 1423 2960 ilrtiannia
1440 2903 1601 2964 infortunio
1613 2909 1665 2963 ite·

101 2974 156 3028 nde
170 2973 341 3030 cantuarios
353 2983 382 3030 et
397 2979 563 3033 vectuarios
576 2978 649 3033 Beda
671 2976 781 3032 incolas
837 2988 901 3030 rum
917 2973 1021 3031 fuisset
1042 2973 1176 3042 obnoxia,
1195 2981 1227 3029 ut
1250 2973 1360 3030 similis
1374 2989 1485 3045 semper
1507 2979 1662 3049 utriusque

104 3044 383 3117 tuttarumorigine,
399 3050 528 3104 oninium
554 3050 781 3119 primumevan-
836 3046 965 3101 conditio
987 3045 1022 3100 ad
1049 3049 1174 3100 nostram
1199 3058 1289 3114 usque
1304 3050 1414 3102 aetatem
1437 3048 1660 3105 memorareturl

98 3113 783 3190 ettiustraturanhugusttnomonachoprimus·
798 3152 822 3214 c
836 3119 905 3172 Nam
921 3115 1053 3184 llispani,
1073 3115 1123 3185 qni
1137 3115 1170 3169 ad
1195 3116 1320 3170 Asturiae
1336 3123 1446 3173 montes
1462 3115 1661 3191 confugerant,

98 3184 171 3241 ilum
199 3187 372 3254 heptarchiae
401 3204 498 3260 regum
518 3190 705 3256 AEdilhertus,
731 3201 782 3243 seu
836 3199 990 3255 secumque
1002 3184 1068 3241 fidei
1086 3185 1225 3254 reliquias
1247 3187 1429 3255 advexerant,
1456 3186 1529 3242 hanc
1554 3203 1666 3259 semper

98 3261 162 3324 tiis,
196 3257 390 3313 idololatriam
416 3261 583 3331 detestatus,
611 3260 782 3317 catholicam
840 3256 1010 3314 incolumem
1022 3261 1223 3314 servaverunt;
1239 3260 1268 3309 et
1280 3254 1328 3309 ubi
1343 3260 1481 3327 angustos
1496 3260 1576 3329 regni
1591 3259 1662 3315 flues

98 3326 283 3397 plectituran
295 3326 358 3384 597.
374 3332 439 3386 Post
452 3340 559 3401 septem
572 3345 673 3400 annos,
683 3341 783 3397 nempe
840 3327 978 3398 paulatim
992 3325 1115 3381 dilatare
1130 3324 1232 3380 iisdem
1249 3325 1345 3388 licuit,
1362 3327 1397 3381 ad
1413 3332 1520 3381 sartam
1530 3337 1616 3400 atque
1626 3336 1664 3386 te·

98 3397 184 3454 xonla
207 3398 376 3467 orientalis,
407 3417 492 3470 quam
529 3403 615 3458 hodie
639 3402 784 3485 regionem
839 3405 912 3455 ctam
938 3395 1071 3453 Ecclesia
1093 3395 1280 3464 disciplinam
1307 3395 1414 3467 ubique
1428 3401 1661 3470 conservandam,

98 3471 303 3552 ietnbfediam
326 3480 436 3540 vocant,
471 3473 614 3543 baptismo
635 3488 682 3529 sui
710 3471 785 3542 regis
840 3470 938 3540 plures
962 3470 1114 3550 episcopos
1134 3465 1306 3591 babuergnt.
1333 3472 1365 3523 ut
1390 3473 1512 3550 testatur
1536 3472 1664 3552 synodus

98 3540 605 3683 ati¹¹tiriliilatlliilh
619 3542 786 3685 latitia.
839 3540 1089 3682 titillantia
1097 3535 1665 3682 ,illaillatitiilifdiitttlitt}

98 3686 166 3736 iet
191 3684 337 3751 liciorum,
374 3686 447 3740 Beda
483 3692 564 3757 teste,
591 3684 785 3750 dividebatur,
841 3682 1217 3737 ciimvirtuseitremorum
1230 3679 1670 3762 dothicaegentisregumigna·

98 3764 110 3807 i
126 3764 219 3823 regem
236 3752 377 3823 baptizari
394 3756 517 3825 gloriata
530 3764 573 3812 est
587 3770 664 3812 anuo
678 3751 740 3823 dai,
754 3751 787 3809 ld
841 3753 887 3807 via
900 3749 1078 3812 labefactata,
1088 3750 1194 3805 sensim
1205 3751 1342 3819 ilispanis
1352 3750 1450 3819 rediit,
1462 3763 1668 3827 ceperuntque

98 3822 147 3879 dle
160 3831 260 3879 sancto
284 3827 440 3896 Paschatis,
455 3829 585 3887 Eboraci,
602 3826 787 3895 abepiscopo
845 3821 981 3878 barbaros
997 3821 1096 3890 praelio
1111 3822 1235 3883 vincere,
1251 3829 1337 3890 atquc
1348 3835 1382 3877 eii
1399 3821 1520 3878 urbibus
1536 3825 1670 3898 integris·

98 3893 142 3949 ciii
157 3895 305 3963 premium
320 3900 454 3953 reidono
470 3899 551 3955 dedit
566 3897 663 3953 urbem
684 3898 786 3966 ipsam,
845 3906 901 3964 que
915 3892 1074 3962 provinciis
1094 3891 1272 3961 propulsare,
1294 3893 1356 3960 pari
1378 3891 1546 3965 religionem
1568 3910 1669 3966 gressu

116 3962 196 4020 lieret
225 3967 416 4036 episcopalis,
440 3983 546 4039 sexque
559 3982 699 4024 annorum
712 3980 790 4038 praa-
844 3978 901 4035 quo
915 3975 994 4018 arma
1016 3962 1046 4018 in
1068 3976 1116 4018 eas
1136 3962 1269 4018 victricia
1296 3961 1432 4018 intulere.
1449 3965 1515 4032 Nec,
1532 3969 1666 4035 quamvis

98 4035 212 4092 emulta
228 4050 278 4105 pei·
292 4046 422 4095 sanctum
432 4042 597 4110 episcopum
612 4040 704 4094 millia
721 4043 790 4093 suut
845 4048 946 4106 magna
959 4033 1078 4089 vulnera
1105 4037 1273 4102 acceperant
1285 4034 1360 4089 sarri
1374 4046 1508 4105 canones,
1521 4036 1587 4092 novi
1602 4035 1669 4096 fue·

98 4120 122 4162 a.
153 4107 345 4164 Orientalium
370 4109 526 4181 auglorum
566 4108 787 4182 regnum,quod
846 4111 1005 4175 runtopus
1024 4117 1167 4174 praecones
1183 4104 1259 4169 fidei,
1284 4103 1336 4174 qul
1352 4105 1587 4178 Evangellum,a
1612 4124 1670 4181 quo

98 4175 208 4234 rebatur
223 4179 386 4248 provincias
399 4181 583 4248 Norfolciam,
600 4180 789 4237 suthfolciam
844 4177 965 4302 llisgaui
976 4188 1033 4232 non
1047 4173 1219 4243 defecerant,
1242 4175 1347 4231 iterum
1361 4176 1578 4233 annuntiarent.

98 4249 294 4320 brigiamcum
310 4251 404 4308 insula
418 4253 486 4321 Elii,
503 4261 535 4309 ut
555 4253 597 4308 ait
614 4253 719 4323 l’agius
734 4264 791 4304 au·
882 4245 1167 4302 l.Caterumhanc
1190 4259 1289 4302 novam
1315 4245 1505 4303 calamitatem
1526 4249 1672 4321 llispanlae
1747 4313 1750 4317 ,

98 4342 101 4369 r
125 4318 290 4390 Spelmanni
303 4322 360 4391 (un.
379 4320 441 4393 dat,
457 4340 486 4378 n.
501 4322 556 4393 ab),
574 4337 659 4380 suum
673 4323 789 4392 quidem
845 4330 992 4389 magnaei
1006 4317 1203 4388 parteallevat
1217 4331 1285 4389 gens
1302 4317 1409 4387 inclyta
1430 4318 1639 4378 Germanorum
1653 4337 1671 4380 a

98 4390 275 4462 irpualdum,
289 4405 339 4449 seu
353 4394 789 4464 Erpenwaldum,tihristiaiium
843 4391 871 4444 S.
889 4387 1046 4459 bonifacio,
1062 4389 1111 4444 cui
1128 4388 1234 4445 factum
1244 4392 1341 4458 postea
1351 4401 1452 4444 nomen
1464 4390 1592 4459 ejusdem
1606 4407 1671 4466 gen·

98 4461 129 4517 iri
155 4474 231 4517 anno
255 4461 322 4518 did:
342 4473 372 4521 at
394 4467 492 4522 eodem
507 4480 583 4522 anno
601 4479 666 4521 eum
690 4463 790 4520 dolens
846 4459 1037 4529 tisapostolo,
1051 4472 1087 4514 ei
1101 4459 1273 4515 idololatriae
1286 4458 1413 4514 tenebris
1428 4461 1585 4517 universim
1597 4466 1674 4521 edu-

98 4572 105 4599 ,
127 4533 245 4588 nonnisi
261 4531 323 4603 aad,
342 4542 394 4591 aut
417 4538 530 4593 tardius
543 4535 605 4608 630,
622 4538 790 4591 succedente
804 4559 831 4619 D
846 4538 890 4587 cta
904 4546 953 4600 per
969 4532 1043 4587 idem
1064 4536 1185 4611 tempus.
1200 4531 1274 4584 Huic
1284 4535 1378 4612 autem
1393 4529 1535 4613 universe
1549 4532 1672 4590 Germa-

98 4604 380 4673 ,cpiscopuchlix
406 4609 469 4676 ejus
494 4609 588 4679 gentis
615 4605 790 4662 instruendae
846 4615 949 4658 norum
974 4612 1156 4679 conversioni
1186 4607 1254 4680 ante
1279 4607 1390 4680 exitum
1415 4606 1532 4679 septimi
1569 4605 1669 4662 saeculi

98 4676 235 4743 suscepit.
251 4676 450 4733 occidentales
464 4679 598 4744 Sationes,
622 4679 672 4748 qul
689 4682 716 4731 et
730 4676 789 4731 Ge·
847 4672 1008 4743 proluserat
1027 4672 1055 4726 S.
1073 4669 1255 4725 willibrordi
1281 4671 1461 4738 praedicatio,
1473 4670 1524 4738 qul
1537 4675 1668 4730 omnium

100 4754 296 4815 uncupantnr,
311 4762 387 4803 anno
412 4748 466 4805 635
488 4750 632 4819 baptizato
643 4747 789 4819 cynigilso
846 4744 957 4813 primus
972 4743 1000 4798 in
1016 4740 1109 4796 frisia
1122 4745 1151 4822 et
1165 4740 1264 4810 aliqua
1276 4738 1475 4821 lucernariae
1491 4747 1570 4809 parte
1583 4745 1673 4801 Evan-

98 4828 155 4889 ege,
169 4817 328 4874 christiani
341 4819 424 4888 liunt,
439 4816 791 4891 praedicanteBlrinoepi·
845 4814 952 4886 getium
973 4813 1167 4876 annuntiavit,
1198 4810 1331 4892 fundavit
1355 4809 1522 4892 Ecclesiam,
1549 4826 1670 4884 eamque

98 4900 177 4958 qnam
194 4902 266 4957 papa
281 4891 423 4947 honorius
438 4906 471 4948 eo
486 4892 602 4947 miserat
615 4890 688 4946 nulli
702 4888 791 4944 addi·
847 4892 1003 4947 martyrum
1013 4883 1214 4954 indigenarum
1223 4879 1592 4963 sanguineconglutinavit.
1601 4885 1670 4954 Quae

97 4958 254 5028 lilteique
266 4960 339 5016 idem
349 4962 524 5034 cynigilsus,
537 4970 622 5032 atque
633 4959 789 5025 osualdus,
847 4962 903 5011 tam
918 4955 1000 5026 longe
1011 4960 1040 5008 et
1061 4962 1116 5008 tam
1128 4954 1185 5008 late
1204 4966 1254 5022 per
1263 4949 1560 5033 occidentemdilfusa
1575 4956 1671 5011 ilian-

98 5042 155 5085 icro
184 5042 249 5084 euin
280 5029 357 5087 fonte
384 5034 520 5103 suscepit,
537 5033 685 5101 diiamqne
709 5029 792 5084 iliius
846 5025 915 5098 gelli
936 5022 1101 5107 praedicatio
1125 5021 1420 5105 ¹portendebantinm
1448 5024 1574 5109 imperii,
1609 5033 1670 5083 tum

109 5098 205 5170 duxit,
231 5102 377 5158 donarunt
400 5105 499 5160 birino
513 5105 657 5159 civitatem
681 5101 791 5161 noreio,
846 5096 981 5154 ilcclesiaa
992 5093 1282 5177 orientalis,semper
1299 5090 1370 5147 levis
1379 5104 1548 5164 semperque
1567 5109 1673 5153 incon-

109 5171 205 5227 sedem
216 5173 406 5243 episcopalem
417 5175 581 5244 coustituit,
594 5174 680 5230 hodie
693 5174 794 5227 borce-
847 5167 963 5237 santis,
977 5165 1069 5237 primo
1083 5166 1326 5226 imminutionem,
1337 5163 1442 5219 delude
1452 5165 1538 5220 etlam
1555 5169 1674 5225 excidi-

98 5255 120 5296 ,ιι
136 5240 273 5311 Cobunis,
289 5252 316 5300 et
330 5247 487 5301 (laoniensi
508 5247 647 5301 comitatu
662 5243 794 5314 appella·
849 5237 1262 5296 umtJbicnimaudacissimis
1276 5236 1540 5304 semperstudemes
1552 5236 1676 5296 heresi-

98 5311 208 5368 ciorum
224 5328 354 5387 regnum,
371 5318 446 5387 quod
464 5317 604 5387 usquead
621 5329 729 5371 annum
742 5312 795 5370 dac
849 5306 1674 5389 bus,demumsacrasimaginespersecutiiugusti,adei·

99 5384 678 5454 utaheptarcbiaducesadministrarunt,
688 5392 716 5441 at
727 5391 796 5440 tnnc
851 5388 973 5437 tremum
983 5379 1106 5435 audaces
1114 5392 1176 5434 esse
1188 5384 1346 5448 coeperunt,
1355 5384 1383 5433 et
1393 5376 1548 5434 Ecclesiam
1564 5394 1679 5450 pessum

98 5455 275 5522 egisnomen
291 5458 348 5512 sibi
365 5460 512 5540 ascripsit,
528 5471 574 5513 an.
585 5455 647 5519 653,
662 5462 798 5525 regnante
854 5453 985 5523 quotidie
1001 5451 1052 5518 ire,
1064 5456 1092 5505 et
1109 5448 1409 5518 imperiumvacilians
1421 5450 1555 5519 primum,
1573 5452 1679 5510 deinde

98 5522 178 5581 idem
192 5535 236 5582 est
250 5529 412 5597 amplexum
424 5529 524 5597 Osivii,
540 5525 799 5584 Northumbroium
856 5526 971 5591 penitus
983 5521 1115 5602 dirutum
1128 5526 1311 5603 aspexerunt.
1327 5520 1407 5590 Quod
1425 5519 1463 5602 si,
1481 5527 1512 5574 ut
1525 5522 1620 5580 aicbat
1630 5526 1680 5581 Ba-

98 5633 100 5642 ‚
115 5594 170 5651 filii
189 5599 253 5667 ejus
267 5598 389 5655 hiciridi
412 5614 507 5670 opera.
525 5597 673 5653 hustrales
684 5599 800 5653 demum
857 5596 968 5664 ronius,
983 5613 994 5644 i
1007 5592 1131 5647 consilio
1144 5593 1195 5647 liei
1209 5590 1316 5648 lactum
1328 5597 1433 5646 utcum
1455 5602 1637 5664 insurgerent
1649 5597 1680 5652 iu

99 5705 107 5734 ,
132 5680 185 5722 seu
211 5670 409 5726 westsaxones
433 5671 589 5726 novissime
603 5667 732 5724 omnium
758 5668 802 5723 he·
856 5664 998 5721 Romanos
1020 5662 1170 5733 pontifices
1195 5664 1380 5732 imperatores
1410 5662 1500 5718 ltaliae
1522 5666 1631 5722 milltes
1651 5668 1681 5722 in

98 5750 114 5791 c
138 5751 292 5810 regnorum
316 5742 432 5797 cbristo
446 5742 588 5796 dederunt
611 5751 712 5795 nomen
727 5751 802 5795 anno
857 5748 906 5791 cos
919 5734 1101 5804 rebellarent,
1119 5734 1257 5789 malentes
1278 5744 1328 5803 pro
1344 5702 1439 5788 salute
1464 5735 1637 5803 pontidcum
1650 5737 1686 5790 ‘iii

98 5821 154 5864 um
169 5823 235 5883 rege
248 5810 438 5868 ltdilrialcbio
458 5811 542 5868 fldem
555 5809 726 5868 catholicam
738 5822 803 5865 am·
839 5829 843 5836 ·
857 5807 1016 5863 discrimen
1028 5806 1147 5879 adduci,
1161 5816 1246 5875 quam
1262 5801 1435 5861 Graecorum
1446 5805 1597 5862 minibus
1610 5806 1706 5872 ipsos

103 5904 222 5963 Parnoi.
249 5906 384 5965 CXXVll.
1530 5896 1578 5955 ἢ
