3892 6136
118 232 193 290 toea

549 238 708 295 HISTORIA
728 240 772 295 DE
791 241 878 298 VITIS
896 239 981 297 heht.
1002 238 1101 294 eunt.
1125 269 1158 277 -
1177 238 1211 308 S.v
1225 239 1392 295 eleuatis

1753 242 1823 301 thee

116 359 204 415 lestis
214 361 336 415 visionis
344 361 491 434 suffragio,
506 364 560 433 ipsi
577 364 767 422 substitutum
780 364 946 434 episcopum
957 367 986 427 Α
1004 376 1066 417 mus
1080 361 1202 417 Gattola.
1220 369 1289 418 tuno
1303 365 1382 433 prior
1396 365 1573 421 celeberrimi
1589 366 1822 424 illiusmonaste·

114 432 324 487 Alexandrum.

157 502 262 556 Prater
275 503 341 558 illas
353 517 417 559 vero
430 511 510 560 notas
530 506 748 578 chronologicas
766 506 904 562 Clementi
920 512 948 561 et

115 572 199 628 Cleto
212 587 388 641 communes,
407 578 538 645 proprias
552 578 599 633 bic
617 585 739 634 attexam
768 578 862 634 solius
882 577 949 632 tile-

118 645 314 714 mentisque
330 645 478 702 illustrare
489 649 574 702 etiam
587 656 721 718 poterunt
734 649 818 705 verba
837 648 949 703 Biblio-

116 715 244 770 thecarii
263 715 371 772 numi
397 724 436 772 tta
455 718 630 784 dispositas:

159 785 244 840 Linea
259 783 286 839 ἱ).
302 817 336 826 -
356 788 433 841 Sedit
458 805 544 843 unitos
557 788 583 851 9,
603 807 706 846 rnenses
727 789 755 852 2,
783 792 841 847 dics
862 789 904 852 II),
920 796 949 845 et

117 857 175 911 liu.
187 857 296 919 eadent,
310 865 339 912 el
353 873 411 928 seq.
428 889 462 898 -
475 861 539 913 Fne't
556 867 646 914 cutem
667 864 830 931 temporibus
856 861 949 917 Galba

117 935 148 982 et
166 929 353 995 Vesposinnr'o
365 930 508 983 corrsrtlottt
522 933 651 986 Trachali
664 940 689 987 el
704 935 856 1005 Italici(ita
870 933 946 987 ettInt

118 999 292 1069 corrigenda
321 1002 438 1066 Trojoni
459 1006 484 1054 et
498 1003 589 1056 italici
604 1006 766 1060 mendosam
796 1005 944 1060 lectionem

116 1083 154 1123 ex
166 1071 335 1124 correctiori
349 1076 428 1125 textu
454 1073 584 1127 codicum
610 1076 750 1142 VaticahI,
767 1075 943 1143 casinensis

116 1139 946 1202 etdnoruml'lorentinorurnmonuimuscumschelestra-

118 1210 945 1283 tio,suffraganteetiamcatalogovetustissimoLiberiano

117 1281 337 1349 supraopusc.l
355 1284 383 1336 in
394 1285 734 1353 erotegomeatseditoet
745 1288 813 1342 lruic
826 1300 945 1341 numero

118 1353 261 1419 subnexo)
276 1368 360 1420 arsque
373 1355 571 1422 Vespasianum
582 1370 632 1411 xttt
649 1367 675 1411 et
688 1361 777 1412 Titum
798 1372 837 1411 vt.

156 1426 301 1478 summam
317 1438 456 1479 annorum
473 1424 500 1488 0,
516 1429 655 1482 mensium
674 1426 700 1495 2,
718 1444 748 1483 ac
771 1429 884 1483 dierum
902 1426 944 1489 te,

116 1507 184 1549 esse
198 1496 416 1563 contputandam
427 1510 461 1549 ex
479 1499 605 1565 proxime
620 1499 764 1566 superiori
793 1498 945 1554 consulatu

117 1565 273 1633 Capitonis
300 1571 328 1620 et
347 1567 421 1631 liuh,
441 1569 468 1619 in
486 1583 568 1637 quem
585 1570 694 1623 desinit
710 1572 799 1624 birrus
814 1571 946 1624 decessor

117 1635 287 1700 Clementis,
316 1638 349 1690 ad
376 1638 556 1693 consulatum
582 1641 748 1709 Vespasiani
779 1642 943 1709 septimum,

1003 433 1048 500 rii,
1064 440 1091 487 et
1107 433 1353 488 bibliothecarius.
1378 450 1432 504 pra
1445 436 1547 490 eximia
1573 451 1625 492 sua
1650 439 1822 505 eruditione,

1002 511 1029 558 et
1047 503 1085 557 rei
1099 503 1267 572 antiquariae
1287 505 1384 560 studio
1397 519 1469 575 saepe
1482 506 1641 561 celebratus
1665 522 1679 561 a
1696 508 1749 561 VV.
1764 507 1818 563 GC.

1003 573 1168 629 btabtttonio
1183 582 1210 629 et
1226 573 1435 632 hlontiuuconio
1451 577 1513 631 suis
1537 577 1565 631 in
1579 577 1679 632 diariis
1706 579 1820 643 italicis,

1002 646 1088 712 dono,
1102 645 1228 715 inrxuam,
1245 647 1360 701 dederat
1375 646 1573 702 illustrissimo
1597 661 1630 702 ae
1643 649 1823 702 reverendis-

1003 717 1075 771 simo
1098 716 1213 786 praesuli
1226 717 1327 771 loanni
1341 717 1497 787 CiampIno,
1513 719 1581 774 dum
1599 718 1631 772 ad
1658 718 1821 773 monasterii

1002 786 1163 842 casinensis
1179 787 1333 841 sacrarium
1363 796 1516 858 utrumque
1530 796 1658 844 nostrum
1671 789 1824 844 deduceret

1004 857 1152 926 hospitem.
1166 864 1193 912 et
1220 858 1375 914 liberaliter
1397 859 1549 915 admodum
1568 860 1692 927 haberet,
1709 860 1824 915 sedente

1003 929 1165 983 Innocentio
1187 929 1246 983 xit.
1267 929 1384 984 l‘retiosi
1410 930 1496 997 hujus
1520 930 1670 1000 fragmenti
1688 930 1823 985 memoria

1002 999 1040 1053 ita
1064 999 1133 1054 mibi
1158 1012 1213 1054 non
1229 1000 1384 1061 exciderat,
1411 1006 1442 1055 ut
1469 1002 1520 1056 boe
1536 1016 1593 1069 prae
1612 1002 1724 1056 caeteris
1750 1001 1820 1057 dili-

1001 1071 1257 1141 genterquaesitum
1269 1071 1344 1126 inter
1357 1070 1543 1141 antiquitates
1554 1077 1617 1141 post
1629 1072 1737 1127 obitum
1749 1073 1823 1139 elus

999 1143 1062 1196 dem
1076 1141 1207 1210 praesulis
1219 1141 1370 1196 distractas
1385 1142 1550 1198 redemerim
1562 1156 1595 1197 ae
1611 1141 1822 1209 reservaverim,

1000 1212 1161 1266 addendum
1172 1213 1292 1282 reliquis
1304 1212 1469 1269 lectioribus
1482 1213 1682 1282 marmoribus,
1695 1215 1728 1269 ad
1742 1213 1823 1269 ebro

1002 1283 1143 1363 nologiam
1170 1282 1372 1338 illustrandam
1394 1285 1521 1339 studiose
1548 1284 1675 1339 collectis
1698 1286 1734 1339 ab
1749 1284 1823 1338 emi-

1001 1354 1169 1409 nentissimo
1182 1367 1214 1407 ac
1240 1354 1473 1411 reverendissimo
1488 1355 1648 1411 alexandro
1668 1357 1745 1410 card.
1769 1353 1823 1409 bt-

1001 1425 1083 1480 hano.
1101 1427 1139 1478 Ex
1159 1425 1309 1480 consulum
1330 1426 1402 1480 serie
1417 1426 1549 1480 similiter
1563 1426 1692 1481 ordinata
1709 1426 1737 1480 iu
1754 1425 1823 1494 Epi-

1001 1497 1107 1566 graphe
1130 1496 1183 1564 apd
1212 1496 1367 1551 Gruterum
1392 1495 1442 1551 Iol.
1470 1496 1534 1561 2²99,
1557 1503 1584 1552 et
1608 1510 1641 1552 ex
1667 1496 1723 1551 alia
1750 1497 1823 1552 serie

1001 1566 1150 1621 corisulum
1178 1566 1372 1636 naagIstratum
1401 1569 1494 1623 homae
1510 1568 1669 1622 ineuntium
1685 1580 1740 1622 una
1756 1581 1821 1623 cum

1001 1638 1106 1691 annuis
1125 1636 1257 1691 ludorum
1277 1639 1459 1693 curatoribus
1476 1639 1549 1708 apud
1572 1638 1696 1699 antium,
1714 1644 1822 1708 reperta

119 1707 326 1775 praesignatur
349 1708 376 1761 in
395 1708 509 1764 laurlato
527 1711 656 1781 catalogo
677 1711 821 1766 liberiani
847 1710 945 1765 saculi
962 1712 985 1770 Β
1001 1708 1085 1762 simul
1112 1720 1175 1762 oum
1194 1706 1350 1772 fragmento
1376 1709 1538 1764 Kalendarii
1561 1709 1668 1763 iuliani
1681 1724 1751 1764 eura
1770 1723 1823 1764 so-

119 1778 191 1831 limis
214 1778 379 1846 Clementis,
401 1793 464 1833 curn
487 1795 573 1849 supra
596 1783 790 1848 ostenderim,
810 1783 946 1837 contlrmo

119 1861 211 1914 nunc,
233 1862 265 1902 ac
288 1850 452 1905 ‹leruonstro
466 1852 629 1907 evidentius
653 1867 686 1907 ex
707 1858 828 1922 antiquo
852 1853 946 1921 laphde

121 1920 272 1973 Fastorum
290 1920 510 1988 municipalium
522 1923 550 1976 in
566 1938 633 1993 agro
645 1925 794 1979 tlasbreusi
815 1932 942 1992 reperto:

120 1990 172 2044 ubi
187 1991 314 2045 rationes
331 1992 497 2047 novennalis
509 1994 628 2062 huiusce
640 1997 727 2063 spatii
742 1997 872 2064 utrisque
885 2007 941 2048 ma·

119 2061 295 2185 {istratibas
315 2065 532 2134 consignantur.
545 2064 658 2120 scilicet
672 2067 781 2121 indicio
794 2065 945 2120 consulum

145 2146 314 2187 omanorum
338 2141 367 2188 et
400 2136 565 2191 recensione
594 2137 792 2208 allagistratum
824 2142 947 2206 quatuor

120 2203 270 2265 Virumet
292 2205 551 2274 quinquennaliurn
568 2208 631 2275 ejus
644 2209 743 2277 oppidi
758 2206 800 2262 vel
815 2207 945 2274 coloniae,

119 2273 155 2328 ad
180 2289 264 2344 quam
283 2275 356 2343 lapis
376 2277 525 2345 pertinuit,
543 2292 591 2347 per
605 2293 695 2334 annos
710 2278 842 2348 singulos
854 2278 945 2332 eidem

118 2359 240 2399 summae
264 2347 401 2415 temporis
415 2350 612 2416 respondente.
642 2350 708 2404 Iride
723 2356 816 2404 :autem
838 2351 946 2418 perspi-

119 2430 207 2470 cuum
224 2416 280 2481 liet,
298 2425 368 2487 quot
383 2419 519 2487 germinis
530 2421 711 2475 documentis
723 2421 946 2490 adiuvaretorin

122 2488 176 2541 hac
190 2490 346 2556 prasertim
359 2490 465 2544 italicae
477 2497 555 2559 parte
563 2491 630 2546 Urbi
642 2493 771 2560 proxima
784 2491 947 2546 consularis

121 2558 312 2628 chronologia
327 2574 375 2629 per
390 2567 498 2616 aetutem
518 2561 634 2630 liberii,
646 2565 713 2618 dum
731 2563 946 2617 vetustissimus

121 2628 174 2683 ille
190 2630 337 2701 catalogus
351 2632 541 2687 bumanorum
555 2634 722 2701 pontilicum
741 2635 883 2701 ederetur,
899 2646 948 2687 an·

120 2708 237 2769 tequam
253 2708 356 2756 exterae
380 2705 572 2767 nationesne
590 2705 758 2772 perdendam
777 2710 804 2759 et
828 2710 945 2758 vastan-

117 2776 187 2824 dam
203 2771 313 2826 ltaliam
326 2773 478 2838 advocatae,
501 2775 560 2828 baec
580 2776 755 2831 ntortimenta
777 2775 946 2843 disjicerent

118 2854 153 2895 ao
169 2842 356 2911 dissiparent.

158 2914 344 2969 hlarmorearn
370 2915 442 2970 banc
467 2916 605 2983 tabulam,
626 2917 817 2989 fragmentum
831 2917 945 2987 insigne

119 2985 275 3053 amplioris
296 2986 411 3055 lapidis
433 2986 561 3042 eliossam
580 2990 609 3043 iu
628 3003 697 3060 agro
717 2987 857 3053 Casinati,
870 2988 945 3041 dono

1002 1779 1074 1834 lerti.
1092 1784 1118 1832 et
1142 1777 1311 1834 liberalitate
1328 1780 1458 1834 munitlca
1470 1779 1595 1847 ejusdem
1608 1779 1744 1850 principis
1759 1779 1825 1834 emi·

1002 1849 1162 1904 nentissimi
1177 1855 1242 1904 ante
1253 1863 1344 1905 aranos
1362 1864 1421 1910 sex.
1439 1865 1492 1905 suo
1507 1857 1632 1920 tempore
1642 1852 1761 1920 merida,
1775 1851 1823 1904 in-

1000 1920 1157 1989 telligimus
1174 1927 1278 1989 exortem
1292 1934 1353 1976 esse
1371 1923 1517 1976 l'astorum
1534 1921 1760 1989 municipalium.
1775 1934 1825 1989 per

1000 2005 1091 2046 aranos
1114 1991 1253 2062 singulos,
1285 1992 1439 2047 ordinariis
1465 1991 1633 2048 coexsulibus
1660 1993 1821 2056 distinctos,

1001 2062 1247 2130 complectentium
1263 2063 1504 2128 nominatlurxtuor
1520 2066 1616 2118 Virum
1629 2063 1822 2125 luridicuado,

1001 2139 1026 2187 rt
1041 2134 1301 2201 Quinquenrtebum,
1318 2136 1372 2189 sub
1395 2133 1572 2204 principibus
1585 2135 1704 2201 Nerone,
1721 2134 1820 2200 Galba,

1002 2206 1121 2270 Othone,
1150 2204 1269 2271 Vitellio,
1287 2219 1319 2260 ac
1341 2205 1523 2275 VespusIano,
1545 2205 1573 2259 in
1596 2207 1694 2261 eodem
1718 2205 1823 2276 oppido

1002 2289 1051 2330 seu
1071 2275 1193 2339 colonia,
1221 2277 1387 2346 irrrrgistratn
1413 2276 1587 2332 iunctorum.
1620 2277 1745 2332 Primum
1773 2289 1824 2344 par

1002 2347 1152 2402 consulum
1163 2360 1197 2401 ex
1212 2347 1416 2409 superstitibus
1428 2347 1455 2401 in
1473 2347 1588 2402 laudato
1602 2346 1761 2417 fragmento
1774 2345 1824 2400 iu-

1001 2418 1076 2471 dicat
1101 2418 1213 2471 nomina
1242 2418 1388 2485 Capitonis
1414 2424 1441 2473 et
1467 2418 1542 2484 llud,
1558 2432 1608 2473 seu
1629 2432 1735 2473 artuum
1761 2431 1824 2471 aera

1000 2487 1106 2542 dhristi
1120 2485 1337 2553 communis67,
1363 2489 1516 2544 Neroniani
1531 2495 1624 2544 autem
1636 2488 1746 2559 imperii
1762 2493 1824 2543 ter-

1001 2559 1073 2613 tium
1099 2559 1242 2614 decimum
1269 2561 1441 2630 completum
1470 2574 1501 2614 ιιι
1534 2560 1599 2615 Idas
1626 2559 1767 2628 Octobris,
1796 2565 1823 2614 el

1000 2643 1034 2683 ex
1049 2630 1095 2685 die
1122 2631 1250 2697 moxima
1279 2636 1412 2700 ‹puartum
1428 2631 1569 2686 decimum
1587 2631 1742 2694 ineuntem,
1758 2643 1823 2684 eum

1000 2701 1047 2756 dle
1062 2700 1098 2755 bd
1118 2701 1291 2769 Septembris
1311 2702 1398 2757 Linus
1422 2701 1588 2771 martyrium
1613 2701 1822 2769 complevisset,

1001 2773 1042 2827 uti
1058 2786 1092 2827 ex
1105 2772 1206 2827 iisdem
1223 2773 1402 2841 consulibus,
1426 2772 1548 2828 termino
1565 2773 1748 2840 pontihcatus
1761 2771 1823 2826 bini

1000 2843 1153 2915 assignatis
1168 2843 1197 2897 in
1211 2845 1340 2914 catalogo
1355 2844 1513 2913 tiberiano,
1526 2844 1709 2913 perspicuum
1726 2844 1766 2898 tlt.
1784 2845 1823 2896 En

1000 2914 1093 2983 ipsum
1111 2914 1242 2983 lapidem.
1258 2914 1286 2968 iu
1298 2928 1356 2985 quo
1367 2914 1505 2969 claritatis
1517 2913 1607 2985 gratia
1624 2913 1824 2970 consulatibus

1000 2985 1120 3054 apposui
1133 3000 1180 3053 per
1189 2985 1277 3039 cit'ras
1289 2986 1428 3040 arabicas
1439 2998 1590 3040 numerum
1601 2998 1744 3040 annorum
1761 2995 1824 3039 aerae

118 3054 192 3110 olim
208 3056 324 3111 dederat
350 3060 606 3115 reverendissimus
620 3062 700 3115 Parter
721 3060 809 3114 abbas
821 3062 853 3112 l).
880 3061 946 3114 Eras
960 3047 984 3108 C
999 3054 1104 3110 ChrIsti
1115 3056 1275 3111 communis
1286 3056 1393 3125 quibus
1409 3056 1590 3124 respondent.

120 3131 158 3189 bi
176 3150 200 3189 e.
219 3136 337 3192 Fonteio
350 3139 535 3208 capitaneo.
555 3141 647 3196 IVLIO
661 3139 752 3195 livio

362 3250 420 3263 ...
437 3210 489 3265 IVS
504 3210 643 3267 hhtsevs

440 3310 549 3364 naurs
562 3293 612 3365 hu
628 3312 694 3365 vra.
714 3311 733 3364 ι.
756 3311 787 3363 u.

118 3374 170 3431 aa.
183 3376 227 3430 m.
239 3376 320 3433 earm
333 3378 405 3434 sua
419 3379 517 3435 taraco
533 3380 682 3437 extumo
694 3379 874 3437 xaxouxto

442 3450 518 3506 'stass
537 3451 617 3521 axau
725 3452 831 3521 aaran

442 3549 570 3604 navans

120 3640 159 3698 oe
174 3644 244 3712 xmp.
259 3645 323 3700 sea
338 3625 493 3716 grunnii.
510 3649 540 3701 ἰ.
558 3645 651 3702 lxxxo

364 3785 424 3800 ....
442 3745 565 3801 xxxxxs
582 3745 689 3800 vexus
701 3723 752 3799 u‘u
762 3746 829 3800 ιιιι.
846 3747 865 3801 ι.
885 3747 908 3798 u

445 3843 598 3899 saratas
645 3827 701 3900 ihr
718 3843 785 3897 vrn.
803 3843 831 3896 e.
850 3843 912 3897 xa.

446 3942 523 3997 atvs
539 3925 708 3998 xroaahb
724 3941 791 3997 xxx.
810 3941 839 3994 a.
855 3942 884 3994 ι.
899 3940 929 3992 r.

121 4007 161 4065 te
178 4013 249 4080 Imp.
267 4012 412 4080 Vespianll
424 4015 457 4068 ll.
472 4013 550 4069 TITO
562 4013 652 4068 FILIO

445 4112 499 4166 xxs
517 4110 636 4166 utactio
686 4089 743 4166 mi
756 4111 785 4164 e.
801 4112 831 4164 t.
849 4112 877 4165 h.

444 4207 518 4262 atvs
531 4207 666 4264 toxoxs

444 4307 472 4360 s.
488 4288 752 4362 iraacmmsmr
766 4307 832 4362 vra.
852 4308 881 4361 e.
896 4309 925 4361 x.
940 4307 971 4360 e.

362 4415 368 4427 .
381 4415 387 4428 .
399 4416 423 4428 ..
442 4377 635 4464 xtabt'ttutvs

119 4466 154 4525 tt
175 4471 245 4539 tmp.
261 4472 444 4541 Vespasiab'll
460 4476 546 4529 tttht.
561 4473 705 4529 GOCCEIO
722 4475 839 4530 NElth

1019 3134 1082 3190 COS
1527 3136 1555 3189 0.
1573 3136 1709 3192 xvtttus
1723 3135 1821 3191 ooth.

1551 3207 1590 3259 tt.
1609 3207 1764 3261 CLODIVS.
1776 3246 1782 3257 .
1794 3245 1818 3259 ..

1390 3299 1426 3360 ta
1447 3305 1515 3359 rire.
1535 3303 1746 3359 vusexsuho
1762 3284 1820 3358 ιι-ιι.

1483 3374 1519 3429 x.
1535 3375 1613 3430 xre.
1627 3374 1657 3429 c.
1676 3373 1824 3430 xvaarvs

1568 3446 1716 3501 xvauxvs
1736 3445 1821 3501 rvs..

1447 3542 1483 3600 aa
1496 3543 1687 3601 uoarrmaxo
1703 3525 1824 3599 rictas

1427 3643 1459 3697 x.
1474 3643 1551 3698 arx.
1569 3642 1665 3697 arans
1680 3643 1723 3696 m
1737 3639 1821 3695 noar.

1494 3742 1548 3796 cx.
1562 3741 1678 3795 uvam.
1697 3740 1820 3795 rxvs...

1503 3840 1539 3893 ιι.
1557 3837 1779 3894 nannomvs..
1796 3875 1821 3891 ..

1411 3933 1447 3991 tt
1462 3937 1531 3992 me.
1544 3934 1756 3992 vesexsxxuo
1773 3915 1821 3990 i..

1474 4007 1507 4062 x.
1523 4009 1601 4062 aaa.
1615 4006 1645 4063 c.
1658 4004 1823 4062 ausuras.

1016 3377 1079 3433 COS

1018 3644 1081 3700 005

1027 4010 1089 4066 005

1536 4107 1563 4160 P.
1579 4104 1785 4160 CORNELIVS.
1797 4143 1821 4159 ..

1421 4201 1458 4261 75
1470 4205 1541 4260 tur.
1559 4181 1823 4260 vssrxsmxo'v't.

1507 4303 1538 4358 C.
1553 4303 1663 4358 VIBIVS
1675 4302 1768 4357 ttae.
1779 4341 1785 4354 .
1796 4340 1822 4356 ..

1523 4375 1553 4428 0.
1569 4372 1822 4429 sabathaca..

1020 4474 1093 4530 ’008

161 4553 228 4606 Post
241 4552 374 4607 consules
397 4554 465 4608 anni
493 4551 527 4609 al
550 4559 583 4609 0.
612 4557 760 4611 Fonteium
782 4556 946 4625 Capitonem
960 4559 988 4620 D
1004 4557 1128 4619 sianum,
1146 4555 1195 4624 qui
1210 4554 1271 4608 lial.
1293 4553 1361 4608 Iulii
1386 4552 1540 4620 imperator
1553 4549 1589 4605 ab
1602 4551 1727 4605 exercitu
1742 4549 1822 4605 salu-

121 4622 156 4677 G.
175 4623 282 4678 lulium
299 4622 414 4691 llulum,
427 4633 590 4695 sequuntur
605 4641 678 4681 coss.
699 4627 767 4681 :anni
787 4627 832 4694 ae,
855 4628 949 4683 Silius

122 4693 243 4749 Italicus
253 4701 281 4748 et
294 4695 323 4748 0.
339 4694 470 4751 Valerius
482 4696 649 4758 Trachalus,
662 4697 772 4768 legendi
789 4699 864 4767 apud
877 4699 950 4754 Gru·

124 4773 218 4819 terum
231 4778 293 4836 pag.
311 4763 373 4833 300,
390 4774 417 4822 et
434 4774 508 4822 recte
519 4770 653 4824 attributi
669 4769 698 4824 in
709 4769 848 4840 catalogis
862 4770 949 4824 initio

120 4835 280 4891 Clementis
297 4850 373 4905 papa
386 4857 393 4904 3
404 4852 469 4893 cum
487 4839 610 4907 primum
631 4841 735 4895 Pascha
748 4839 802 4895 sub
817 4841 863 4895 bis
874 4854 948 4895 coss.

122 4906 453 4964 celebraverittllemens
476 4924 509 4965 ex
531 4925 587 4980 aluo
604 4912 673 4966 tino
688 4918 866 4967 successerat
886 4919 950 4979 post

121 4979 201 5033 diem
220 4978 302 5032 lilius
317 4981 446 5049 martyrii
459 4981 495 5036 “23
511 4983 685 5051 Septembris
700 4979 822 5036 arraial.
839 4983 949 5036 lliseis·

122 5049 189 5103 dem
201 5061 266 5103 coss
290 5051 362 5105 Nero
377 5065 473 5107 sesua
488 5066 572 5107 mauu
590 5053 734 5110 interiecit
746 5054 794 5108 die
817 5053 947 5115 illunii:

122 5118 214 5174 Galba
232 5134 308 5188 xero,
336 5123 384 5190 (pai
408 5122 436 5176 in
454 5124 601 5193 ltispaniis
618 5127 770 5194 imperium
796 5125 948 5186 intruserat.

123 5191 284 5258 imperator
306 5208 322 5245 a
338 5200 438 5248 senatu
451 5196 548 5251 dictus
568 5202 619 5250 est.
635 5198 715 5252 Anno
732 5197 895 5267 insequenti
915 5193 949 5250 oe

124 5263 198 5324 imp.
212 5262 328 5317 Servius
342 5264 488 5333 sulpxitius
498 5266 587 5321 Galba
607 5281 635 5320 ιι.
653 5270 683 5321 Τ.
696 5267 800 5323 Vinius
816 5267 949 5323 consules

123 5332 181 5413 boe
197 5333 230 5413 in·
253 5347 391 5389 marmore
420 5337 526 5406 sIgnati
550 5338 706 5406 procedunt
729 5339 791 5394 Kal.
806 5339 947 5407 lanuariI,

123 5417 178 5473 qur
194 5411 280 5457 ettam
293 5404 428 5473 leguntur
443 5407 500 5461 alio
516 5413 543 5463 in
558 5422 697 5463 marmore
708 5409 781 5477 apud
794 5410 948 5463 Gruterum

123 5473 177 5529 tol,
201 5486 332 5541 ccxxxix,
358 5473 428 5531 tet
454 5480 528 5547 apud
558 5481 726 5534 Panvimum
758 5480 785 5532 in
804 5480 904 5539 Fastis,
921 5486 949 5534 et

122 5545 202 5614 apud
218 5546 347 5600 Tacitum
360 5550 434 5601 llist.
456 5552 507 5602 lib.
526 5550 686 5618 uallesque
710 5550 874 5603 historicos.
897 5551 949 5604 llic

123 5629 222 5670 annus
236 5615 285 5686 (ait
300 5619 378 5671 card.
404 5620 535 5674 Norisius
559 5619 685 5688 epistolae
711 5620 872 5676 consularis
885 5636 947 5693 pag.

124 5684 171 5753 tx)
192 5693 317 5768 quatuor
339 5688 521 5759 imperatores
545 5691 658 5746 babuit:
683 5690 811 5747 Galbam.
834 5692 882 5762 qui
906 5695 943 5746 bl.

123 5757 213 5814 Saba
235 5758 357 5814 Othonis
373 5761 485 5816 insidiis
505 5760 552 5816 die
568 5759 601 5817 l5
623 5763 749 5819 ianuarii
763 5764 949 5834 interemptus

124 5835 191 5910 esta
206 5829 357 5910 Othonem.
374 5833 424 5902 qui
439 5845 534 5904 pugna
558 5833 735 5891 Bebriacensi
746 5835 848 5901 victus,
862 5841 950 5891 semet

124 5905 245 5956 ternum
259 5901 370 5969 Imperii
391 5916 516 5961 mensem
527 5918 659 5962 emensus
669 5904 828 5974 interiecit,·
842 5907 951 5980 Vespa-

1004 4633 1081 4683 tatus
1095 4625 1148 4682 luit
1160 4643 1167 4693 ς
1181 4639 1214 4679 ac
1232 4624 1356 4693 denique
1372 4621 1526 4691 Vitetbum,
1540 4620 1589 4690 qui
1609 4626 1729 4676 exeunte
1750 4632 1825 4676 anno

1005 4705 1121 4753 necatus
1149 4695 1338 4764 principatum
1367 4693 1416 4748 uni
1439 4691 1609 4761 Vespasiano
1632 4690 1757 4761 reliquit.
1775 4691 1824 4746 llic

1004 4767 1151 4836 bnperarit
1175 4779 1265 4820 annos
1293 4766 1400 4821 decern.
1428 4777 1550 4832 quorum
1575 4768 1638 4818 octo
1664 4762 1727 4818 Tito
1765 4762 1825 4817 llllo

1004 4838 1107 4908 septies
1121 4836 1230 4908 collega
1252 4834 1313 4890 suis
1327 4833 1525 4889 consulatibus
1547 4835 1576 4888 in
1594 4833 1682 4888 l'astis
1704 4832 1825 4904 signauit

1003 4911 1084 4981 (teste
1102 4906 1237 4963 suetonio
1264 4906 1291 4960 iu
1318 4904 1489 4974 vespasiano
1513 4918 1578 4974 cap.
1601 4906 1660 4959 ttet
1681 4918 1742 4972 cap.
1758 4902 1776 4958 6
1790 4904 1825 4959 de

1007 4981 1066 5035 l'ita
1080 4979 1154 5049 Titi).
1174 4981 1259 5032 Porro
1280 4977 1392 5032 eosdem
1413 4976 1582 5031 consulatus
1597 4975 1625 5030 in
1654 4973 1824 5030 Cassiodoro

1004 5051 1132 5119 aliisque
1154 5048 1294 5115 turbatos,
1309 5061 1342 5103 ae
1365 5046 1500 5102 contusos
1518 5045 1669 5101 Panuinius
1684 5056 1824 5115 anonymo

1004 5124 1079 5191 apud
1104 5119 1309 5175 Gusriniauum
1327 5118 1483 5187 lampadem
1509 5116 1673 5187 praeiereute
1696 5115 1824 5171 omnium

1007 5193 1115 5263 primus
1127 5190 1362 5247 accurrentissime
1378 5188 1505 5259 dlgessit,
1517 5202 1550 5243 ac
1566 5200 1746 5243 nummorum
1759 5187 1827 5257 lapi·

1004 5268 1131 5333 dumque
1145 5260 1383 5331 inscriptionibus
1397 5259 1510 5315 abunde
1536 5257 1721 5314 corallrmavit.
1736 5277 1748 5307 a
1763 5260 1825 5312 hn-

1004 5332 1311 5405 onyrnusGuspihiahi,
1325 5333 1360 5386 de
1376 5344 1433 5401 quo
1450 5330 1495 5385 hic
1509 5329 1647 5400 loquitur,
1664 5328 1824 5385 editusiuit

1004 5407 1040 5461 ab
1065 5409 1162 5460 eodem
1179 5403 1290 5458 Norisio
1319 5408 1380 5472 post
1406 5403 1528 5470 epochas
1550 5400 1822 5470 syromacedonum.

1004 5473 1152 5532 disserti
1180 5475 1213 5528 ad
1247 5475 1343 5529 hastos
1371 5476 1554 5528 eortsulares:
1585 5471 1632 5525 ubi
1656 5471 1825 5527 decennium

1005 5547 1168 5617 Vespasiani
1183 5544 1319 5615 principis
1334 5558 1399 5600 eum
1423 5542 1580 5599 ordinariis
1593 5541 1762 5599 consulibus
1787 5542 1826 5598 ita

1004 5618 1165 5675 exhibetur.

1002 5692 1074 5745 AErae
1089 5689 1209 5745 Christi.

1003 5762 1038 5817 be
1180 5759 1270 5816 Galba
1290 5774 1310 5815 ιι
1323 5766 1350 5815 et
1370 5759 1454 5815 Vinio
1632 5757 1690 5814 Sol.
1711 5759 1771 5814 XV.

1002 5831 1039 5890 70
1182 5832 1354 5902 Vespasiano
1367 5830 1511 5887 lletl'ho
1637 5824 1845 5882 mamae.

1002 5903 1036 5966 tt
1183 5901 1570 5978 impasxanoutetuema
1646 5897 1730 5949 aar.
1743 5888 1830 5940 W·
