3892 6136
72 214 128 274 tm

433 214 635 272 scamunsrn.
656 214 808 271 mssmr.
829 214 874 270 ou
899 181 1115 283 aurianam.
1137 215 1235 271 nour.
1256 214 1424 271 caracae.

1693 239 1697 246 ·
1730 215 1782 276 tis

71 346 257 402 ostenderam
274 345 305 400 in
319 344 411 413 prima
423 342 833 414 antiquitatislicclesiasrica
847 341 944 400 edi-A
960 341 1015 397 lam
1038 343 1172 411 scriptam
1200 356 1271 411 esse,
1294 356 1358 398 cum
1376 345 1411 397 Ι).
1436 344 1626 414 Hieronymus
1640 344 1671 401 in
1697 344 1780 413 Syria

72 435 165 501 tione,
180 441 213 489 ut
233 432 264 485 V.
278 433 308 487 C.
324 430 536 501 papebrochius
552 431 580 485 iu
597 430 740 500 Propylaeo
760 430 795 484 all
812 443 904 498 quar-

72 528 134 578 tum
153 527 264 578 tomum
287 521 366 584 Hali,
393 532 446 590 pag
474 533 517 585 vu,
543 519 712 573 sententiam
731 515 902 572 henschenii

73 608 296 678 predecessoris
308 608 354 663 sui
370 607 579 662 retractandam
589 605 714 672 duxerit,
731 603 900 673 adjungens,

73 711 104 753 se
124 695 292 753 rationibus
314 693 560 750 meisconvictum
579 693 663 748 malle
680 692 817 761 epistolas
837 690 902 745 illas

71 799 107 840 ex
121 790 200 840 tomo
216 785 226 838 l
245 784 358 853 Aprilis
372 787 540 851 expunctas.

108 870 138 928 5.
163 873 326 943 ignoverat
339 869 552 940 papebrochius
561 883 644 939 quam
665 869 799 940 eleganti,
817 881 902 938 quam

73 958 178 1016 llorido
193 959 278 1029 stylo,
296 958 343 1014 usi
364 966 445 1013 erant
464 960 497 1013 Ι).
513 959 702 1028 Hieronymus
717 962 745 1012 et
756 959 782 1012 S.
797 958 902 1011 Dama-

72 1063 133 1116 sus,
158 1060 284 1117 quornm
303 1045 429 1116 plurima
450 1059 544 1116 opera,
564 1046 723 1115 dequibus
745 1045 844 1100 nullus
859 1054 903 1099 est

72 1134 239 1204 ambigendi
252 1134 344 1206 locus,
358 1136 393 1191 ad
408 1148 508 1190 manus
520 1140 841 1203 nostrasperveueruat.
857 1133 901 1187 Ut·

71 1238 126 1295 que
138 1225 176 1280 de
199 1224 236 1279 Ι).
255 1225 420 1293 Hieronymi
436 1222 571 1292 operibus
589 1223 616 1278 id
635 1224 663 1277 in
681 1222 784 1292 primis
797 1221 903 1292 probo-

72 1327 147 1383 mus,
174 1317 290 1368 exstant
313 1312 467 1382 Epitaphia
486 1312 591 1382 Paulae,
619 1310 752 1379 Fabiola,
773 1311 899 1379 Lucinii,

71 1401 215 1457 llarcellae
239 1408 267 1456 et
289 1400 441 1471 Nepotiani
461 1407 590 1455 asaucio
611 1400 661 1455 illo
677 1400 792 1454 dor-tore
807 1399 900 1466 edita3

71 1494 186 1545 exstant
201 1489 351 1557 complura
371 1489 509 1557 opuscula
523 1488 660 1542 adversus
675 1487 847 1556 Helvidium,
861 1488 902 1543 lo.

72 1578 235 1644 vicianum,
254 1576 453 1647 Vigilantiam,
466 1575 644 1646 Pelagianos,
658 1578 834 1642 Montanum,
848 1571 902 1629 nu-

959 432 1084 500 percepit
1094 432 1245 486 Damasum
1259 444 1358 501 papam
1369 432 1429 486 sedi
1443 432 1606 500 apostolica
1617 431 1779 501 praelectum

958 517 1065 573 luisse:
1085 520 1160 588 quod
1182 525 1320 589 repugnat
1345 519 1382 574 iis
1399 533 1461 589 quac
1477 519 1506 573 in
1527 520 1652 574 secunda
1664 520 1779 577 Damasi

956 605 1077 674 epistola
1090 614 1309 676 supponuntur:
1329 606 1370 661 ibi
1386 606 1462 662 enim
1476 607 1610 662 innuitur
1625 606 1659 660 D.
1677 607 1780 664 Hiero-

959 707 1083 763 nymum,
1097 708 1161 749 cum
1174 695 1246 749 hanc
1258 694 1408 764 epistolam
1420 693 1550 764 scripsit,
1564 692 1655 750 luisse
1668 694 1780 765 presby-

959 790 1050 837 terum
1064 802 1070 837 :
1086 782 1179 838 lactus
1193 789 1237 839 est
1249 790 1343 839 aulem
1359 783 1532 853 presbytera
1548 783 1672 839 Paulina
1684 784 1781 840 lintio-

957 868 1030 924 chiae
1066 870 1210 940 episcopo,
1240 877 1390 941 postquam
1421 871 1594 927 discesserat
1619 883 1653 926 ex
1686 884 1780 928 eremo

956 957 1055 1027 Syriae,
1066 972 1100 1013 ex
1116 974 1171 1027 qua
1186 962 1260 1015 duas
1269 973 1356 1028 supra
1368 966 1536 1015 memoratas
1552 958 1690 1026 epistolas
1703 959 1781 1014 scri-

958 1052 1052 1115 pserat
1066 1048 1101 1101 ad
1113 1047 1263 1103 Damasum
1277 1061 1386 1117 papam.
1403 1046 1479 1103 Adeo
1494 1051 1527 1102 ut
1542 1045 1646 1103 ialsum
1661 1048 1780 1103 omnino

956 1135 996 1189 sit
1016 1137 1047 1189 D.
1064 1135 1265 1205 Hieronymum
1280 1137 1338 1205 jam
1353 1136 1546 1206 presbyterum
1563 1136 1656 1205 primo
1670 1148 1778 1206 cogno·

957 1224 1033 1278 risse
1047 1224 1162 1279 Damasi
1184 1225 1390 1294 promotionem
1401 1225 1435 1279 ad
1454 1224 1661 1294 pontillcatum,
1684 1232 1713 1279 et
1725 1237 1779 1293 pa·

957 1316 1024 1378 teat,
1042 1312 1078 1366 ab
1095 1313 1209 1368 homine
1233 1311 1331 1382 aliquo
1353 1320 1481 1367 actorum
1501 1311 1664 1382 Hieronymi
1679 1312 1779 1382 ignaro

959 1400 1122 1467 praedictam
1142 1401 1293 1469 epistolam
1311 1401 1504 1471 conscriptam
1520 1399 1619 1456 luisse.
1637 1403 1733 1471 Neque
1743 1413 1778 1455 ex

958 1486 1011 1541 hoc
1036 1488 1270 1556 parachronismo
1294 1493 1417 1558 tantum,
1432 1488 1480 1543 sed
1497 1488 1582 1542 ctiam
1598 1500 1632 1542 ex
1648 1486 1778 1557 sequenti

958 1573 1144 1642 barbarismo,
1171 1583 1304 1643 quotenus
1325 1580 1419 1630 nostra
1440 1576 1580 1630 humilitas
1595 1578 1713 1631 sentiens
1732 1591 1782 1630 re·

73 1666 174 1736 inum,
188 1666 323 1735 aliosque
344 1665 437 1734 ipsius
451 1665 615 1733 Hieronymi
629 1665 671 1719 vel
685 1664 837 1734 religionis
849 1677 901 1718 ca·
918 1651 1108 1729 Bcoprroscot,
1125 1670 1245 1731 cullstat,
1269 1665 1432 1734 praedictam
1453 1665 1603 1734 epistolam
1626 1667 1658 1720 D.
1675 1665 1779 1722 Hiero-

73 1755 188 1812 tbolicae
217 1753 399 1810 adversarios
427 1753 602 1821 composita:
631 1759 744 1808 exstant
771 1752 901 1821 plerique

72 1850 215 1899 tractatus
229 1842 265 1897 de
286 1841 454 1910 virtutibus,
478 1841 627 1896 innumera
642 1840 850 1896 commentaria
865 1840 900 1894 de

72 1931 235 2001 Scripturis
249 1930 350 1999 sacris,
365 1936 392 1985 et
406 1934 438 1985 ut
452 1930 561 1999 liniam,
574 1929 649 1984 inter
661 1929 901 1997 diversasepislo·

73 2020 122 2087 las,
140 2020 209 2076 duae
233 2019 361 2090 insignes
376 2019 410 2073 ad
427 2020 577 2073 Damasum
599 2031 698 2086 papam
718 2017 898 2086 conscripta,

72 2122 194 2178 quarum
206 2108 307 2177 altera,
321 2107 422 2163 ordine
433 2103 478 2175 57,
492 2105 535 2161 sic
549 2106 670 2176 incipit:
686 2106 900 2175 «Hieronymus

70 2198 200 2251 Damaso.
223 2194 364 2263 Quoniam
379 2201 491 2251 vetusto
511 2194 613 2250 Oriens
636 2195 711 2249 inter
730 2208 760 2248 se
775 2194 897 2263 populo-

72 2299 131 2339 rum
147 2283 249 2339 iurore
259 2284 390 2353 collisas,
401 2284 583 2339 indiscissam
598 2284 714 2338 Domini
731 2284 857 2338 tunicam
871 2288 899 2338 et

70 2373 194 2442 desuper
215 2378 320 2428 textam
347 2373 511 2427 minutatim
529 2385 578 2442 per
599 2372 690 2428 irusta
705 2371 856 2441 discerpit,
870 2378 899 2427 et

68 2461 176 2516 Christi
202 2461 315 2516 vineam
330 2461 523 2515 exterminant
544 2460 653 2529 vulpes,
671 2466 702 2516 ut
726 2461 800 2515 inter
822 2460 897 2515 lacos

68 2551 223 2618 contritos,
238 2551 289 2621 qui
305 2563 408 2620 aquam
426 2563 481 2604 non
499 2549 614 2615 habent,
626 2548 754 2617 difficile,
771 2550 820 2604 ubi
832 2547 898 2604 lons

68 2642 212 2711 signatus,
222 2645 252 2693 et
261 2638 362 2694 hortus
372 2637 423 2692 ille
431 2638 585 2693 conclusus
595 2638 643 2702 sit,
657 2638 747 2706 possit
759 2637 894 2707 intelligi.

68 2729 132 2784 ldeo
146 2727 222 2783 mihi
244 2726 408 2781 cathedram
436 2725 520 2795 l’etri,
537 2732 565 2779 et
580 2725 662 2780 tidem
676 2727 835 2794 apostolico
850 2740 898 2782 ore

68 2816 214 2872 laudatam
228 2814 327 2869 censui
340 2813 543 2869 consulendam
556 2832 563 2879 ;
582 2814 648 2869 inde
664 2828 739 2869 vrunc
752 2828 819 2869 meae
830 2816 899 2870 ani-

68 2918 117 2959 mae
139 2901 410 2973 postulanscibum,
433 2901 507 2956 unde
522 2901 589 2956 olim
606 2901 715 2956 Christi
731 2903 899 2959 vestimenta

957 1764 1040 1821 nymo
1050 1752 1271 1820 aby‘mlicaudam
1285 1766 1355 1821 esse,
1369 1755 1419 1824 qui
1434 1756 1561 1810 eamdem
1573 1765 1720 1822 nunquam
1733 1744 1779 1808 bls
1856 1819 1859 1824 ¹

954 1839 1049 1894 verbis
1073 1840 1274 1909 conclusisset,
1294 1842 1336 1894 vel
1356 1844 1381 1894 si
1396 1845 1456 1909 quis
1469 1847 1563 1895 contra
1581 1856 1696 1895 canones
1710 1856 1780 1911 apo-

955 1929 1084 1982 stotorum
1097 1931 1241 1983 recessisse
1261 1935 1445 1996 cognoscatur.
1465 1931 1535 1984 Nam
1552 1942 1654 1984 sensns
1675 1929 1777 1985 borum

954 2016 1106 2072 verborum
1122 2017 1263 2073 obscurus
1278 2024 1330 2084 esi,
1346 2023 1445 2073 contra
1462 2031 1566 2073 morem
1583 2018 1728 2074 scribendi
1743 2019 1777 2072 D.

953 2105 1128 2176 Hieronymi,
1145 2109 1195 2176 qul
1206 2107 1378 2162 declarasset
1392 2107 1428 2162 de
1442 2106 1616 2177 quibusnam
1631 2106 1780 2176 apostolo-

954 2209 1017 2250 ram
1038 2195 1207 2251 canonibus.
1224 2202 1252 2251 et
1275 2196 1310 2250 de
1327 2209 1451 2267 quonam
1470 2208 1605 2251 excessus
1620 2207 1721 2266 genere
1736 2194 1778 2250 ibi

953 2286 1064 2357 agebat.

987 2372 1014 2430 l.
1034 2376 1273 2444 Quamvisautem
1287 2374 1410 2444 supponi
1429 2378 1522 2442 posset
1537 2373 1613 2444 quod
1626 2373 1658 2429 D.
1675 2374 1778 2430 Hiero-

953 2479 1055 2535 nymus
1072 2474 1141 2521 tunc
1165 2463 1368 2534 blartyrologio
1393 2476 1506 2532 operam
1522 2462 1617 2532 dabat,
1633 2468 1662 2518 et
1683 2463 1778 2518 hleoa

951 2557 1072 2610 Damaso
1104 2568 1175 2624 papa
1195 2553 1360 2622 catalogum
1390 2553 1581 2608 Romanorum
1608 2551 1776 2621 pontilicum

954 2643 1076 2712 petebat,
1094 2648 1125 2696 ut
1139 2654 1173 2696 ex
1188 2655 1220 2696 eo
1235 2640 1417 2711 dignosceret
1430 2639 1547 2709 quinam
1564 2639 1695 2709 martyrii
1711 2638 1777 2709 pal-

954 2744 1026 2786 mam
1050 2731 1145 2799 adepti
1168 2734 1267 2794 eraut3
1288 2735 1381 2784 tamen
1397 2727 1501 2783 mirum
1521 2727 1613 2783 villeri
1636 2733 1728 2797 potest
1741 2727 1774 2781 D.

953 2819 1157 2887 Hieronymum
1172 2817 1289 2885 petiisse
1302 2831 1317 2871 a
1332 2818 1452 2872 Damaso
1468 2823 1500 2871 ut
1516 2816 1657 2872 indicaret
1667 2816 1692 2871 si
1709 2815 1776 2886 quis

955 2904 1777 2975 pontificumprevaricatorapostolicorumcanonumexi-

67 2992 175 3061 accepi,
194 2987 277 3046 ¹oete.
294 2988 391 3045 Altera
402 2995 497 3044 autem
508 2986 544 3044 58
558 2989 601 3044 sic
619 2989 751 3044 orditur:
766 3010 778 3040 ι
796 2981 937 3047 Hiero-C
954 3001 1032 3050 siens
1045 3007 1078 3048 ex
1094 2992 1148 3048 hoc
1162 2993 1268 3047 mundo
1282 2991 1473 3059 discessisset,
1489 3005 1553 3047 cum
1567 2992 1600 3048 ad
1620 2993 1774 3049 Damasum

67 3094 171 3151 nymus
182 3080 314 3135 Damaso.
328 3080 495 3147 importuna
512 3079 541 3132 in
554 3077 706 3148 livangelio
722 3077 827 3133 mulier
839 3087 898 3134 tan.

67 3170 128 3224 dem
157 3167 268 3222 meruit
292 3165 409 3221 audiri:
439 3170 466 3220 et
492 3165 592 3222 clauso
611 3179 675 3220 cum
697 3166 789 3220 servis
807 3167 893 3240 ostio,

68 3256 158 3313 media
176 3255 247 3310 licet
268 3261 361 3324 nocte,
377 3253 413 3308 ab
430 3254 523 3309 amico
540 3267 625 3323 panes
647 3254 758 3308 amicus
772 3255 891 3323 accepit.

66 3347 140 3401 Deus
156 3345 230 3413 ipse,
244 3342 295 3413 qui
309 3341 401 3398 nullis
415 3348 516 3398 contra
531 3354 560 3396 se
575 3340 687 3396 viribus
700 3342 830 3409 superari
847 3358 894 3411 po·

66 3440 129 3501 test,
142 3431 293 3502 publicanl
305 3429 582 3501 precibusvincitur.
594 3429 819 3492 Ninivecivitas,
830 3444 893 3500 qum

68 3528 181 3591 peccato
206 3520 303 3590 periit,
330 3517 446 3574 lletibus
474 3518 563 3573 stetit.
592 3518 733 3586 Quorsum
755 3517 810 3573 ista
835 3525 891 3573 lam

67 3610 149 3680 longo
163 3608 285 3678 repetita
299 3606 466 3677 principio?
480 3606 631 3675 Videlicet,
648 3611 680 3662 ut
696 3618 812 3675 parvum
830 3621 892 3662 ma-

67 3712 139 3768 gnus
149 3697 288 3767 aspicias.
304 3714 317 3746 r
333 3701 388 3751 etc.
403 3694 495 3765 Atque
507 3709 541 3749 ex
558 3693 613 3765 his,
628 3695 658 3749 nl
673 3693 767 3765 lallor,
779 3694 891 3750 abunde

67 3791 177 3841 constat
191 3798 278 3855 quam
296 3784 420 3855 eleganti
440 3783 524 3853 stylo,
547 3795 630 3852 quam
651 3791 751 3838 ornato
768 3796 838 3837 usus
851 3784 891 3837 sit

68 3873 256 3944 Hieronymus
281 3873 311 3926 in
340 3871 446 3927 litteris
469 3871 503 3926 ad
527 3872 679 3926 Damasum
701 3885 801 3941 papam
827 3884 891 3925 con-

67 3963 194 4032 scriptis,
207 3967 404 4033 quantumque
413 3959 449 4015 ab
460 3961 554 4030 ipsius
565 3960 709 4015 scribendi
721 3949 802 4015 modo
812 3958 891 4015 dille

68 4058 109 4106 rat
126 4050 252 4121 epistola
264 4051 299 4105 de
314 4051 402 4120 gestis
419 4049 585 4120 pontilicum
601 4049 736 4119 superius
749 4047 888 4104 exhibitu.

99 4140 125 4197 li.
147 4142 223 4195 Dum
240 4140 316 4194 enim
331 4140 366 4193 D.
394 4140 583 4207 Hieronymus
602 4138 714 4208 aliquid
731 4151 746 4192 a
771 4138 890 4192 Damaso

68 4243 136 4299 papa
147 4228 272 4299 petebat,
288 4234 389 4283 ornato
402 4239 531 4281 sermone
541 4234 569 4281 et
581 4226 665 4296 longo
680 4227 799 4296 repetita
812 4240 891 4282 exor-

952 3083 1108 3152 scripserat
1129 3094 1160 3136 se
1179 3079 1342 3135 cathedram
1370 3080 1444 3135 Petri
1471 3085 1499 3135 et
1513 3080 1596 3135 iidem
1615 3081 1774 3150 apostolico

951 3184 1000 3226 ore
1016 3171 1158 3225 laudatam
1176 3169 1239 3224 ideo
1252 3168 1412 3236 consulere,
1427 3169 1502 3238 quod
1515 3168 1574 3224 hac
1589 3169 1723 3226 cathedra
1734 3171 1775 3227 sit

951 3265 1029 3328 petra
1041 3256 1219 3327 Euangeliou,
1236 3270 1324 3324 supra
1338 3269 1421 3325 quam
1436 3256 1605 3311 aedificatam
1616 3257 1772 3313 Ecclesiam

948 3346 1082 3416 sciebat,
1112 3345 1187 3414 quod
1202 3344 1393 3399 Romanorum
1415 3342 1485 3398 lides
1507 3343 1545 3398 sit
1570 3342 1631 3412 illa,
1656 3357 1771 3414 quama

948 3434 1035 3490 Paulo
1053 3434 1197 3488 laudatam
1218 3439 1246 3488 et
1267 3444 1413 3500 nunquam
1429 3429 1604 3485 defecturam
1626 3429 1769 3501 credebat,

949 3520 988 3575 ita
1003 3526 1033 3574 ut
1044 3519 1118 3590 apud
1135 3520 1212 3574 solos
1227 3518 1302 3572 Petri
1316 3528 1495 3571 successores
1511 3514 1707 3583 incorruptam
1723 3517 1774 3572 Pa·

948 3615 1023 3662 trum
1050 3605 1242 3660 lvaereditatevn
1269 3603 1376 3657 servari
1400 3600 1590 3671 profiteretur.
1614 3603 1677 3657 Haec
1692 3603 1768 3658 enim

946 3689 1771 3762 cumHieronymusinepistolisadDamasumtradiderit,

946 3797 1003 3853 quo
1025 3780 1160 3849 consilio,
1175 3792 1232 3849 qua
1248 3778 1360 3832 ratione
1374 3791 1404 3832 se
1430 3777 1465 3831 de
1478 3778 1668 3847 quorumdam
1690 3781 1768 3836 Petri

945 3883 1143 3927 successorum
1160 3865 1394 3936 prevaricatione
1406 3864 1549 3936 dubitare,
1566 3866 1601 3921 ad
1614 3867 1767 3923 Damasum

946 3960 1042 4028 ipsum
1058 3955 1244 4025 scripsisset‘l
1255 3953 1297 4008 ln
1314 3952 1396 4022 sorte,
1414 3954 1439 4008 si
1456 3953 1608 4023 quisquam
1623 3955 1769 4011 Horrano-

946 4065 1009 4106 rum
1022 4047 1189 4119 poutitionm
1207 4045 1236 4098 iu
1250 4042 1349 4112 aliquo
1364 4041 1546 4111 deliquisset,
1563 4041 1638 4100 illud
1649 4045 1684 4100 ad
1697 4048 1769 4104 ilar·

945 4137 1118 4211 tyrologium
1153 4137 1186 4188 D.
1212 4131 1375 4202 Hieronymi
1404 4137 1532 4201 spectare
1560 4135 1705 4202 poterat?
1727 4138 1767 4191 De

945 4228 1054 4285 sanctis
1065 4222 1251 4295 pontilioibus
1260 4233 1416 4289 eorumque
1427 4220 1573 4289 martyriis
1585 4222 1617 4275 D.
1633 4223 1769 4296 Hierony·

67 4319 113 4374 dio
127 4318 282 4372 Damasum
300 4328 416 4371 exorare
430 4315 549 4383 solebat,
567 4321 599 4370 ut
613 4329 647 4370 cn
661 4316 774 4371 duabus
791 4317 931 4396 praedi,D
948 4334 1012 4376 mus
1023 4331 1073 4386 pro
1085 4313 1261 4371 conficiendo
1272 4326 1324 4367 suo
1336 4310 1538 4380 llartyrologio
1550 4311 1695 4369 sollicitus
1706 4327 1769 4371 esse

67 4422 176 4471 ctarum
191 4409 355 4465 litterarum
369 4405 536 4476 fragmentis
546 4405 680 4477 colligere
691 4408 766 4464 licet.
783 4415 819 4468 hl
833 4420 886 4488 epi·

68 4506 138 4562 stola
156 4505 193 4559 de
217 4503 309 4573 gestls
327 4502 518 4558 Romanorum
535 4502 703 4571 pontillcum
718 4506 887 4578 llieronymo

67 4595 176 4651 tributa
198 4591 275 4661 stylo
288 4590 404 4658 humili,
418 4597 446 4645 et
463 4590 574 4659 abjecto
589 4592 651 4647 siue
668 4593 760 4648 ullius
776 4596 887 4652 exordii

67 4688 234 4740 ornamento
249 4680 347 4735 statim
362 4680 473 4735 indicat
486 4680 560 4750 quod
581 4683 700 4750 petitur,
719 4689 750 4737 ut
766 4688 841 4751 patet
855 4699 888 4740 ex

67 4772 118 4829 boc
130 4773 215 4828 illius
231 4772 336 4827 initio:
352 4770 472 4825 Gloriam
486 4773 641 4825 sanctitatis
658 4776 711 4825 tuae
723 4777 816 4826 nostra
833 4774 889 4826 hu-

65 4863 167 4916 militas
187 4863 359 4931 deprecatur.
383 4861 449 4917 Posi
470 4860 544 4932 quod
562 4862 658 4917 statim
682 4863 886 4932 prosequitur:

69 4952 101 5006 Ut
132 4951 284 5006 secundum
312 4950 383 5004 sedis
410 4950 563 5016 apostolicae
583 4952 782 5011 auctoritatem,
807 4967 889 5020 quam

65 5044 238 5108 cognocimus
255 5055 307 5108 per
330 5045 404 5093 tuam
432 5041 600 5094 sanctitatem
629 5040 786 5106 preberrrarr',
814 5045 890 5094 actas

64 5137 198 5199 pastorum
218 5146 236 5182 a
257 5130 328 5182 beuti
342 5130 416 5183 Petri
437 5130 553 5198 apostoli
563 5131 723 5198 principatu
748 5144 832 5197 aspar
854 5129 891 5182 aa

63 5226 154 5274 cestra
174 5227 307 5288 ternpore,
333 5232 393 5285 qua
416 5218 557 5271 sollicetum
576 5219 637 5271 seclo
652 5224 700 5270 tuo
723 5225 797 5286 pasta
816 5226 890 5279 sarni,

63 5311 139 5363 nobis
153 5326 204 5378 per
216 5309 340 5362 ordinem
348 5308 444 5375 plaucis
459 5322 588 5360 susurrare
600 5308 729 5375 diprcrris.
741 5309 794 5363 Ubi
805 5309 891 5363 eliam

64 5398 188 5454 notanda
205 5404 275 5452 sunl
293 5394 455 5451 illaverba:
473 5394 740 5461 Quorucopuooirnas
755 5412 805 5465 prr
817 5401 891 5450 tuom

63 5491 237 5543 sanctitatem
245 5486 398 5555 gubernari
409 5503 418 5538 .·
430 5484 692 5554 quibusindicatur·
704 5488 775 5541 hanc
789 5486 893 5555 episto-

945 4412 1074 4479 debebat,
1087 4416 1115 4465 et
1129 4421 1193 4463 cnm
1204 4406 1297 4460 Hamae
1310 4402 1338 4457 in
1348 4403 1496 4471 juventute
1505 4414 1557 4456 sua
1567 4401 1723 4475 studuerit,
1735 4414 1769 4459 ac

943 4503 1172 4570 saepiuscryptas
1187 4498 1385 4562 martyrumac
1396 4488 1590 4559 apostolorum
1607 4492 1721 4560 templa,
1736 4495 1766 4550 in

944 4591 1051 4665 quibus
1083 4589 1129 4642 SS.
1161 4583 1328 4655 pontiacum
1353 4594 1473 4650 corpora
1500 4580 1647 4636 recondita
1673 4589 1764 4653 erant,

945 4676 1170 4753 perlustraverit,
1186 4672 1234 4727 vix
1249 4669 1388 4726 credibile
1404 4674 1447 4723 est
1460 4669 1491 4722 li.
1504 4667 1705 4737 Hieronymum
1720 4670 1768 4726 la-

944 4771 1035 4827 tuisse
1050 4769 1240 4823 llomanorum
1265 4760 1431 4829 pontificum
1448 4758 1593 4829 martyria,
1619 4759 1768 4828 multoque

945 4856 1168 4915 inverisimilius
1188 4856 1231 4908 est
1246 4852 1398 4906 Damasum
1413 4861 1512 4918 papam
1532 4848 1625 4903 solum
1647 4848 1766 4902 triaaut

945 4952 1069 5019 quatuor
1083 4941 1248 5011 poutihcum
1268 4943 1413 5008 martyria,
1430 4941 1662 4991 enumeraturum
1675 4934 1766 4991 luisse

947 5038 975 5092 in
990 5029 1150 5101 antiquiori
1164 5024 1308 5095 catalogo,
1324 5025 1349 5079 sl
1367 5025 1450 5079 illum
1463 5022 1497 5077 ad
1513 5023 1545 5075 D.
1562 5021 1765 5094 Hieronymum

946 5139 1009 5181 cum
1026 5119 1146 5190 epistola
1167 5113 1399 5185 superiusallata
1415 5112 1632 5168 transmisisset.
1650 5114 1710 5183 Qua
1731 5116 1767 5172 de

948 5229 978 5270 ra
998 5212 1093 5268 statim
1112 5223 1238 5279 agemus,
1259 5217 1324 5259 cum
1342 5203 1605 5269 monstraverimus,
1632 5207 1706 5275 quod
1731 5205 1766 5260 de
1791 5204 1795 5210 '

946 5304 1059 5360 Damasi
1074 5299 1194 5371 epistola
1205 5311 1239 5352 ex
1257 5297 1330 5365 stylo
1343 5293 1499 5362 dijudicari
1515 5294 1616 5364 possit,
1629 5307 1690 5349 eam
1705 5307 1767 5351 esse

948 5392 1174 5463 supposititiam.

982 5482 1009 5539 8.
1025 5484 1139 5550 ineptus
1154 5476 1285 5548 equidem
1300 5473 1446 5531 scribendi
1472 5472 1573 5528 modus
1585 5470 1634 5540 qui
1650 5471 1679 5528 in
1701 5474 1768 5544 epi-
