3892 6136
118 281 191 341 4443

527 290 687 350 HISTORIA
705 294 751 351 ult
768 292 858 352 vltis
876 291 961 351 1t0ll.
980 290 1080 350 PONT.
1100 321 1138 335 -
1154 292 1183 350 S.
1203 292 1416 352 thecteros.

1754 291 1824 353 4444

115 414 240 483 Antiqui
257 416 351 472 Patres
373 416 486 488 maguis
503 417 640 475 laudibus
660 419 782 476 44444444
803 431 945 477 4444444-
960 416 988 475 Α
1004 432 1053 489 per
1064 418 1204 488 habitum,
1221 425 1249 474 et
1263 418 1427 476 adhibitum
1441 422 1475 477 ad
1488 435 1598 478 morum
1609 422 1821 493 corruptionem

119 495 177 545 tam
194 487 349 543 Clementis
369 489 531 556 epistolam.
550 504 634 561 quam
655 497 863 563 recognoscunt
878 496 946 547 tan-

118 574 205 632 quam
219 559 433 615 ralidissimum
447 562 644 618 testimonium
656 563 839 619 auctoritatis
849 564 947 618 44444-

117 646 162 687 nae
178 630 323 700 Ecclesiae,
336 631 369 688 ad
384 644 478 699 pacem
493 640 521 687 et
538 636 671 689 unionem
687 635 762 690 44444
771 635 868 691 444445
882 646 947 690 con-

116 703 297 769 servandam,
314 704 348 757 ad
365 715 413 758 eos
432 703 545 761 tirmius
565 706 594 760 in
611 705 666 761 lide
683 705 872 762 stabiliendos
894 704 944 776 qui

116 780 265 842 nutarent,
283 779 311 829 44
330 774 364 829 44
380 775 608 831 annuntiandam
623 782 650 831 et
666 777 755 833 altius
775 778 946 848 imprimen-

116 848 185 903 dam
200 845 308 901 animis
320 847 506 915 apostolicam
522 848 716 904 traditionem.
735 849 785 905 llis
797 850 873 905 enim
889 849 946 904 iis-

117 920 183 975 dem
199 917 322 973 vocibus
337 917 431 974 utitur
446 917 587 974 lrenaeus:
605 939 618 970 u
634 919 692 975 Sub
708 921 761 975 hoc
774 921 866 992 igitur
878 920 945 975 Cle-

118 987 393 1058 mentelinquitlib.
411 991 632 1046 rrtadv.ilaeres.
645 1004 707 1061 cap.
724 990 945 1059 didissensione

117 1073 176 1117 non
194 1059 306 1115 modica
332 1060 485 1127 intereos,
507 1062 556 1131 qui
580 1062 709 1117 Corinthi
733 1071 814 1119 erant
829 1061 943 1131 4444445,

115 1132 203 1199 lacta,
220 1131 340 1200 scripsit
355 1146 418 1200 quae
428 1138 472 1187 est
484 1132 578 1188 Rornae
593 1133 718 1189 Ecclesia
732 1136 945 1204 potentissimas

116 1203 231 1260 litteras
241 1202 413 1269 Corinthiis,
427 1204 462 1259 ad
480 1217 573 1272 paoem
590 1218 639 1260 eos
652 1218 839 1277 congregans,
852 1213 878 1261 44
896 1219 945 1262 44-

115 1287 224 1347 parans
238 1274 320 1329 iidem
334 1283 444 1343 eorum,
458 1283 486 1329 et
497 1276 675 1332 annuntians
688 1291 771 1346 quam
790 1279 817 1331 in
836 1275 942 1332 recenti

115 1345 154 1403 ab
178 1345 318 1414 apostolis
344 1352 513 1415 acceperant
532 1347 726 1403 traditionem.
759 1366 771 1398 4
802 1347 943 1404 Eusebius

114 1418 317 1481 caesareensis,
335 1417 384 1487 qui
400 1417 495 1472 eadem
513 1417 943 1475 44444544444444441444444-

116 1491 181 1546 tina
197 1487 318 1557 epistola
340 1488 480 1558 loquitur,
495 1489 576 1545 addit
590 1495 673 1545 aetate
686 1504 737 1547 sna
751 1490 943 1546 consuetudi-

115 1575 183 1617 nem
197 1559 324 1630 riguisse
346 1559 478 1627 pluribus
492 1560 521 1615 in
534 1560 670 1616 Ecclesiis
692 1569 723 1617 ut
739 1561 851 1632 publice
864 1561 943 1634 lege-

116 1640 208 1688 retur.
231 1633 313 1702 (illst.
329 1632 402 1684 Eccl.
428 1631 476 1686 lib.
502 1646 544 1700 ru,
561 1646 622 1701 cap.
646 1629 700 1701 44.)
725 1654 737 1684 u
764 1634 855 1703 liujus
876 1647 942 1689 tero

114 1704 273 1760 Clementis
293 1716 348 1759 una
363 1700 454 1759 lertur
469 1717 530 1758 esse
541 1704 673 1771 epistola,
690 1705 818 1761 omnium
830 1704 942 1774 judicio

1001 490 1193 558 avertendam,
1210 504 1243 546 ae
1261 492 1453 554 reserandam,
1474 506 1582 550 necnon
1597 492 1631 548 ad
1651 507 1780 562 perversa
1795 500 1824 550 et

1002 561 1073 617 laisa
1091 563 1223 633 dogmata
1238 562 1439 619 contundenda
1460 572 1545 634 atque
1565 566 1751 635 expugnenda
1768 584 1773 619 :
1793 571 1824 620 ut

1001 647 1100 703 nempe
1123 634 1157 689 44
1175 634 1254 689 44444
1275 635 1471 701 traditionem,
1492 648 1525 690 ac
1547 634 1630 691 tidem
1647 636 1822 703 provocatio,

999 712 1027 760 et
1038 718 1172 760 recursus
1186 705 1244 773 liat,
1257 719 1341 775 quam
1358 706 1485 763 Ecclesia
1495 708 1622 763 Romana
1634 705 1670 762 ab
1682 706 1822 776 apostolis

999 777 1127 845 accepit:
1146 781 1177 832 ut
1201 783 1347 832 teneamus
1370 778 1405 833 ad
1429 778 1584 834 Ecclesiam
1608 778 1692 845 hanc,
1716 777 1823 848 ubique

999 852 1128 919 gentium
1143 846 1179 902 ab
1206 848 1339 904 universa
1356 851 1532 921 antiquitate
1555 849 1730 920 recognitam
1756 855 1824 903 tan-

1000 933 1085 990 quam
1098 919 1392 989 principemomnium
1406 920 1824 984 Ecclesiarum,etauctoritate

1000 991 1144 1060 praecipua
1155 996 1346 1060 praestantem,
1363 994 1447 1062 cujus
1463 994 1492 1047 in
1503 992 1570 1047 sinu
1589 991 1761 1047 Christianae
1775 1003 1824 1047 re·

1000 1062 1120 1132 ligionis
1141 1063 1263 1131 puritas,
1288 1068 1317 1118 et
1334 1063 1485 1135 integritas
1508 1076 1620 1131 semper
1644 1063 1752 1119 enituit
1776 1074 1825 1132 per

998 1134 1209 1190 srrccessiouem
1226 1134 1424 1205 episcoporum
1443 1148 1498 1190 non
1512 1135 1713 1204 interruptam,
1731 1146 1824 1189 neces·

998 1206 1076 1260 sario
1099 1205 1251 1261 convenire
1274 1205 1377 1261 debere
1391 1220 1502 1262 omnem
1525 1204 1688 1275 eeclesiam,
1713 1205 1767 1260 hoc
1781 1208 1823 1260 est

997 1289 1046 1332 eos
1060 1277 1110 1345 qui
1124 1283 1193 1331 sunt
1207 1276 1337 1346 undique
1349 1277 1456 1334 ildeles.
1470 1299 1481 1329 4
1498 1277 1628 1333 blasima
1638 1276 1823 1348 (aitlrenaeus

998 1349 1061 1402 orio.
1074 1349 1174 1402 lieres.
1191 1346 1242 1402 lib.
1258 1361 1301 1411 nt,
1315 1362 1377 1418 cap.
1394 1347 1420 1415 3)
1435 1355 1463 1404 44
1475 1349 1698 1419 antiquissimae,
1711 1353 1739 1403 et
1758 1359 1824 1402 om·

998 1420 1085 1475 nibus
1094 1419 1225 1490 cognite,
1237 1433 1253 1475 a
1266 1420 1489 1491 gloriosissimis
1503 1419 1617 1477 duobus
1626 1418 1765 1490 apostolis
1778 1420 1824 1474 Pe

998 1495 1052 1559 tro,
1073 1496 1101 1545 44
1115 1490 1202 1545 Paulo
1220 1489 1354 1556 fundatae,
1371 1501 1399 1547 44
1410 1493 1577 1549 constitutae
1600 1491 1744 1546 Ecclesiae.
1761 1503 1821 1545 eam

998 1575 1081 1633 quam
1091 1561 1364 1631 habetabapostolis
1379 1564 1575 1632 traditionem,
1585 1568 1612 1619 et
1622 1562 1823 1619 annuntiatam

1000 1632 1169 1688 homiuibus
1191 1631 1285 1704 4444,
1312 1647 1360 1704 per
1386 1635 1597 1691 successionem
1622 1634 1822 1704 episcoporum

997 1705 1156 1760 uenientem
1181 1718 1273 1774 usque
1296 1706 1330 1761 ad
1348 1719 1399 1761 nos
1416 1707 1578 1763 indicantes
1593 1723 1602 1775 i
1618 1702 1824 1762 contundimus

114 1774 284 1846 approbata,
303 1774 428 1830 illustris
444 1774 494 1829 illa
511 1774 635 1845 quidem,
649 1784 678 1830 et
690 1776 777 1902 diffide
793 1776 873 1841 plane
888 1777 943 1832 ad·
958 1793 984 1853 Β
998 1789 1095 1832 44445
1110 1788 1168 1842 eos,
1186 1778 1236 1845 qui
1247 1778 1464 1848 quoquomodo,
1477 1776 1518 1832 441
1535 1777 1639 1846 persui
1652 1776 1823 1846 placentiam

117 1847 283 1912 miratione,
299 1859 383 1915 quam
394 1845 716 1916 tauquamerllomanae
749 1847 859 1903 cclesiae
875 1861 944 1917 per-

115 1931 189 1974 sona
203 1918 237 1974 ad
259 1917 476 1974 Corinthiorum
492 1917 649 1974 Ecclesiam
665 1925 734 1973 tune
753 1919 869 1983 quidem
891 1932 944 1973 ex-

115 1989 221 2057 aravit,
233 1989 364 2058 cumjam
378 1988 512 2045 Corinthi
522 1990 618 2061 gravis
634 1996 706 2045 esset
720 1989 818 2045 indata
828 1989 941 2045 seditio.

115 2062 196 2117 liano
218 2073 286 2116 sane
298 2074 363 2116 eum
379 2068 516 2121 veterum,
543 2065 602 2116 tum
620 2067 716 2118 nostra
738 2061 864 2131 ipsorum
882 2074 943 2117 me·

117 2132 211 2188 moria
237 2131 373 2202 plurimis
390 2133 418 2186 44
438 2132 575 2188 Eccleslis
598 2132 713 2203 publice
727 2131 827 2189 lectam
853 2147 942 2189 usur·

115 2211 271 2274 palamque
285 2203 480 2273 cognovimus.
496 2220 509 2251 r

155 2274 286 2344 Ejusdem
296 2275 423 2344 epistolae
433 2287 574 2331 summam
587 2274 730 2344 proponit,
744 2288 834 2346 eaque
848 2275 878 2330 iu
889 2275 943 2345 pri·

116 2347 185 2409 mis,
198 2360 261 2416 quae
273 2347 307 2402 44
323 2345 699 2411 4444444444544544444,44
711 2345 944 2417 lugaaemulatio·

116 2419 176 2487 nis,
190 2418 225 2473 de
248 2416 419 2473 obedientiae
441 2416 560 2487 regulis,
584 2426 611 2472 et
631 2418 796 2473 reverentiae
811 2431 876 2490 erga
895 2431 943 2474 eos

116 2490 170 2574 qui
184 2488 282 2545 divina
296 2489 466 2545 anctoritate
478 2488 563 2544 nobis
575 2493 710 2559 praesunt,
728 2487 834 2544 ibidem
848 2502 944 2544 enun-

115 2565 241 2629 tiantur,
265 2561 503 2630 quemadmodum
529 2573 562 2614 er
589 2560 718 2615 versione
733 2560 839 2616 Potrici
865 2560 942 2616 lunii

116 2632 265 2704 leguntur,
282 2631 323 2687 uti
346 2645 408 2702 pag.
426 2628 503 2687 tie:
531 2650 543 2682 4
569 2632 701 2687 Servetur
722 2631 818 2702 itaque
837 2645 944 2700 corpus

118 2708 251 2760 nostrum
271 2703 301 2758 in
320 2703 435 2759 Christo
455 2704 532 2771 lesu,
548 2709 576 2757 et
592 2703 793 2772 rrnusquisque
811 2704 943 2773 proximo

116 2788 173 2831 suo
186 2774 360 2844 subjiciatur
365 2774 447 2844 juxta
461 2774 601 2839 ordinem,
618 2774 832 2845 etdignitatem,
844 2774 873 2829 iu
886 2788 943 2846 quo

118 2846 222 2918 gratia.
240 2852 268 2902 et
281 2845 531 2916 dignationeejus,
547 2845 660 2913 positus
672 2850 716 2900 est
732 2885 811 2900 .....
825 2845 941 2900 Summo

117 2917 227 2988 quippe
236 2917 378 2973 sacerdoti
388 2929 440 2972 sua
452 2929 568 2972 munera
582 2916 692 2972 tributa
705 2922 772 2973 suut
784 2936 792 2988 i
806 2917 944 2973 sacerdo·

118 2988 201 3045 tibus
216 2988 296 3044 locus
315 2988 447 3057 proprius
466 2987 641 3058 assignatur,
657 2998 685 3043 et
702 2987 798 3043 4444445
814 3003 865 3044 sua
886 2989 944 3044 mi-

117 3060 237 3115 nisteria
253 3059 435 3114 incumbunt:
451 3059 943 3129 laicuspreceptislaictsconstrin-

1000 1847 1111 1913 malam,
1129 1847 1290 1902 44444444
1315 1847 1448 1919 gloriam,
1469 1849 1511 1904 rel
1536 1862 1585 1917 per
1604 1847 1772 1903 caecitatem.
1796 1850 1825 1901 et

999 1918 1474 1990 malamserrteutiampraeterquam
1488 1925 1601 1988 oportet
1611 1918 1764 1989 colligunt.
1780 1917 1822 1973 hd

999 1992 1071 2046 hanc
1081 1991 1158 2045 euim
1171 1989 1323 2046 Ecclesiam
1336 1997 1451 2060 propter
1468 1995 1656 2061 potentiorem
1672 1989 1825 2059 principa-

998 2061 1118 2132 litatem,
1140 2074 1253 2117 necesse
1277 2069 1319 2116 est
1341 2076 1452 2118 omnem
1477 2064 1632 2119 convenire
1654 2060 1821 2128 Ecclesiam,

998 2133 1051 2189 hoe
1064 2138 1107 2188 est
1119 2146 1167 2188 445
1181 2134 1312 2202 quisunt
1326 2134 1455 2204 undique
1466 2133 1563 2190 444445
1577 2152 1583 2188 :
1601 2134 1631 2188 in
1645 2145 1702 2203 qua
1712 2143 1825 2202 semper

997 2205 1032 2261 ab
1048 2204 1095 2260 his
1109 2205 1159 2275 qui
1176 2209 1245 2259 sunt
1260 2205 1389 2275 undique
1404 2212 1569 2261 conservata
1585 2210 1629 2268 est
1641 2217 1683 2274 ea,
1705 2216 1768 2274 quar
1780 2207 1824 2258 est

997 2276 1033 2331 ab
1046 2275 1196 2345 apostolis,
1212 2275 1343 2332 traditio.
1360 2294 1373 2326 u

1033 2349 1060 2402 S.
1071 2346 1200 2403 Clemens
1212 2347 1246 2401 44
1266 2348 1379 2404 445444
1400 2347 1568 2404 Corinthios
1580 2347 1734 2403 secundam
1747 2358 1824 2416 quo-

998 2418 1176 2489 quedederat
1185 2418 1348 2488 epistolam,
1362 2420 1447 2488 cultas
1458 2418 1714 2475 nonnullatantum
1726 2430 1824 2486 super·

997 2495 1066 2547 sunt
1077 2487 1319 2560 fragmentaque
1331 2490 1556 2547 nobisindicant
1566 2488 1825 2545 salutariamonita

998 2562 1032 2617 44
1046 2561 1133 2616 eitam
1146 2567 1220 2616 recte
1231 2562 1438 2617 instituendam
1447 2563 1476 2616 in
1485 2575 1518 2618 ea
1530 2560 1620 2617 inisse
1631 2560 1823 2630 complexum.

999 2633 1078 2688 Phot.
1093 2631 1229 2688 Biblioth.
1247 2633 1309 2688 cod.
1329 2631 1398 2689 tao:
1424 2653 1437 2683 r
1454 2633 1550 2688 littera
1564 2645 1679 2704 quoque
1689 2630 1823 2701 epistola,

997 2710 1026 2760 et
1045 2704 1108 2773 ipsa
1122 2704 1335 2759 institutionem
1355 2705 1420 2760 4444
1435 2706 1563 2760 continet
1585 2703 1726 2759 melioris.
1741 2722 1754 2752 u
1771 2702 1824 2757 Vi·

997 2775 1109 2832 dendus
1124 2775 1208 2830 eiiam
1224 2775 1325 2830 Euseb.
1349 2775 1417 2832 hist.
1432 2775 1507 2831 Eccl.
1527 2775 1576 2831 lib.
1593 2790 1637 2842 444,
1657 2789 1719 2844 cap.
1735 2771 1781 2844 34,
1797 2779 1824 2829 44

996 2848 1160 2916 ilieronym.
1177 2845 1212 2901 de
1233 2847 1338 2916 Script.
1360 2847 1435 2903 Eccl.
1453 2849 1481 2902 in
1496 2847 1646 2903 Clemente.
1670 2847 1763 2917 Hujus
1775 2857 1825 2900 se-

997 2919 1098 2999 cunda
1124 2916 1253 3043 aipistolae
1271 2919 1431 2974 auctoritas
1453 2931 1509 2974 non
1534 2919 1604 2974 adeo
1625 2923 1702 2974 corta
1724 2924 1767 2973 454
1791 2927 1824 2970 44

997 3002 1131 3058 superior
1144 3004 1171 3044 s.

1035 3059 1183 3116 Prioribus
1207 3057 1340 3115 Ecclesia
1365 3060 1480 3116 seculis
1495 3061 1636 3116 attributa
1660 3059 1826 3116 invenimus

116 3131 206 3204 gitur.
226 3130 430 3201 Unusquisque
444 3136 578 3198 restrum,
597 3130 709 3199 iratres,
726 3131 755 3186 in
768 3145 820 3187 suo
831 3131 942 3196 ordine,
958 3157 982 3220 C
997 3131 1134 3186 Clementi
1147 3144 1224 3200 papae
1234 3130 1292 3186 alia
1306 3145 1420 3202 quoque
1439 3144 1534 3201 opera,
1557 3131 1645 3187 veluti
1659 3130 1752 3187 libros
1766 3130 1825 3185 lie-

116 3203 243 3259 statione
265 3214 391 3271 manens,
415 3203 472 3257 lieo
494 3202 524 3256 in
548 3202 621 3258 bona
645 3203 822 3257 conscientia
835 3202 943 3273 gratias

116 3280 196 3345 agat,
209 3280 236 3329 et
249 3286 313 3330 eum
329 3273 431 3329 decore
446 3274 520 3328 iutra
539 3273 700 3343 prescripti
718 3273 871 3328 ministerii
895 3273 941 3329 sui

116 3358 255 3402 canonem
269 3357 299 3400 se
320 3345 477 3400 contineat.
506 3346 609 3400 Contra
625 3343 804 3414 presbyteros
818 3344 941 3400 seditio-

118 3429 183 3473 nem
198 3429 319 3484 morere,
335 3422 363 3472 et
386 3416 433 3471 hic
449 3417 563 3486 quidem
579 3429 677 3471 rumor
700 3429 755 3472 non
779 3421 889 3471 tantum
906 3416 941 3472 ad

117 3502 182 3551 tros,
196 3487 244 3543 sed
263 3488 471 3554 4444544444,
489 3489 539 3556 qni
558 3502 571 3540 a
590 3487 684 3556 nobis,
701 3494 757 3542 eta
773 3487 828 3542 lide
844 3487 942 3542 auimo

116 3564 188 3617 5444
196 3558 337 3614 alieniore
353 3560 487 3613 manavit.
502 3558 607 3615 Tollite
622 3559 714 3628 igitur
730 3557 782 3612 hoc
796 3557 833 3613 de
848 3559 942 3613 medio

117 3644 204 3703 quam
228 3628 386 3686 celerrime.
414 3631 516 3686 llellus
538 3636 581 3686 est
605 3629 679 3685 enim
704 3629 817 3684 inorili
834 3628 941 3684 Christi

117 3715 232 3774 partos,
249 3705 277 3758 et
297 3702 326 3758 in
342 3702 532 3757 aestimatione
547 3702 620 3756 bona
638 3700 767 3769 reperiri,
783 3713 867 3770 quam
883 3700 941 3755 sihi

116 3775 212 3830 rideri
227 3772 295 3829 aliis
307 3774 522 3832 eminentiores.
537 3779 563 3829 et
576 3776 657 3827 extra
670 3773 734 3840 ejus
748 3771 891 3826 cancellos
904 3770 943 3826 lo·

117 3860 167 3903 ras
187 3845 298 3915 elici.»
322 3846 372 3900 llis
393 3857 427 3900 44
442 3844 563 3913 epistola
579 3843 756 3898 Clementiae
781 3842 939 3912 productis,

118 3919 158 3974 ita
175 3917 362 3986 prosequitur
376 3916 517 3972 sommier
534 3929 566 3986 pa
595 3955 600 3967 .
618 3911 677 3970 tao.

155 3988 269 4044 Utinam
288 3987 371 4044 hodie
383 3987 546 4055 complures
566 3930 731 4041 4444444445
749 3984 883 4040 Ecclesiae
902 3986 942 4041 ita

118 4059 284 4130 frequenter
300 4057 458 4114 lectitarent
471 4057 620 4126 epistolam
634 4056 797 4113 Clementis.
814 4057 855 4111 nti
871 4056 942 4113 olim

117 4129 315 4189 Orientalesin
330 4131 455 4199 ejus-rtem
467 4127 813 4185 lectionedetirrebauturl
829 4127 941 4184 Utinam

117 4204 217 4260 eodem
232 4214 367 4257 successu
386 4199 470 4256 lectio
497 4213 573 4256 nune
593 4201 767 4269 procederet,
791 4213 847 4269 qua
862 4199 943 4254 auti-

117 4274 219 4346 quitus
230 4273 306 4342 apud
320 4272 487 4327 Corinthios
504 4272 510 4325 l
524 4271 639 4326 Similes
651 4271 734 4340 plane
746 4283 944 4327 5445454444-

120 4345 244 4401 rationis
266 4344 442 4414 perciperent
464 4356 530 4414 erga
550 4343 720 4398 Clementem
743 4343 781 4397 xl
797 4355 830 4397 ac
843 4355 944 4397 versus

117 4417 289 4473 Clementem
305 4416 327 4482 l,
344 4416 428 4482 cujus
443 4428 592 4470 successor
609 4413 656 4469 ille
669 4421 731 4470 est:
753 4419 780 4468 et
797 4413 864 4468 inde
879 4412 944 4468 col-

997 3203 1206 3272 cognitionum,
1223 3209 1350 3257 senecta
1368 3205 1396 3257 S.
1416 3204 1500 3269 l‘etri,
1518 3216 1641 3273 quorum
1656 3200 1824 3257 testimonio

998 3289 1070 3329 usus
1083 3280 1125 3328 est
1139 3271 1277 3355 Origenes
1291 3280 1359 3327 tom.
1371 3275 1406 3329 lll
1421 3273 1614 3329 Commentar.
1633 3273 1662 3327 iu
1678 3270 1823 3342 Genesim,

997 3359 1012 3399 a
1025 3344 1125 3399 [lutino
1142 3345 1240 3399 Latine
1251 3343 1362 3399 reddita
1380 3363 1384 3396 :
1398 3343 1627 3399 constitutiones
1637 3343 1825 3412 apostolicas,

996 3431 1011 3472 a
1031 3416 1056 3470 S.
1076 3415 1239 3484 Epiphanio
1260 3415 1414 3485 productas
1437 3415 1538 3470 haeresi
1553 3412 1601 3486 25,
1618 3412 1662 3485 ld,
1679 3410 1715 3470 70
1737 3421 1765 3471 et
1779 3413 1825 3481 80,

998 3500 1120 3558 quarum
1137 3486 1234 3556 plures
1244 3486 1388 3542 editiones
1405 3487 1490 3542 hodie
1505 3494 1652 3542 tenemus:
1670 3485 1826 3542 Clementi·

998 3571 1059 3625 nas,
1082 3571 1181 3627 nempe
1204 3557 1401 3614 collectionem
1427 3557 1615 3627 epistolarum
1643 3558 1827 3628 aliorumque

997 3642 1114 3700 operam
1140 3629 1254 3698 praelixo
1281 3629 1368 3698 hujus
1394 3629 1549 3685 Clementis
1571 3630 1699 3685 nomine.
1722 3629 1826 3685 Verum

997 3715 1061 3757 curn
1087 3714 1118 3755 et
1139 3701 1185 3755 his
1200 3700 1299 3770 aliqua
1314 3700 1374 3756 sint
1388 3701 1536 3756 evidenter
1550 3700 1751 3771 supposititia,
1769 3699 1828 3757 alia

998 3771 1140 3838 mutilata,
1157 3776 1184 3827 44
1197 3770 1346 3827 erroribus
1363 3772 1548 3842 interspersa,
1566 3771 1680 3828 anobis
1695 3782 1750 3827 non
1763 3785 1829 3840 pro·

996 3845 1148 3909 ducentur,
1171 3849 1202 3898 ut
1221 3843 1384 3898 eorumdem
1407 3845 1573 3899 testimonio
1595 3841 1777 3914 comprobem
1794 3854 1827 3898 44

997 3928 1061 3985 quae
1075 3915 1110 3970 44
1124 3915 1151 3969 S.
1168 3914 1234 3970 sede
1251 3914 1322 3970 mihi
1337 3914 1460 3970 dicenda
1476 3920 1555 3970 sunt.

1032 3987 1119 4040 Linea
1135 3982 1177 4040 tl.
1201 4016 1235 4024 —
1248 3987 1395 4055 Episcopos
1406 4001 1458 4056 per
1481 3985 1590 4040 diarriae
1613 3986 1671 4040 locu
1693 3986 1826 4069 quinque.

998 4055 1232 4140 martyrologium
1257 4057 1414 4112 itomauum
1436 4057 1484 4113 die
1500 4070 1529 4112 44
1546 4057 1669 4129 Augusti
1695 4055 1828 4114 meminit

996 4128 1024 4184 S.
1048 4129 1168 4184 Taurini
1185 4128 1312 4198 episcopi
1327 4140 1344 4183 a
1360 4127 1504 4184 Clemente
1519 4128 1657 4185 ordinati.
1678 4128 1735 4184 444
1756 4128 1829 4184 Car-

998 4200 1130 4256 nutensis
1146 4199 1406 4255 etEaroniusalios
1418 4213 1532 4272 quoque
1548 4208 1662 4257 sanictos
1675 4199 1826 4271 episcopos

999 4277 1157 4326 memorant
1169 4271 1296 4340 ejusdem
1316 4271 1462 4340 pontilicis
1472 4272 1556 4340 jussu
1572 4273 1600 4326 iu
1617 4270 1740 4327 Galliam
1756 4284 1828 4341 pro-

998 4340 1097 4398 iectos.
1125 4362 1138 4394 4
1163 4344 1219 4398 4544
1240 4341 1390 4413 (Clemens)
1410 4343 1567 4398 destinavit
1582 4342 1827 4413 Lugdunensibus

998 4414 1143 4481 Fotinum,
1166 4413 1305 4469 Narbonae
1333 4415 1463 4471 Paulum.
1488 4414 1614 4469 Turonis
1640 4413 1824 4482 Gratianum,

118 4489 250 4558 ligerent,
274 4499 331 4543 nou
362 4500 445 4541 secus
474 4500 506 4541 ae
531 4484 628 4540 irenei
655 4489 737 4540 aetate
765 4490 941 4553 compertum
997 4485 1167 4541 Cenomanis
1182 4485 1342 4554 lulianum,
1361 4492 1441 4541 oete.
1461 4484 1518 4540 444
1535 4484 1647 4539 Carnot.
1666 4483 1695 4537 in
1717 4483 1823 4539 Chron.

118 4559 186 4625 luit,
202 4571 288 4628 aquo
315 4558 510 4612 testimonium
532 4563 661 4612 tenemus
674 4556 744 4611 adeo
759 4555 885 4625 illustre,
907 4555 943 4610 ab

117 4629 247 4688 Ecclesia
261 4628 401 4684 catholica
412 4628 568 4685 remedium
586 4627 853 4697 praestantissimum
866 4640 944 4683 sem-

957 4527 1064 4611 Dhiss.
1076 4556 1193 4611 citatoa
1208 4556 1294 4612 lunio
1309 4557 1443 4611 Patricio.
1461 4555 1532 4611 vide
1547 4553 1701 4610 baronium
1715 4553 1750 4608 ad
1767 4567 1819 4610 an-

999 4640 1066 4682 num
1079 4624 1125 4696 95,
1140 4640 1167 4682 4.
1182 4622 1210 4680 7.

680 4965 725 5035 V·
770 4960 959 5033 SANCTUS
997 4961 1257 5033 ANACLETUS.

622 5150 711 5194 anno
739 5148 868 5194 44454544
898 5133 968 5202 403,
1002 5149 1140 5192 remant
1179 5150 1248 5194 4444.
1280 5136 1309 5193 b.

279 5417 305 5478 5
337 5416 535 5497 Aoocleires,
570 5418 709 5482 4444444
745 5421 890 5496 44444445,
923 5419 963 5482 de
997 5417 1150 5496 44444445,
1184 5435 1225 5481 ee
1256 5422 1361 5501 putre
1393 5418 1567 5496 detinebo,
1603 5417 1688 5482 sedit
1718 5436 1824 5482 annos

240 5533 371 5596 novem,
389 5532 519 5580 menses
529 5515 612 5579 duos
626 5529 642 5559 ⁸
658 5565 665 5596 ,
681 5517 751 5580 dies
763 5516 886 5582 decem.
901 5518 985 5582 Fuit
998 5520 1111 5581 444444
1122 5517 1328 5599 temporibus
1343 5519 1534 5583 Domitiani
1553 5516 1591 5597 b,
1606 5518 1819 5583 4444544444

680 5686 819 5733 NOTULAE
851 5687 1064 5733 MARGINALES
1096 5686 1269 5734 panhormi.

152 5836 169 5868 ⁸
183 5826 236 5889 GE,
247 5838 283 5881 m.
303 5823 330 5883 3.
348 5822 362 5867 b
377 5829 409 5890 b,
433 5823 558 5893 Trojorrr'.
