3892 6136
119 257 189 320 tlttl
738 257 915 316 unasalsu
934 255 1206 315 eiuulotuttdtltlt
1756 250 1824 312 tito

118 383 281 442 observavit
292 381 465 454 apollonius
489 397 576 454 snpra
593 382 727 439 laudatus
749 381 823 452 apud
838 380 938 437 Enseb.
953 379 983 440 A
998 383 1187 453 conscriptis,
1200 381 1241 437 ibi
1253 394 1375 509 namque
1385 381 1518 454 legimus,
1529 381 1574 438 nel
1584 382 1735 438 delicatam
1742 388 1826 438 casto

118 458 138 513 1.
154 471 182 527 ι,
198 470 224 512 c.
242 454 289 511 lt:
311 456 490 511 oThemsion
507 456 636 525 speciosa
650 453 772 509 avaritia
783 452 941 521 obvelatus,
998 454 1072 508 diam
1087 455 1174 509 sicuti
1197 456 1225 509 in
1243 453 1307 510 Vita
1342 495 1348 508 .
1366 454 1500 523 Cypriani
1523 454 1623 525 inquit
1636 455 1768 525 Pontius,
1784 456 1826 512 vel

118 530 168 601 qui
194 526 388 584 confessionis
407 528 522 597 signum
545 541 599 583 non
627 526 756 595 pertulit,
773 525 820 580 sed
843 537 943 595 magna
998 525 1324 595 diligentmmcnstodinm,
1336 532 1369 581 ut
1381 525 1521 581 Heraldus
1532 526 1562 581 in
1573 525 1750 582 Tertulliani
1764 540 1826 596 apo

119 601 248 671 pecuniae
275 601 302 654 xi
327 606 441 669 erogata
455 599 572 654 vincula
594 598 709 667 abjecit,
738 611 802 652 cunr
824 597 860 651 ob
881 609 942 651 eam
1000 596 1151 667 logeticum
1170 611 1233 668 pag.
1255 593 1301 666 97,
1320 602 1348 652 et
1361 598 1497 666 capacius
1518 596 1672 653 observant
1687 598 1707 653 Ι.
1727 611 1787 663 xxv,
1802 613 1824 654 c

119 685 234 728 causam
260 671 419 727 modestius
442 671 587 738 deinceps,
608 676 636 724 et
662 668 839 724 submissius
862 680 944 736 agere
1000 665 1041 723 l6.
1059 669 1131 723 llinc
1146 669 1170 723 si
1187 668 1418 739 quandocunque
1452 681 1552 738 parum
1576 669 1824 725 remissumabea

118 742 243 808 deberet,
260 751 395 814 tanquam
416 748 523 811 martyr
537 754 599 796 sese
620 739 781 808 offerens»
802 746 856 794 etc.
873 739 944 794 llinc
998 739 1275 806 arctitudine,illico
1284 739 1548 795 conhuebantsaeri
1558 740 1690 796 ministri
1699 741 1827 808 adspiri·

120 815 237 870 tertium
263 813 417 884 presbyteri
445 818 598 882 martyrum
616 814 745 868 occurrit
764 810 887 867 odicium
909 824 942 865 ex
999 811 1104 866 tualem
1117 811 1268 866 ineundam
1281 810 1827 882 collationem.Quospectareridentur

120 886 554 956 spiritualicuradescendens,
572 897 656 954 quam
679 881 854 952 martyribus
869 895 944 952 prae-
999 888 1062 938 aeta
1076 896 1139 952 pag.
1169 879 1210 937 lo'.
1229 882 1343 938 laudata
1361 882 1408 938 SS.
1435 884 1579 951 Perpetem
1598 889 1627 939 et
1651 883 1824 954 Felicitatis,

119 957 243 1024 stabant,
259 963 291 1012 ut
306 955 465 1012 scriberent
480 957 530 1082 qui
547 962 642 1011 essent
656 954 847 1010 consummati
866 966 943 1008 mar·
999 954 1707 1025 cumPudenscarcerumpraepositusobxirtutem
1718 969 1825 1011 earum·

120 1035 205 1099 tyres,
220 1029 269 1099 qui
284 1028 404 1099 gloriosi
427 1041 480 1082 con
495 1040 615 1094 cesores,
633 1026 685 1096 qui
698 1025 758 1080 sola
774 1038 841 1080 voce
856 1024 944 1080 Chri-
997 1024 1060 1081 dem
1072 1024 1340 1095 paululumremisit
1351 1025 1386 1080 ab
1396 1027 1531 1096 angustia
1544 1027 1636 1096 priori
1651 1044 1679 1081 :a
1689 1027 1825 1084 Postdics

119 1106 195 1156 stum
217 1099 341 1157 confessi
367 1112 509 1154 carcerem
522 1104 680 1167 euaserant,
706 1103 739 1153 ut
760 1096 886 1167 singulis
902 1095 943 1151 xel
999 1110 1104 1166 paucos
1121 1096 1232 1152 Pudens
1248 1095 1330 1151 miles
1341 1097 1419 1166 optio
1432 1099 1604 1166 prepositus
1619 1099 1758 1163 carceris,
1778 1099 1824 1168 qui

120 1175 251 1234 bonores,
279 1170 321 1225 vel
342 1170 454 1240 reliqna
493 1170 671 1226 hortamenta
702 1167 873 1238 preberent.
907 1168 944 1222 lle
998 1166 1826 1242 nosmaguilaciebat‚eoepitintelligeremagnamnirtn-

117 1242 226 1313 quibus
237 1242 334 1312 plures
346 1241 615 1311 existuutepistolae
629 1240 814 1310 cyprianicas,
826 1245 854 1294 et
868 1237 945 1293 alio·
998 1245 1052 1296 tem
1069 1253 1131 1294 esse
1159 1241 1187 1294 in
1204 1239 1299 1307 nobis,
1324 1241 1374 1309 qui
1391 1239 1498 1296 multos
1521 1255 1573 1298 uos
1596 1241 1782 1309 admittebat,
1796 1248 1825 1296 nt

118 1327 183 1369 rum
213 1315 328 1370 l’atrum
351 1312 574 1369 observationes.
604 1312 682 1366 Talis
704 1317 765 1366 erat
785 1309 941 1378 Tertullus,
997 1310 1185 1366 etuosetilli
1206 1308 1483 1382 refrigeraremur.»
1511 1312 1652 1384 Equidem
1666 1312 1826 1369 sollicitio-

117 1386 153 1441 de
180 1399 236 1455 quo
264 1399 363 1455 supra,
390 1384 439 1454 qui
470 1384 648 1453 acpriano
671 1381 779 1438 electus
809 1381 943 1437 universa
998 1395 1056 1438 rem
1075 1395 1173 1437 curam
1194 1381 1359 1438 incumbere
1382 1382 1517 1439 debuisse
1541 1384 1720 1455 presbyteris
1746 1398 1825 1440 com-

120 1463 275 1527 martyrum
305 1463 383 1527 gesta
409 1398 586 1510 enucleaiiat.
614 1455 722 1524 Quarto
751 1454 776 1508 si
806 1466 943 1522 persecu·
998 1453 1109 1508 meandi
1127 1453 1160 1508 ad
1183 1465 1311 1509 carceres
1336 1453 1418 1509 docet
1439 1455 1466 1509 S.
1492 1456 1655 1526 Cyprianus
1675 1455 1766 1525 (epist.
1789 1454 1822 1522 5),

118 1533 212 1583 torum
233 1528 398 1583 immanitas
425 1525 661 1581 commeatumad
688 1524 865 1580 confessores
892 1524 942 1578 in·
996 1525 1047 1594 qui
1074 1529 1285 1594 temperaturus
1308 1525 1398 1580 zelum
1430 1529 1633 1597 quorumdam,
1664 1527 1823 1599 designatis

118 1598 277 1655 terdfcebat
301 1598 345 1667 (de
367 1610 424 1669 qua
460 1598 650 1668 conqueritur
682 1596 838 1668 llionysius
870 1596 940 1651 hle·
996 1594 1174 1666 martyribus
1188 1597 1336 1666 suppetias
1357 1594 1430 1652 ferre
1454 1600 1705 1664 contendentium,
1722 1598 1824 1654 itacle·

117 1672 278 1726 xandrinus
292 1669 421 1725 scribens
436 1668 511 1738 apud
530 1669 629 1724 Enseb.
656 1668 674 1724 l.
692 1682 744 1735 xxx,
760 1665 846 1736 cll,
875 1681 937 1738 pag.
995 1681 1058 1723 rum
1093 1667 1346 1737 Carthaginensem
1380 1668 1533 1725 admodum
1568 1670 1677 1726 duxit:
1712 1690 1725 1722 a
1761 1671 1823 1725 l’eto

116 1739 165 1798 Edi
180 1759 187 1796 a
205 1762 217 1794 ι
238 1745 266 1797 ln
284 1741 360 1796 hunc
386 1753 478 1810 usqne
501 1741 577 1796 diem
594 1753 650 1795 non
670 1746 763 1795 cessat
790 1738 939 1809 praefectus
955 1738 1153 1822 Bquoquead
1169 1741 1376 1807 procurandam
1389 1741 1513 1809 quietem
1530 1741 1652 1798 solertia
1669 1741 1822 1804 etsollici-

117 1820 241 1881 nostros,
271 1813 320 1884 qui
351 1812 510 1883 praesentiae
540 1813 634 1882 ipsius
656 1810 841 1878 exhibentur,
870 1824 938 1879 par-
994 1812 1165 1866 tudonestra
1177 1823 1232 1865 non
1246 1811 1368 1867 desinat.
1387 1812 1455 1866 Etsi
1467 1811 1570 1869 fratres
1596 1828 1649 1883 pro
1670 1814 1822 1869 dilectione

115 1885 168 1941 tint
186 1884 346 1940 interlicere
369 1883 581 1948 crudelissime,
607 1882 711 1953 partim
726 1883 877 1938 tormentis
891 1882 938 1936 di·
993 1895 1045 1937 sua
1056 1881 1155 1950 cupidi
1166 1883 1278 1936 suntad
1292 1884 1530 1951 conveniendum,
1544 1892 1572 1940 et
1583 1885 1822 1940 visitandoscon-

114 1955 234 2026 laniare,
263 1956 366 2026 partim
389 1954 524 2025 squalore
538 1956 673 2024 carceris,
690 1960 718 2010 et
737 1954 864 2009 vinculis
876 1967 935 2008 ma·
993 1952 1115 2008 sessores
1131 1952 1232 2017 bonos,
1247 1967 1319 2023 quos
1334 1953 1561 2024 illustravitjam
1575 1956 1719 2027 gloriosis
1731 1956 1822 2011 initiis

114 2041 220 2097 cerare,
251 2028 438 2095 interdicens,
470 2040 504 2082 ne
524 2027 591 2097 quis
615 2027 650 2082 ad
676 2040 724 2081 eos
753 2025 878 2091 accedat,
912 2030 940 2079 et
992 2024 1822 2098 divinadignatio,tamencantehocetuonglomeratin,

116 2105 301 2170 perscrutans
327 2112 393 2154 num
416 2098 484 2167 quis
507 2099 639 2153 videatur
654 2097 787 2153 accedere
813 2100 847 2165 a),
870 2103 939 2151 tunc
994 2109 1045 2151 nec
1062 2109 1110 2164 per
1128 2094 1345 2151 multitudinem
1362 2096 1449 2152 simul
1463 2098 1594 2167 iunctam
1616 2105 1689 2166 pum
1704 2097 1822 2155 esseta-

117 2184 152 2226 ne
168 2172 196 2226 in
208 2170 373 2226 carceribus
391 2169 498 2224 detenti
515 2182 548 2225 eo
573 2168 758 2239 presbyterali
777 2168 940 2223 ministerio
994 2168 1148 2223 ciendum:
1168 2180 1201 2221 ne
1216 2181 1249 2222 ex
1267 2167 1319 2223 hoc
1334 2169 1397 2238 ipso
1413 2170 1523 2224 invidia
1539 2171 1717 2237 concitetur,
1732 2176 1761 2226 et
1777 2171 1822 2226 in·

115 2242 352 2309 destituerentur,
361 2254 394 2295 ac
406 2240 786 2296 necessarioexhortationis
797 2239 939 2308 subsidio,
996 2238 1236 2295 troeundiaditus
1247 2239 1411 2310 denegetur,
1427 2248 1458 2296 ut
1471 2240 1539 2297 dum
1554 2242 1743 2298 insatiabiles
1758 2242 1821 2297 mul·

116 2327 166 2383 per
183 2312 321 2382 epistolas
342 2311 414 2366 clam
441 2312 586 2367 immissas
602 2312 757 2381 presbyteri
784 2318 940 2380 martyrum
996 2316 1056 2366 tum
1076 2311 1219 2373 volamus,
1237 2316 1328 2365 totum
1352 2313 1546 2381 perdamus.»
1570 2313 1633 2382 Quo
1658 2313 1820 2370 benedictos

116 2385 213 2440 eadem
225 2381 315 2439 officia
330 2381 510 2451 supplebant.
525 2384 603 2438 Talis
616 2386 755 2439 censenda
771 2390 814 2438 est
825 2382 942 2437 Tertul-
997 2388 1137 2450 martyres
1147 2381 1311 2452 designatos
1323 2384 1643 2441 vocaritTertullianus
1660 2387 1744 2440 bonos
1759 2401 1820 2439 con-

116 2455 188 2510 liani
202 2455 337 2519 hortatio,
351 2467 400 2508 seu
417 2452 491 2508 liber
501 2454 535 2510 ad
553 2461 691 2525 martyres
707 2455 876 2523 inscriptus,
890 2453 941 2523 qui
995 2456 1121 2522 sessores,
1142 2467 1208 2520 quos
1231 2454 1382 2508 illustrauit
1391 2455 1452 2521 pam
1475 2456 1601 2522 gloriosis
1624 2459 1717 2511 initiis
1732 2458 1819 2511 diotae

117 2525 942 2595 ineacircumstantiacditus,videtur,utinipsoopuscu-
997 2524 1130 2591 diprmtr'o.
1149 2524 1197 2579 llis
1212 2532 1398 2593 opponuntur
1418 2526 1466 2596 qni
1488 2525 1552 2582 falsi
1570 2535 1656 2583 erant
1674 2535 1818 2598 martyres,

117 2596 138 2652 li
156 2598 256 2653 limine
272 2598 344 2651 satis
360 2596 546 2668 intelligitur,
563 2597 632 2652 dum
648 2598 690 2652 sic
701 2611 758 2651 rem
775 2596 943 2666 aggreditur
996 2595 1031 2650 de
1043 2595 1151 2664 quibus
1165 2595 1239 2651 idem
1252 2595 1449 2653 Tertullianus
1458 2597 1491 2653 ad
1508 2598 1622 2668 Scapul,
1638 2614 1665 2654 c.
1683 2597 1718 2655 l:
1741 2600 1820 2655 Vide-

116 2669 186 2740 (lio.
203 2682 233 2736 lt,
249 2669 287 2721 ad
295 2667 440 2735 Martyres)
457 2686 463 2721 ε
480 2688 492 2718 a
511 2671 585 2721 luter
598 2668 695 2722 carnis
711 2667 846 2722 alimenta
863 2667 943 2721 bene·
997 2669 1054 2720 rint
1076 2669 1124 2735 epu?
1138 2671 1237 2720 cerami
1257 2670 1434 2735 mentiuntur,
1458 2685 1524 2738 quos
1539 2675 1564 2724 et
1579 2673 1637 2740 ipsi
1656 2687 1818 2726 recusemus.

116 2740 188 2796 dicti
202 2744 338 2809 martyres
353 2738 507 2807 designati,
529 2752 591 2808 quae
604 2738 695 2804 vobis,
712 2744 739 2794 et
751 2738 868 2793 domina
884 2751 943 2792 ma·
996 2738 1118 2792 Tandem
1128 2738 1282 2808 presbyteri
1295 2746 1452 2810 martyrum
1462 2742 1486 2796 si
1500 2741 1673 2799 inobeundo
1690 2743 1820 2798 ministe-

116 2819 159 2867 ter
183 2811 308 2865 Ecclesia
323 2810 358 2865 de
375 2808 513 2865 uberibus
527 2810 598 2864 suis.
617 2816 644 2864 et
659 2810 768 2880 singuli
786 2807 889 2864 fratres
907 2810 943 2865 de
998 2809 1042 2864 rio
1056 2809 1125 2864 bene
1137 2823 1198 2863 sese
1216 2810 1360 2879 gerebant,
1376 2812 1410 2865 ad
1423 2812 1553 2868 altiorem
1568 2814 1692 2883 gradum
1710 2827 1820 2884 pronao-

117 2882 222 2952 opibus
238 2882 302 2937 suis
318 2880 445 2950 propriis
456 2881 485 2935 in
499 2893 638 2935 carcerem
653 2881 886 2948 subministrant,
900 2893 944 2935 ca·
998 2880 1146 2936 rebantur.
1164 2882 1335 2936 Numidicus
1350 2882 1505 2953 presbyter,
1523 2886 1572 2954 qui
1589 2891 1740 2942 strenuam
1754 2899 1821 2955 opo·

117 2957 176 3024 pite
187 2954 227 3008 ali
252 2954 325 3008 uida
340 2953 433 3014 nobis,
450 2953 524 3021 quod
538 2951 667 3008 faeiatad
680 2953 816 3019 spiritum
830 2964 944 3022 qnoque
1000 2965 1058 3008 ram
1071 2952 1213 3021 exhibuit,
1226 2953 1260 3008 ad
1274 2953 1397 3021 primum
1412 2955 1541 3010 ordinem
1554 2957 1632 3010 inter
1644 2956 1820 3028 presbyteros

116 2970 308 3082 educanium.
322 3042 334 3072 a
349 3026 410 3091 Quo
425 3023 486 3078 loco
498 3024 672 3092 exprimitur
686 3024 817 3079 Ecclesia
832 3022 944 3080 sollici·
998 3024 1233 3092 carthaginensis
1257 3024 1390 3080 Ecclesiae
1413 3027 1554 3094 evehitur,
1574 3028 1662 3096 jussu
1677 3028 1819 3099 Cypriani,

118 3097 188 3153 tudo
201 3101 332 3166 utraque,
349 3102 376 3148 et
391 3094 633 3151 subministrandi
657 3094 872 3151 confessoribus
884 3094 943 3149 ali·
998 3094 1065 3150 dnm
1080 3095 1164 3162 epist.
1179 3092 1526 3169 3'o'cleroCarthaginensi
1539 3099 1645 3154 scribit
1662 3120 1667 3150 ι
1688 3121 1701 3152 c
1718 3101 1820 3156 Admo-

118 3174 222 3232 menta,
245 3172 273 3222 et
294 3167 416 3222 acuendi
442 3166 590 3235 spiritum,
611 3181 709 3222 eorum
735 3166 877 3235 praecipue
893 3165 942 3235 qni
959 3163 982 3222 C
999 3166 1076 3221 nitas
1089 3179 1147 3230 vos,
1164 3172 1192 3221 et
1209 3167 1365 3223 instructos
1379 3170 1479 3224 sciatis
1494 3169 1820 3241 dignationedirina,ut

65 3296 71 3302 ,
118 3239 309 3310 proximiores
330 3244 412 3292 erant
426 3238 590 3303 certamini,
616 3252 688 3309 quos
704 3244 841 3294 consueto
855 3237 942 3292 titulo
998 3236 1169 3292 Numidicus
1186 3237 1821 3311 presbyterascribaturpresbyterorumCar-

116 3309 312 3368 Tertullianus
325 3308 474 3380 designat:
497 3310 636 3363 Benedicti
647 3316 781 3376 martyres
795 3309 941 3376 designati.
999 3308 1213 3377 thaginensium
1233 3323 1361 3372 numero.
1380 3317 1409 3366 et
1424 3311 1573 3368 nobiscum
1589 3314 1689 3369 sedeat
1702 3316 1734 3369 in
1750 3314 1820 3369 clero

118 3382 275 3451 Utriusque
296 3394 362 3436 aero
383 3394 480 3435 curam
493 3382 536 3436 sic
560 3381 745 3450 prosequitur
765 3380 940 3448 expendere:
999 3379 1062 3435 luce
1075 3378 1237 3435 clarissima
1253 3380 1444 3438 confessionis
1456 3382 1591 3448 illustris,
1608 3391 1638 3439 et
1649 3386 1780 3451 virtutis,
1792 3398 1820 3439 ac

120 3456 233 3510 Carnem
248 3453 466 3518 coimaginari,
488 3454 653 3520 etspt'rt'tunt
675 3454 779 3505 esurire
799 3467 854 3505 non
873 3467 943 3521 pro·
999 3450 1065 3507 ilde't
1092 3450 1198 3506 honore
1220 3451 1368 3522 sublimis
1388 3455 1438 3523 qui
1455 3454 1569 3510 hortatu
1595 3471 1651 3511 suo
1676 3458 1818 3526 copiosum

118 3523 194 3578 dest:
209 3525 263 3577 imo
277 3525 302 3577 si
326 3523 394 3592 qnid
411 3525 550 3592 infirmam
571 3528 618 3589 est,
636 3529 746 3577 caretur
761 3540 769 3589 ,·
782 3538 856 3592 eque
871 3522 944 3591 quod
1001 3527 1156 3590 martyrum
1172 3536 1323 3579 numerum
1339 3523 1485 3594 lapidibus
1506 3532 1535 3581 et
1551 3527 1678 3584 flammis
1694 3535 1818 3584 necatum

118 3595 254 3665 infirmius
274 3599 322 3659 est,
345 3595 447 3661 neplipt'
459 3595 612 3649 accedebat.
626 3595 686 3649 Non
702 3599 795 3648 tianius
811 3610 858 3661 epo
872 3609 941 3659 sunt,
999 3599 1104 3648 antese
1116 3594 1252 3650 misit...
1268 3602 1296 3650 et
1331 3596 1534 3666 admovebitur,
1548 3611 1613 3653 culn
1631 3600 1709 3655 Deus
1727 3599 1820 3670 peri·

117 3674 149 3721 ut
171 3681 217 3721 vos
239 3667 400 3734 alloquar...
415 3667 606 3721 Verumtamen
618 3672 648 3719 ut
662 3666 828 3733 gladiatores
848 3668 944 3735 perse·
999 3665 1070 3720 serit
1083 3665 1117 3719 ad
1131 3666 1298 3734 ampliorem
1312 3610 1419 3723 iocum.
1441 3668 1547 3724 »Alius
1558 3668 1641 3726 locus
1658 3684 1714 3726 nun
1734 3677 1820 3727 resta-

119 3740 253 3793 ctissimos
273 3753 327 3792 non
342 3743 450 3791 tantam
472 3739 607 3804 magistri,
625 3741 651 3791 et
665 3740 808 3807 praeposrtt
828 3739 881 3802 soi,
897 3737 944 3791 sed
998 3735 1056 3796 bat,
1082 3737 1139 3790 nisi
1161 3745 1192 3792 ut
1211 3738 1243 3791 in
1264 3738 1430 3807 episcopum
1450 3749 1677 3808 promoveretur.
1700 3744 1818 3798 Tantae

118 3811 201 3864 etium
224 3810 324 3873 idiote,
347 3813 372 3861 et
393 3824 559 3877 supervacare
573 3811 688 3876 quisque
710 3809 893 3862 adhortantur
912 3807 945 3861 de
998 3807 1138 3877 Cypriane
1164 3807 1261 3863 habita
1280 3808 1338 3863 itaec
1354 3810 1511 3879 presbytcri
1530 3819 1691 3882 martyrum
1707 3813 1818 3870 sollici-

119 3880 277 3947 tonpinquo,
300 3884 332 3932 ut
358 3894 429 3946 saepe
443 3879 477 3931 ale
499 3881 557 3947 ipso
571 3880 671 3947 populo
688 3880 792 3933 dictatu
817 3884 943 3947 squests
998 3880 1079 3934 tudo.
1099 3877 1234 3934 anacleto
1249 3880 1377 3950 itaquca
1400 3882 1481 3937 Petro
1495 3882 1639 3939 tribuitur
1655 3886 1751 3954 primo
1767 3886 1819 3940 haet

115 3952 286 4020 proruerint.
300 3948 499 4004 Tertullianus
515 3948 647 4017 forsitan,
665 3955 697 4005 ut
711 3950 858 4019 presbyter
872 3952 944 4004 Car·
1001 3950 1160 4020 provincia,
1171 3964 1255 4020 quarn
1268 3951 1297 4005 iu
1311 3951 1465 4008 humandis
1477 3966 1629 4024 corporum
1645 3959 1740 4012 sacris
1752 3971 1819 4012 exn·

118 4021 300 4091 thaginensis
314 4020 382 4074 hnic
394 4021 506 4075 muneri
522 4021 700 4085 incumbens,
713 4023 781 4077 dum
794 4035 864 4077 saxa
882 4035 943 4091 per·
999 4021 1065 4089 xiis,
1078 4027 1107 4076 et
1118 4022 1254 4077 memoria
1270 4023 1405 4094 erigenda
1414 4024 1593 4094 adimplent.
1609 4029 1679 4083 Erat
1694 4029 1782 4091 enim,
1795 4034 1819 4082 et

119 4091 231 4148 secutio
259 4093 287 4146 in
315 4103 456 4145 carcerem
481 4098 668 4147 commeatum
695 4093 888 4157 interdiceret,
912 4105 944 4146 ne
1001 4093 1344 4150 istiusmodisollicitudo
1354 4097 1471 4164 propria
1483 4103 1639 4168 martyrum
1653 4098 1817 4170 presbyteri.

119 4162 244 4233 proximi
263 4163 297 4216 ad
327 4175 449 4232 pugnarn
466 4164 627 4218 necessario
649 4163 827 4218 hortamento
850 4163 945 4218 desti·
1001 4172 1032 4220 ut
1045 4164 1087 4218 nel
1106 4166 1175 4233 ipse,
1192 4164 1234 4219 xel
1251 4166 1344 4233 ipsius
1361 4168 1503 4236 mandato,
1521 4168 1679 4238 industria,
1694 4179 1818 4227 autcura

118 4240 279 4299 tuerentur,
295 4232 388 4287 noluit
406 4246 422 4287 a
438 4231 597 4303 longinquo
625 4233 712 4288 veluti
734 4233 944 4303 gladiatoribus
1001 4242 1156 4304 martyrum
1173 4249 1301 4306 corpore,
1321 4250 1354 4292 ac
1379 4238 1519 4294 dilaniata
1539 4240 1666 4297 membra
1686 4242 1819 4297 reconde·

118 4303 432 4375 pugnantibusdictata
448 4305 724 4375 suggestadirigere.
739 4306 801 4373 Quo
812 4306 871 4361 zelo
888 4320 946 4375 per·
1000 4313 1101 4363 rentur
1116 4307 1145 4360 in
1157 4313 1223 4376 apto
1238 4307 1308 4363 loco.
1325 4310 1364 4364 De
1379 4323 1434 4379 qua
1450 4310 1607 4381 presbyteri
1621 4311 1820 4370 sollicitudine

118 4376 194 4430 citus
206 4374 454 4445 Cyprianus,dum
465 4375 580 4430 audiret
588 4376 774 4447 Rogatianum
790 4385 943 4449 martyrum
1002 4379 1060 4432 hac
1084 4378 1188 4434 scribit
1202 4379 1359 4450 Dionysius
1375 4381 1403 4435 in
1421 4382 1542 4450 epistola
1558 4385 1592 4438 ad
1609 4384 1782 4447 Domitium.
1795 4392 1819 4440 et

119 4446 317 4516 presbyteram
332 4446 497 4502 carceribus
514 4461 579 4502 cum
607 4446 730 4517 reliquis
756 4449 943 4511 recludi,etsi
1000 4450 1163 4519 Didymum,
1175 4451 1426 4507 cumdeEcclesiae
1437 4453 1661 4526 ministrisagit,
1678 4458 1730 4526 qui
1746 4470 1818 4511 mar-

118 4519 434 4575 commendatissimum
452 4518 534 4573 illurn
550 4519 674 4588 haberet,
689 4527 865 4590 cunctosque
881 4529 944 4591 post
958 4556 986 4618 D
1000 4527 1093 4591 tyrum
1107 4522 1315 4577 ministerioab
1328 4524 1693 4596 Ecclesiaerantdeputati,
1708 4527 1818 4584 laudat·

118 4591 242 4660 primum
258 4597 399 4645 certamen
417 4589 546 4660 proxime
561 4590 595 4645 ad
613 4592 782 4662 martyrium
804 4606 943 4648 consum-
999 4605 1054 4662 que
1070 4592 1145 4647 inter
1160 4592 1234 4647 alios
1245 4594 1397 4650 Eusebium
1414 4595 1462 4650 ubi
1476 4610 1563 4665 supra
1580 4597 1649 4653 huic
1660 4601 1742 4669 operi
1754 4599 1818 4654 inri-

118 4662 253 4717 mandum
268 4675 303 4716 cx
317 4661 944 4731 judicissententiacoractari,voluitnihilo-
998 4663 1145 4734 gitantem.
1163 4664 1330 4720 «Eusebius
1342 4679 1425 4736 quent
1442 4669 1585 4736 Deusjam
1599 4669 1668 4724 inde
1687 4670 1723 4725 ab
1738 4671 1818 4726 initio

117 4734 215 4789 minus
240 4746 290 4803 per
312 4732 408 4801 plures
430 4733 568 4801 epistolas
587 4733 770 4795 hortatorias.
795 4740 823 4790 et
849 4730 943 4807 lioga-
998 4733 1153 4802 roboravit,
1170 4735 1354 4806 impulitque,
1372 4738 1630 4795 utconfessoribus
1647 4742 1677 4797 in
1691 4742 1818 4798 custodia

117 4806 239 4872 tiannm,
254 4810 282 4859 et
301 4804 430 4873 reliquos
441 4804 550 4859 hortari
564 4804 598 4859 ad
615 4804 826 4867 fortitudinem.
847 4813 875 4861 et
890 4820 943 4874 pa-
999 4805 1114 4875 positiis
1128 4807 1240 4877 (utique
1259 4814 1347 4873 arcta,
1364 4814 1393 4864 et
1410 4810 1458 4865 cni
1472 4821 1605 4866 accessus
1618 4812 1817 4884 denegabatur)

117 4876 259 4932 tientiam.
276 4875 323 4930 Sic
340 4875 417 4930 enim
428 4875 463 4930 de
475 4875 609 4945 epistolis
622 4878 797 4946 conscriptis
812 4877 944 4947 loquitur
998 4877 1160 4933 ministeria
1176 4884 1292 4934 strenue
1307 4879 1476 4944 exhiberet;
1493 4888 1582 4953 utque
1601 4891 1817 4940 consummato·

116 4947 151 5003 ad
164 4948 278 5003 eosdem
299 4955 438 5016 martyres
453 4945 552 5016 (epist.
566 4943 611 5015 il:
640 4969 653 5000 a
679 4949 712 5003 Et
728 4948 757 5003 in
772 4949 876 5018 primis
888 4962 943 5004 vo·
997 4962 1060 5004 rum
1075 4948 1110 5003 ad
1126 4949 1273 5005 beatorum
1293 4958 1449 5021 martyrum
1469 4954 1605 5009 cadavera
1622 4968 1679 5010 non
1695 4957 1817 5011 sineca-

117 5018 172 5085 bis,
185 5017 940 5089 fratrescharissimietfortissimi.litterasmiseram,
997 5020 1068 5090 pitis
1082 5021 1127 5076 sui
1150 5022 1277 5091 periculo
1288 5022 1432 5091 sepeliret.
1448 5042 1460 5071 x
1476 5024 1576 5079 Clerus
1594 5025 1744 5083 Romanus
1757 5026 1817 5082 sede

117 5089 225 5160 quibus
238 5089 315 5158 fidei,
339 5095 368 5144 et
383 5089 487 5145 virtuti
504 5095 603 5145 vestrae
616 5090 711 5146 verbis
726 5090 941 5148 exsultantibus
996 5096 1113 5147 vacante
1126 5092 1195 5148 dum
1216 5092 1349 5148 Ecclesiae
1369 5094 1588 5166 Carthaginensi
1606 5097 1723 5166 scribit,
1745 5096 1814 5168 apud

116 5161 310 5231 gratularer...
323 5161 478 5216 Hortamur
490 5167 583 5216 tamen
598 5175 830 5231 percommnnem
844 5163 939 5233 fldem,
994 5164 1022 5220 S.
1038 5162 1120 5233 Cypr.
1134 5165 1217 5232 epist.
1231 5161 1257 5227 3,
1269 5170 1297 5218 et
1306 5172 1433 5220 recenset
1453 5174 1610 5237 martyrum
1624 5168 1749 5226 clericos
1764 5169 1816 5224 mi-

117 5245 167 5300 per
181 5233 306 5302 pectoris
328 5232 420 5288 nostri
440 5246 534 5287 veram
556 5233 634 5288 circa
648 5247 709 5303 vos,
725 5240 753 5289 et
779 5234 940 5304 simplicem
995 5236 1114 5304 nistros,
1147 5234 1219 5290 banc
1247 5248 1345 5291 curam
1373 5237 1537 5307 specialiter
1561 5241 1746 5296 commendat
1776 5241 1816 5296 lais

116 5302 297 5372 charitatem,
310 5311 342 5360 nt
354 5303 405 5372 qui
421 5304 616 5359 adversarium
632 5305 723 5374 prima
741 5305 941 5378 haccongres-
995 5306 1108 5361 verbis:
1125 5319 1137 5359 ι
1157 5305 1192 5359 Ει
1207 5306 1280 5377 quod
1294 5308 1503 5364 maximumest
1514 5323 1634 5379 corpora
1652 5319 1815 5384 martyrum,

116 5374 198 5429 sione
214 5376 337 5444 vicistis,
354 5375 473 5446 gloriam
486 5382 606 5432 vestram
622 5374 689 5432 forti
704 5383 733 5433 et
749 5379 939 5446 perseveranti
994 5384 1045 5432 aut
1056 5380 1223 5432 caeterorum
1234 5378 1259 5433 si
1276 5379 1644 5453 nonsepeliantur,grando
1659 5384 1815 5452 periculum

116 5446 221 5501 virtute
238 5449 391 5503 teneatis...
406 5447 606 5517 uandaopera,
622 5455 653 5504 ut
664 5454 727 5516 post
738 5449 892 5504 haecinitla
905 5449 938 5502 ad
996 5448 1817 5525 immineteis,quibusincnmbithocopus.Cuy'uscuanue

116 5515 289 5572 incrementa
316 5531 430 5589 quoque
464 5519 590 5584 veniant,
616 5527 645 5574 et
667 5526 883 5576 consummetur
910 5520 938 5574 in
995 5532 1062 5590 ergo
1078 5527 1203 5575 vestrum
1222 5534 1395 5591 quacunque
1413 5523 1563 5578 occasione
1584 5524 1718 5582 ellectum
1734 5524 1817 5581 fuerit

116 5584 209 5647 robis.
223 5589 295 5655 quod
307 5589 363 5657 jam
377 5587 694 5646 rudimentisfelicibns
703 5605 765 5647 esse
775 5592 939 5661 cepistis.»
997 5591 1050 5647 boc
1066 5604 1148 5661 opus,
1169 5597 1240 5647 certi
1252 5605 1353 5648 sumus
1372 5605 1435 5649 eum
1448 5593 1554 5649 bonum
1573 5608 1690 5653 servum
1708 5599 1817 5653 aetima·

115 5655 275 5710 arctiorem
299 5661 473 5727 custodiam,
498 5674 554 5732 qua
570 5661 665 5717 omnis
679 5676 744 5717 corn
767 5662 942 5732 martyribus
996 5662 1065 5718 ri.»
1089 5664 1122 5717 Et
1139 5661 1166 5717 S.
1182 5663 1342 5732 Cyprianus
1360 5664 1449 5734 (epist.
1469 5662 1513 5734 37)
1529 5679 1631 5736 genera
1653 5676 1816 5740 martyrum,

116 5731 292 5782 commeatus
304 5735 365 5784 erat
376 5732 558 5802 interdictus,
571 5731 754 5803 indigitatam
767 5734 941 5806 invenimus,
997 5731 1147 5804 quibusea
1157 5746 1226 5789 cura
1237 5734 1426 5803 impendenda
1440 5738 1573 5807 proponit
1590 5755 1597 5792 a
1615 5759 1629 5792 a
1646 5740 1683 5795 Ut
1696 5741 1818 5810 corpori·

118 5797 148 5852 in
173 5797 246 5851 actis
275 5806 430 5883 mgrtyrum
454 5800 576 5859 forsitan
604 5802 641 5859 ab
671 5803 745 5874 ipsis
768 5804 942 5876 presbyteris
997 5805 1202 5874 busomnlum,
1223 5805 1340 5876 quietsi
1356 5808 1424 5864 torti
1439 5817 1583 5879 nonsunt,
1600 5810 1630 5865 in
1644 5823 1759 5869 earcere
1773 5820 1817 5867 ta-
