3892 6136
121 322 194 381 lits

120 449 285 504 ministeria
305 450 432 518 plurium
453 465 593 507 annorum
607 469 614 517 3
629 460 776 505 successor
797 445 946 500 Eraristus
961 444 987 503 A
1001 444 1101 510 stylum
1116 447 1239 500 ueritatis
1250 445 1436 517 (interpretor
1447 449 1643 504 adducendum
1653 454 1683 505 in
1695 455 1823 506 ministe-
1891 478 1897 483 ·

119 521 243 591 putavit,
256 527 317 576 tuto
327 524 459 578 concredi
474 537 556 592 posse
566 520 692 591 singuiis
709 516 880 588 preshyteris
894 515 947 568 44-

117 606 176 644 mos
188 604 238 645 seu
251 592 354 657 titulos,
368 594 494 664 singulis
507 594 535 648 in
550 588 850 662 regionibusUrbanis
861 589 943 642 sitos.

118 676 178 731 quo
191 661 305 717 facilior
315 670 389 718 esset
401 663 527 719 tidelinm
537 668 694 720 conventus
703 661 738 716 44
743 671 869 730 synaxes
879 670 946 724 per-

116 733 255 803 agendas,
278 735 360 789 etad
385 734 496 806 reliqua
517 735 681 789 Christiana
705 744 785 787 sacra
808 727 945 810 trequen-

118 804 218 871 tanda,
232 806 330 860 eodem
344 804 426 874 plane
441 808 607 876 ritumque
620 803 759 872 exemplo,
775 801 946 871 444144444-

116 874 240 944 solymis
253 875 375 943 apostoli
388 883 475 947 posta
499 876 647 946 positadie
660 888 714 930 444
725 875 881 927 animarum
891 871 945 924 tria

115 946 209 999 mittin
229 946 294 1014 (Act
316 961 336 1001 ir
361 964 430 1002 cers.
455 893 496 1004 44
510 954 536 1002 et
560 945 603 1017 46)
624 946 745 1015 quotidie
764 944 945 1013 perdurantes

115 1019 288 1071 unanimiter
303 1021 334 1072 in
353 1021 460 1088 templo,
478 1024 502 1073 et
516 1021 676 1085 fraripentes
691 1028 769 1072 einen
790 1027 877 1069 nouos
890 1028 945 1081 44-

115 1102 188 1153 nem,
210 1090 353 1143 sumebant
367 1091 456 1144 cibum
471 1106 531 1144 cunt
549 1090 731 1143 assultatione
745 1107 753 1141 .·
768 1092 797 1141 et
809 1089 944 1140 Actorum

115 1170 145 1209 v.
168 1156 203 1213 ta
219 1178 225 1212 :
244 1158 323 1213 Omni
342 1160 385 1214 dte
406 1177 459 1215 non
481 1162 624 1215 cessabant
644 1161 674 1212 in
694 1158 800 1228 templo,
823 1160 849 1210 et
867 1166 945 1209 cinca

115 1242 208 1284 nouos
227 1230 358 1296 docentes,
381 1236 406 1285 et
426 1233 651 1298 Euanqelizantcs
672 1229 809 1284 canotum
830 1229 944 1280 lesum:

115 1307 147 1356 et
158 1302 254 1357 Actor.
271 1314 298 1355 ιν
317 1302 461 1371 plerisque
473 1302 508 1357 44
520 1303 666 1357 Christum
681 1298 810 1356 conversi
825 1310 880 1352 non
894 1309 945 1351 so-

117 1371 180 1427 lnm
202 1370 358 1427 offerebant
381 1374 482 1428 domos
502 1374 536 1428 ad
566 1372 739 1442 peragendas
763 1380 894 1438 synaxes,
916 1372 945 1421 et

116 1452 275 1498 conventus
289 1442 408 1499 fratrum
422 1463 430 1513 3
447 1445 495 1500 sed
510 1445 595 1500 etiam
609 1443 661 1514 (ibi
675 1456 747 1497 vers.
761 1438 806 1509 34)
818 1439 943 1494 studiosi

116 1513 296 1584 Evangelicae
322 1514 508 1583 perlectionis
530 1520 661 1584 quotquot
676 1527 843 1583 possessores
858 1525 945 1577 apro-

114 1600 189 1650 rum,
206 1590 256 1638 unt
272 1586 411 1640 deonorum
425 1592 512 1653 errant,
529 1588 674 1640 uendentes
689 1584 841 1652 afferebant
854 1583 944 1650 pretia

116 1672 219 1721 eorum,
236 1672 296 1726 quae
307 1659 504 1723 vendebantur,
520 1663 546 1711 et
554 1657 694 1726 portabunt
705 1661 768 1709 ante
781 1653 863 1723 pedes
873 1667 945 1720 upo-

524 326 685 387 HISTORIA
703 326 749 381 DE
770 324 854 380 tilis
874 324 957 381 ROM.
978 325 1077 382 PONT.
1092 355 1127 367 -
1152 326 1181 381 S.
1201 327 1427 385 ALEXANDER.

1754 330 1824 388 llic

1000 515 1041 595 rio
1055 516 1271 588 predicationis)
1283 539 1291 572 :
1305 519 1334 573 in
1352 534 1408 590 (444
1427 518 1539 575 scilicet
1561 522 1721 577 ministerio
1736 524 1822 577 ctiam

1001 586 1137 668 diaconos
1156 590 1282 644 exerceri
1306 604 1339 644 eit
1364 589 1458 648 officio
1480 604 1535 645 non
1556 592 1642 647 semel
1664 592 1822 662 oportebat,

1000 669 1072 723 quos
1084 671 1114 711 in
1126 659 1309 714 ordinatione
1323 662 1362 717 ita
1377 669 1471 717 monet
1481 662 1607 718 Ecclesia
1621 664 1738 718 Latina:
1755 666 1824 717 liiu-

1000 742 1096 780 canum
1109 735 1211 798 oportet
1222 734 1380 786 ministrare
1394 734 1431 786 44
1443 734 1541 800 altare,
1558 735 1697 803 baptizare
1709 739 1734 787 et
1745 750 1825 802 pre-

1000 797 1102 852 dicere.
1116 802 1155 854 Ex
1169 802 1271 868 primis
1284 809 1388 873 septem
1403 804 1565 873 Stephanus
1582 811 1782 874 protomartyr,
1797 807 1825 860 et

1001 869 1154 940 Philippus
1172 872 1338 928 iiventibus
1358 875 1444 930 etiam
1464 876 1614 945 apostolis,
1637 885 1744 946 quanta
1759 888 1823 930 cum

1000 940 1094 1007 laude,
1110 950 1275 1013 quantoque
1290 946 1452 1001 animarum
1472 945 1569 1002 lructu
1593 947 1823 1016 eradicemini,

999 1012 1068 1067 heta
1082 1015 1240 1080 apostolica
1263 1016 1336 1071 satis
1357 1017 1567 1073 demonstrant.
1586 1020 1710 1075 Docente
1731 1018 1825 1088 igitur

1002 1083 1110 1152 plebem
1135 1086 1279 1154 44444444,
1307 1101 1388 1143 4444
1413 1103 1427 1143 4
1451 1090 1614 1156 septenario
1634 1089 1824 1144 diaconorum

1001 1167 1119 1209 numero
1146 1156 1246 1213 abesse
1271 1158 1417 1213 debuerat.
1449 1159 1580 1215 Universi
1609 1161 1723 1216 adstare
1746 1159 1824 1228 jussi

1000 1232 1076 1305 suot,
1092 1231 1227 1296 tanquam
1240 1229 1380 1297 discipali
1394 1244 1410 1286 a
1422 1231 1538 1286 doctore
1553 1230 1694 1286 icrmaiidi
1708 1231 1743 1284 44
1761 1243 1826 1284 44-

1000 1297 1823 1371 gisteriumveritatis,eiusquestylum,utparicumiide,

999 1367 1196 1449 simplicitate,
1208 1372 1391 1442 acdignitate
1403 1373 1522 1428 Verbum
1534 1375 1581 1429 Dei
1594 1373 1826 1443 populisannun-

999 1446 1106 1494 tiareiit
1122 1458 1128 1492 ε
1147 1443 1260 1510 quando
1290 1444 1441 1499 mandante
1466 1444 1612 1515 episcopo,
1637 1450 1688 1499 aut
1712 1443 1824 1512 Spiritu

1000 1515 1098 1591 sancto
1108 1510 1227 1578 jubente
1244 1527 1293 1581 per
1306 1528 1373 1569 suos
1391 1517 1569 1583 praepositos,
1585 1522 1613 1571 et
1627 1516 1683 1584 ipsi
1698 1514 1732 1569 44
1750 1527 1826 1583 4444-

999 1582 1154 1636 dicandum
1172 1585 1365 1640 mitterentur.
1378 1585 1526 1654 Quomodo
1540 1588 1616 1642 enim
1631 1586 1749 1641 audient
1762 1587 1826 1639 sine

1000 1652 1197 1721 predicante‘l
1211 1661 1262 1709 aut
1279 1658 1422 1725 quomodo
1446 1658 1653 1727 predicabant,
1677 1657 1734 1712 nisi
1754 1656 1825 1710 mit-

114 1728 259 1782 stolorum.
281 1729 461 1782 Diuidebutur
484 1733 575 1782 autem
594 1728 721 1793 sinqulis,
746 1731 827 1794 pro-ut
848 1726 944 1792 cuique
1000 1725 1622 1797 tanturiQuareeiriposlolusTiinotheuni,
1635 1741 1718 1798 quein
1733 1728 1825 1796 primo

117 1813 185 1867 opus
197 1803 266 1851 erat.
282 1800 343 1852 llaec
357 1801 432 1854 intra
444 1813 549 1853 annum
563 1812 579 1853 a
591 1798 700 1853 Christi
713 1796 826 1852 Domini
842 1802 941 1861 morte,
959 1813 985 1874 Β
999 1794 1152 1851 44444444
1168 1811 1263 1868 suum,
1278 1799 1382 1854 deinde
1396 1799 1601 1870 presbyterum,
1615 1806 1643 1855 et
1655 1800 1822 1868 episcopum

116 1876 146 1926 et
156 1868 191 1923 44
202 1871 326 1925 adventu
338 1871 430 1925 divini
444 1871 572 1939 Spiritus
585 1876 663 1940 gesta
676 1867 880 1936 Hierosolymis
895 1879 945 1920 sa-
999 1865 1146 1921 ordinarit
1157 1869 1326 1937 adiutorem,
1342 1870 1381 1924 ita
1395 1873 1505 1926 monuit
1521 1869 1647 1940 Epistola
1661 1873 1684 1925 ll
1696 1870 1789 1938 capite
1803 1881 1823 1934 i,

118 1941 158 1996 tis
169 1942 315 2010 evincunt,
330 1948 470 2012 quantum
483 1942 631 2005 dammum,
647 1946 674 1994 et
690 1939 858 1994 incrementi
872 1939 945 1991 titu-
999 1937 1099 1993 versic.
1119 1935 1179 2003 i23,
1195 1941 1263 1995 444
1279 1941 1339 1995 ait:
1355 1943 1479 1994 Emmnm
1492 1943 1560 1996 habe
1574 1957 1704 1996 sonorum
1725 1940 1825 1994 uerbo-

117 2013 208 2066 torum
222 2013 348 2081 potuerit
361 2014 390 2068 iii
404 2013 477 2068 Urbe
489 2013 556 2068 addi
572 2011 737 2066 Christiano
750 2010 848 2075 coetui,
862 2009 944 2076 ejus·
997 2024 1067 2074 runi,
1093 2026 1154 2078 qna
1173 2027 1191 2064 a
1209 2027 1250 2065 me
1273 2012 1378 2066 audi'sti'
1400 2015 1431 2066 tn
1448 2013 1510 2082 fide,
1527 2018 1560 2069 vet
1583 2016 1613 2068 in
1630 2013 1773 2068 dilectione
1794 2012 1825 2064 ln

116 2085 182 2140 dein
197 2083 326 2152 Spiritus
337 2086 428 2139 sancti
443 2085 535 2154 gratia
549 2084 705 2152 aspirante,
721 2082 876 2150 eodemque
890 2080 944 2133 Pe·
999 2078 1105 2134 Christo
1121 2083 1193 2135 lesu.

118 2164 165 2213 tro
180 2157 370 2211 annuntiante
391 2156 535 2225 magnalia
549 2155 599 2209 Dei
617 2166 666 2221 per
681 2166 771 2208 annos
785 2149 821 2207 45
835 2151 943 2220 quibus

118 2227 284 2284 cathedram
309 2228 462 2282 itomanam
481 2227 580 2281 vivens
596 2224 700 2291 tenuit,
716 2230 744 2279 et
760 2237 808 2293 per
823 2221 942 2277 totidem
1035 2242 1120 2298 Linea
1136 2240 1161 2297 4·
1179 2273 1216 2284 -
1229 2246 1279 2298 Hic
1294 2246 1386 2300 ,imos
1400 2248 1431 2299 in
1445 2248 1512 2301 urbe
1533 2249 1616 2302 Roma
1640 2247 1738 2300 dim-35,
1754 2260 1824 2314 pre·

117 2303 335 2381 ⁰⁰¹!Sffli120ssiesi
347 2306 376 2353 θῑ
387 2299 462 2369 quod
477 2296 606 2380 excurri}
619 2309 710 2365 usque
722 2296 756 2349 {¹⁴¹
770 2294 941 2378 Hilari-“ime
998 2314 1113 2379 sbpterr's
1125 2332 1133 2380 ,·
1147 2319 1179 2369 ut
1190 2317 1390 2387 unusquisque
1406 2331 1465 2372 snae
1476 2320 1607 2386 4444444
1619 2318 1761 2387 terminis,
1773 2330 1824 2373 cae·

118 2368 228 2441 quibus
244 2383 293 2439 per
305 2382 485 2425 successores
502 2368 574 2424 hanc
590 2381 682 2438 ipsam
696 2366 853 2422 Ecclesiam
870 2372 944 2421 rexit
999 2385 1126 2454 pemque
1143 2385 1288 2443 limitibus
1304 2389 1545 2456 distinguerem,

119 2442 343 2568 θῑΒΤΟΡΒξῊῙῑ·
547 2515 552 2523 ,
745 2511 750 2522 ,
788 2511 793 2522 ,
874 2511 879 2521 ,
1036 2456 1120 2539 Linea
1135 2455 1161 2512 5.
1177 2487 1214 2540 Τ
1228 2462 1262 2513 Et
1275 2464 1376 2529 septem
1391 2460 1524 2542 ⁸diaconos
1539 2462 1689 2525 constituit,
1709 2461 1759 2528 qui
1772 2475 1824 2514 cu-

179 2525 243 2568 11]θὸ
279 2514 386 2566 ·-Ε4
400 2517 500 2581 septem
521 2512 649 2565 d2⁰⁶⁰⁷²⁰⁸
664 2514 813 2576 6043444144)
830 2525 878 2578 <1¹1l
893 2525 944 2563 w·
998 2528 1131 2582 studerent
1145 2545 1299 2598 eptsccpum
1306 2531 1502 2599 praerluontem
1514 2537 1624 2599 propter
1636 2533 1738 2598 stqtum
1748 2532 1824 2584 ueri-

117 2585 253 2668 8404444ηὲ
267 2582 945 2667 episcopumpredicantempropterstqlumucri·
1000 2601 1074 2659 tutu,
1099 2601 1180 2669 qnasi
1208 2614 1279 2655 verte
1304 2603 1443 2656 doctrinar
1469 2610 1554 2658 testes
1571 2621 1578 2671 3
1596 2615 1630 2657 ne
1652 2602 1687 2657 44
1710 2601 1824 2657 aemulis

118 2661 195 2711 tutis.
218 2655 269 2710 llic
292 2668 429 2710 numerus
449 2656 636 2709 diaconorum
659 2653 790 2709 llonianae
813 2652 945 2707 Ecclesia
999 2670 1133 2738 epqfflpo
1152 2672 1318 2740 maican„
1343 2673 1558 2741 ,mmmmm
1580 2687 1702 2739 emm,
1725 2674 1776 2742 qui
1798 2673 1824 2728 eq

117 2728 308 2811 3⁸⁸it5⁰³1⁰⁸³
320 2727 401 2809 Ρέῑΐθ
413 2724 756 2807 Ῐΰῦᾶθῑῡῐθ4ὅῦνΐθῐῐῦΰῑ-
768 2719 944 2804 ⁴itlllissiiiffl
998 2741 1222 2812 ascriberentur,
1240 2757 1312 2813 quos
1328 2750 1420 2799 tamen
1439 2745 1499 2813 ipse
1515 2759 1572 2800 non
1585 2745 1786 2801 commisisset.

120 2812 150 2854 in
167 2797 424 2867 hierosolymitana
447 2803 627 2852 constitutus
646 2795 740 2852 luerat
754 2794 790 2849 ab
810 2807 944 2849 universo
1361 2851 1452 2909 PhGfl

119 2876 197 2926 coetu
222 2868 381 2937 apostolico
404 2869 549 2936 (hetorum
575 2866 623 2936 iii),
652 2865 891 2938 quemadmodum
917 2873 945 2919 et

119 2954 233 2997 sumina
247 2937 282 2996 25
298 2939 526 3009 presbyterorum
543 2939 661 2994 totidem
677 2937 790 2993 vicibus
809 2937 946 2993 sacerdo·
1036 2941 1121 2995 Linea
1141 2937 1167 2993 4.
1186 2970 1220 2978 -
1238 2941 1288 2993 llic
1310 2942 1403 2995 titulos
1424 2944 1453 2994 iu
1474 2941 1540 2994 urbe
1560 2942 1653 3006 Roma,
1676 2948 1729 2995 etc.
1754 2941 1827 2996 Sunt

119 3011 230 3067 talibus
247 3010 444 3093 (adnumerata
457 3024 522 3065 444
537 3007 573 3064 El
588 3009 711 3079 reliquis
726 3010 812 3063 etiam
827 3008 888 3063 vice
906 3009 946 3062 il-
1001 3015 1051 3082 qiii
1076 3012 1206 3065 Eraristc
1231 3011 1372 3135 oriffiiiem
1397 3013 1626 3068 consecrationis
1651 3011 1824 3079 templorum

121 3083 191 3147 lius,
207 3098 256 3153 qui
274 3083 402 3137 vicarius
424 3081 572 3153 legebatur
594 3081 699 3137 summi
717 3079 882 3150 pontilicis),
902 3078 945 3132 uti
1000 3081 1160 3149 ascribunt,
1172 3081 1219 3136 sed
1232 3096 1277 3136 44
1295 3083 1696 3151 tacertiusestapostuiicum
1711 3084 1827 3138 institu-

120 3167 209 3223 supra
226 3155 337 3209 dictum
359 3152 415 3208 luit
438 3153 467 3207 in
488 3153 565 3208 notis
585 3152 736 3207 historicis
751 3152 785 3206 44
807 3152 898 3205 Vitam
915 3150 944 3204 S·
959 3181 984 3244 C
1002 3161 1060 3209 tum
1077 3166 1149 3221 esse,
1167 3151 1241 3222 quod
1256 3166 1271 3206 e
1288 3153 1379 3206 Veteri
1400 3156 1579 3208 Testamenta
1602 3155 1636 3208 44
1654 3155 1773 3216 Ν4444,
1790 3153 1827 3207 44

120 3225 205 3289 cleti,
224 3224 382 3280 ministerii
399 3224 550 3279 levitarum
567 3224 598 3278 in
615 3223 720 3292 templo
735 3221 862 3286 Domini,
876 3222 945 3275 444
1000 3223 1140 3293 apostolis
1154 3224 1188 3277 ad
1205 3236 1385 3278 siiacessores
1397 3226 1550 3288 emanavit,
1590 3238 1652 3278 uem
1668 3225 1755 3278 ritum
1771 3237 1829 3279 ser·

118 3296 283 3353 ludaeorum
304 3296 428 3363 populus
450 3295 499 3349 Dei
519 3295 673 3350 Ecclesiam
697 3293 902 3360 constituebat,
919 3299 946 3346 et
1001 3297 1077 3350 ravit
1099 3293 1235 3347 Ecclesia.
1261 3294 1350 3348 totius
1369 3292 1499 3350 Orientis
1519 3301 1547 3348 et
1565 3240 1732 3349 44444444ῑί4
1753 3308 1828 3350 con-

119 3367 313 3423 Christianam
336 3367 353 3421 4
377 3366 488 3421 arabat.
504 3364 652 3435 Duplicari
675 3373 767 3419 tamen
784 3362 894 3433 placuit
916 3363 945 3417 in
1001 3381 1097 3430 suisa,
1127 3365 1184 3419 nisi
1213 3364 1344 3419 dicamus
1371 3379 1434 3421 cum
1463 3366 1606 3421 cardinali
1636 3366 1711 3421 Bona
1738 3364 1790 3420 lib.
1817 3380 1825 3420 i

121 3439 175 3495 444
191 3439 329 3508 44444444
370 3438 416 3492 444
432 3438 558 3492 Eoederis
582 3437 717 3506 Ecclesia,
734 3435 849 3506 qnando
865 3435 946 3487 novis
1001 3439 1065 3492 lter.
1095 3436 1216 3506 Litiirg,
1254 3449 1315 3503 cap.
1345 3433 1390 3503 30,
1422 3450 1448 3490 n.
1479 3436 1505 3500 3,
1536 3436 1572 3490 ali
1601 3436 1653 3491 hoc
1689 3436 1826 3492 Pontiilce
1891 3462 1902 3471 κ

120 3508 349 3576 accessionibus,
370 3516 398 3563 et
419 3509 534 3577 quidem
559 3508 693 3562 maximis
711 3515 795 3561 aucta
815 3511 867 3573 est,
889 3511 946 3559 tani
1001 3509 1110 3577 scripto
1128 3507 1349 3576 promulgatum,
1367 3509 1441 3576 quoii
1455 3510 1514 3563 sola
1527 3509 1684 3563 traditione
1697 3508 1825 3563 444444-

121 3582 303 3652 presbyteros
321 3579 493 3647 cardinales
514 3592 547 3633 ac
567 3579 669 3633 titulos
688 3579 839 3646 Romanos
860 3589 894 3630 ex
911 3573 948 3630 25
1001 3579 1166 3636 sessoribus
1194 3585 1349 3648 acceperat.
1379 3582 1436 3633 444
1458 3578 1530 3634 lorte
1554 3578 1635 3633 addit
1658 3579 1692 3632 44
1719 3585 1827 3634 ueteres

121 3653 173 3724 qui
197 3652 280 3723 prius
304 3649 418 3706 lucrant
440 3649 629 3719 amplificatos
652 3650 686 3704 ad
712 3647 944 3718 quinquaginta,
1001 3650 1198 3717 ceremonias,
1218 3656 1249 3703 ot
1264 3649 1327 3704 sine
1349 3653 1443 3704 missae
1459 3650 1603 3705 sacrificio
1625 3649 1754 3704 basilicae
1770 3663 1843 3705 non.

121 3736 208 3795 quani
231 3723 369 3777 diaconos
390 3722 562 3786 cardinales,
586 3722 748 3790 septenario
770 3733 868 3774 eorum
889 3732 947 3772 nu·
1002 3727 1250 3787 consecrarentur,
1268 3727 1300 3776 ut
1314 3734 1348 3775 ex
1365 3720 1416 3776 illo
1433 3720 1561 3776 referunt
1576 3734 1716 3775 canonum
1739 3720 1826 3777 colle·

121 3808 200 3851 mero
213 3792 250 3849 ab
267 3793 313 3847 his
328 3801 434 3861 septem
451 3793 582 3860 adaucto,
599 3792 650 3861 qui
668 3791 799 3846 Ecclesia
815 3791 947 3844 Romana
998 3792 1261 3861 ptoresNimqnod
1273 3792 1365 3861 aliqui
1377 3792 1582 3847 scribiintante
1593 3793 1746 3858 imperium
1757 3791 1829 3847 dcii·

120 3879 236 3921 sacrum
251 3864 405 3935 collegium
419 3864 574 3919 constitnit
590 3876 645 3917 uua
660 3876 724 3917 cum
739 3876 787 3917 sex
803 3862 948 3931 episcopis
1004 3865 1224 3934 smntinihtagni
1235 3862 1828 3925 nullasluisseEcclesiarumdedicationes

119 3935 346 3992 suburbicariis.
361 3935 448 3990 addit
459 3934 637 4005 Biographus
650 3935 794 3988 decretum
809 3933 899 3988 luisse
912 3931 947 3986 ab
1024 3947 1120 4005 ropter
1134 3943 1238 3989 metum
1255 3936 1475 4000 persecutionis.
1489 3935 1516 3990 id
1531 3937 1566 3991 de
1582 3934 1720 4005 publicis,
1736 3941 1765 3989 et
1777 3949 1828 3989 so·

119 4008 262 4074 Eraristo‚
277 4013 309 4061 ut
320 4007 486 4075 episcopum
500 4007 700 4075 predicantem
714 4011 819 4074 septem
832 4003 947 4059 diaconi
1004 3963 1158 4074 iemnibus
1174 4019 1228 4061 non
1246 4019 1311 4061 vero
1326 4008 1361 4060 de
1375 4007 1495 4075 privatis
1508 4014 1534 4061 et
1549 4005 1621 4061 clam
1637 4009 1762 4075 peractis
1778 4006 1828 4061 iii-

121 4079 306 4135 custodirent
323 4082 438 4147 propter
452 4079 553 4144 stylum
568 4079 702 4130 ueritatis.
727 4077 831 4132 Prater
846 4087 948 4130 causas
1004 4078 1190 4150 [elligendum
1201 4078 1433 4132 existimatBona
1443 4078 1585 4141 laudatus,
1597 4078 1672 4147 apud
1682 4091 1765 4147 quem
1777 4077 1827 4131 hac

120 4150 243 4217 decreti,
259 4149 407 4218 expositas
429 4148 464 4202 44
479 4149 634 4213 altaserra,
652 4148 724 4202 hanc
747 4148 861 4202 ridetur
876 4159 949 4201 coii-
1003 4162 1038 4216 de
1054 4164 1083 4206 re
1099 4149 1191 4219 plara.
1208 4150 1247 4203 lte
1263 4148 1463 4204 benedictione
1477 4164 1510 4205 44
1529 4150 1713 4205 dedicatione
1727 4147 1825 4204 Eccle-

120 4227 219 4278 textus
238 4220 378 4289 indicare,
396 4226 426 4274 ut
440 4220 574 4288 episcopo
597 4220 763 4288 predicanti
785 4219 883 4273 adesse
904 4224 949 4271 te-

119 4298 246 4349 neantur
256 4293 371 4347 diaconi
386 4296 503 4360 septem,
520 4291 606 4346 idest
624 4298 764 4361 quotquot
778 4291 806 4344 in
822 4288 948 4344 Ecclesia

119 4373 193 4422 tunc
217 4364 357 4434 temporis
382 4363 607 4419 numerabantur
624 4380 631 4417 ι
648 4367 675 4417 44
698 4362 814 4432 quidem
836 4368 948 4433 propter

1003 4233 1113 4287 siarum
1130 4220 1266 4291 legendus
1280 4221 1365 4275 etiam
1381 4221 1547 4277 Edmundus
1560 4223 1685 4277 hlartene
1696 4220 1745 4276 lib.
1763 4234 1781 4274 ii
1794 4219 1829 4274 de

1003 4293 1288 4428 ἶζιὲξὶῧᾳξὲἷὲοκείω
1302 4291 1417 4349 [litibus
1432 4307 1493 4363 cap.
1507 4290 1551 4363 ta,
1565 4292 1614 4348 444
1627 4292 1710 4363 44444
1723 4294 1829 4363 siirgu-

669 4743 747 4814 Vll.
781 4742 969 4813 SANCTUS
1005 4740 1280 4810 ttaxtltunh.

644 4976 734 5021 aurio
770 4975 897 5020 cunisri
934 4961 1003 5032 lul,
1031 4973 1256 5017 sortiamini).
1280 4957 1312 5015 2.

245 5319 269 5380 7
298 5316 514 5396 Ateaander,
555 5318 693 5380 natione
737 5319 933 5393 Romanus,
974 5330 1015 5376 ee
1050 5318 1155 5395 patre
1196 5315 1417 5394 4444444444,
1458 5316 1497 5378 de
1537 5314 1675 5396 cepione
1714 5312 1828 5393 Caput

203 5417 326 5493 naun,
343 5417 429 5478 sedit
443 5434 549 5478 annos
566 5420 649 5492 octo,
666 5430 797 5478 menses
817 5413 978 5493 quinque,
1000 5411 1070 5476 dies
1086 5413 1169 5475 duos
1182 5424 1208 5475 ³.
1226 5415 1311 5477 lauet
1326 5417 1438 5476 autem
1453 5412 1658 5495 teinpcrtbus
1677 5409 1828 5491 Trajanc'

203 5534 310 5597 ‘usque
335 5518 381 5578 art
408 5516 598 5601 statianam
619 5515 632 5555 ὓ
653 5517 685 5575 ct
713 5516 860 5576 Veterem
880 5522 902 5570 ⁰.
926 5509 1245 5594 dlltepasstonem
1267 5513 1406 5576 Dortit'nt'
1434 5514 1571 5576 44444444
1596 5513 1635 5575 tn
1652 5512 1828 5594 precatio-

690 5654 829 5697 NOTULAE
853 5654 1062 5698 aetheluthus
1086 5654 1260 5697 FABROT'I'I.

120 5835 136 5877 d
150 5769 221 5893 ξιῧέ
235 5782 291 5894 ἓνὲν
304 5762 457 5891 ighnmss}
474 5765 503 5819 d.
519 5760 564 5818 20.
580 5761 635 5825 up,
654 5779 671 5815 a
685 5761 757 5816 Coss.
777 5762 876 5816 Auiola
895 5765 921 5815 et
939 5762 1031 5816 Pansa
1050 5762 1088 5816 att
1111 5762 1279 5817 Catullinum
1294 5768 1319 5818 ct
1337 5765 1456 5833 Aprum,
1470 5773 1484 5806 c
1496 5763 1525 5826 0,
1548 5769 1576 5818 ey
1596 5764 1656 5818 vet,
1680 5760 1833 5817 mm&
