3892 6136
114 256 181 318 ruta
579 294 589 310 „
741 225 921 311 sumansu
939 251 1211 311 nmmomactan
1760 255 1827 316 vsvs

116 377 278 437 sessoribus
292 373 485 435 decernentia.
500 372 630 431 Subinde
643 373 780 448 Augustae
792 373 986 448 diguitatisA
1022 376 1154 448 uomodo,
1169 389 1259 447 quave
1273 377 1395 447 ratione,
1416 377 1467 434 illa
1483 390 1568 448 quam
1585 379 1824 450 supradiximus,

115 452 317 509 auctoritatem
330 447 546 518 interposuitad
556 447 765 515 componendas
774 447 945 504 domesticas
999 392 1232 520 ffiiiqentissime,
1247 450 1466 520 rectissimeque
1479 449 1651 519 dirimatur,
1665 457 1744 507 etex
1754 453 1827 522 juris

115 525 249 580 Ecclesiae
265 519 507 593 perturbationes,
524 518 650 588 eiusdem
670 523 835 576 sanctarum
849 518 943 591 legum
999 520 1165 590 praescripto
1181 521 1293 577 tandem
1310 520 1485 577 absolvatur.
1499 518 1744 592 Quandoquidem
1759 523 1826 579 illud

116 594 311 666 patrocinium
326 589 483 663 protessus.
998 597 1121 647 vestrum
1138 591 1269 648 studium
1283 593 1402 648 minime
1416 591 1495 660 latet,
1512 605 1556 647 me
1578 598 1689 648 tantam
1703 607 1830 650 reveren·

148 667 261 723 Certior
274 666 373 734 ltaque
388 660 481 717 iactus
495 661 530 716 de
546 660 696 718 seditiosis
716 660 855 731 motibus,
869 674 944 733 quos
996 662 1066 718 tiam
1079 670 1184 719 sanctas
1198 669 1226 719 et
1237 663 1385 721 catholice
1395 664 1529 719 Ecclesiae
1542 663 1684 734 tribuere,
1701 671 1736 721 ut
1747 666 1828 721 velim

116 737 145 793 in
162 737 259 794 Africa
283 735 492 791 suscitaverunt
511 733 677 799 Donatista,
698 733 832 804 praecepit
848 733 943 805 magi·
997 747 1046 790 vos
1058 733 1170 790 nullum
1184 734 1315 807 generale
1328 735 1465 800 schisma,
1479 733 1587 791 nullam
1603 736 1784 793 discordiam
1801 739 1829 793 in

114 807 297 867 stratibusin
310 819 342 862 ea
358 805 766 875 provinciaaseconstitutis.
784 810 815 860 ut
828 805 942 861 eosdem
998 805 1057 861 ullo
1085 806 1146 862 ioco
1173 807 1291 862 omnino
1315 806 1488 876 relinquere.
1513 808 1632 863 Summa
1657 810 1756 879 magui
1782 810 1828 864 bei

118 880 317 951 reprimerent,
331 877 466 945 datisque
482 874 589 931 litteris
603 876 638 932 ad
654 876 839 932 cecilianum
851 875 942 946 legiti·
997 877 1131 946 majestas
1141 891 1201 947 vos,
1217 878 1434 934 honoratissimi
1451 878 1519 947 viri,
1536 878 1638 934 multis
1655 882 1745 935 annis
1761 893 1830 936 con·

118 965 196 1008 mum
219 952 384 1020 episcopum
399 947 636 1017 Carthaginensis
648 946 792 1014 Ecclesiae,
811 948 941 1003 eumdem
997 953 1099 1005 servet.
1115 966 1129 999 r
1144 946 1235 1018 (apud
1250 949 1351 1005 Euseb.
1376 951 1450 1004 illst.
1469 948 1519 1004 lib.
1539 963 1567 1019 x,
1584 963 1652 1020 cap.
1666 948 1727 1020 55.)

116 1023 266 1080 certiorem
284 1019 361 1087 iecit,
377 1032 433 1076 non
447 1016 944 1089 delaturosministrossuosopitu·
1034 1019 1190 1089 Utriusque
1211 1021 1301 1088 partis
1328 1022 1384 1076 viri
1411 1021 1529 1076 iiomam
1544 1035 1612 1076 cum
1632 1022 1827 1088 advenissent,

117 1094 182 1160 lari,
198 1092 314 1150 illorum
331 1091 471 1147 auxilium
484 1089 720 1159 ubiimploraret.
735 1090 836 1147 Certus
847 1096 943 1146 autem
997 1090 1047 1147 ubl
1065 1091 1173 1161 pariter
1192 1091 1310 1148 aderant
1326 1098 1383 1148 tres
1408 1092 1452 1147 ilii
1466 1092 1632 1148 Galliarum
1649 1094 1782 1162 episcopi
1803 1093 1828 1148 iu

117 1179 180 1222 cum
204 1171 288 1231 esset,
305 1162 506 1219 schismaticos
520 1174 536 1214 a
550 1174 581 1216 se
615 1160 803 1229 ustulaturos,
820 1167 853 1218 ut
866 1161 941 1231 apud
996 1161 1177 1217 Constantini
1190 1162 1296 1220 litteris
1307 1164 1465 1231 memorati,
1480 1176 1589 1220 necnon
1601 1164 1656 1220 alii
1666 1165 1829 1235 quindecim

118 1237 328 1293 transmarinos
341 1234 456 1304 iudices
469 1244 556 1288 causa
573 1176 688 1288 ilrorum
706 1246 770 1288 cum
789 1232 943 1289 Caeciliano
997 1246 1031 1289 ex
1045 1233 1125 1289 ltalia
1143 1235 1299 1302 antistites,
1324 1235 1481 1291 concilium
1503 1234 1685 1290 celebratum
1709 1234 1767 1290 luit
1782 1237 1830 1291 sub

116 1308 316 1375 decideretur,
345 1307 567 1375 imperatoreos
584 1319 669 1358 ausus
681 1304 713 1358 de
727 1318 810 1358 causo
864 1304 945 1373 'scopi
997 1305 1170 1362 auctoritate
1182 1306 1350 1363 llelcbiadis
1362 1319 1448 1375 papa.
1463 1325 1477 1358 a
1491 1306 1657 1362 lielcbiade
1670 1309 1831 1375 apostolice

112 1380 242 1449 judicare
256 1377 432 1446 (observante
448 1377 476 1432 S.
492 1374 654 1446 Augustino
671 1375 700 1430 iu
710 1375 794 1444 epist.
813 1320 874 1445 iffi)
885 1389 944 1430 eam
998 1375 1077 1432 sedis
1088 1379 1185 1445 episco
1206 1390 1222 1433 o
1245 1378 1415 1446 presidente
1433 1378 1565 1433 lieticius
1580 1392 1650 1433 cum
1666 1378 1737 1433 aliis
1746 1380 1829 1448 judex

119 1450 328 1514 discutiendam,
353 1453 436 1516 utque
461 1446 610 1515 tamdem
633 1447 657 1499 Ε
677 1449 774 1514 iscopis
798 1446 943 1513 auteponit.
1000 1445 1134 1505 interluit
1159 1391 1218 1519 »ἐ
1231 1449 1315 1522 Aug„
1329 1448 1380 1504 lib.
1393 1463 1401 1503 t
1415 1454 1501 1503 contr.
1515 1450 1585 1516 iul,
1601 1462 1667 1518 cap.
1684 1448 1726 1512 9).
1740 1451 1831 1506 aCon-

119 1526 159 1580 ita
170 1520 373 1576 vanderadam
385 1517 553 1588 perscripsit
563 1517 597 1572 ad
607 1463 793 1572 melchiadem
814 1531 924 1586 papam.
999 1526 1139 1576 venerunt
1164 1519 1194 1575 in
1209 1519 1325 1577 domum
1348 1521 1457 1576 Faustae
1474 1520 1502 1575 in
1526 1521 1674 1576 Laterano
1693 1521 1830 1576 Constan-

157 1592 389 1649 «Constantinus
413 1594 561 1661 augustus
580 1588 716 1644 lliitiadae
730 1589 864 1658 episcopo
886 1589 944 1644 lio-
999 1591 1061 1646 tino
1075 1591 1112 1645 lll
1126 1597 1154 1647 et
1169 1590 1281 1648 Licinio
1296 1593 1333 1647 lli
1343 1605 1416 1648 coss.
1431 1605 1458 1647 vt
1474 1593 1547 1648 lion.
1562 1592 1689 1648 Octobr.
1705 1593 1752 1648 die
1765 1591 1829 1648 teria

120 1678 215 1734 mano,
226 1670 255 1719 et
267 1665 361 1718 llarco
375 1660 507 1717 salutem.
523 1659 664 1728 Quoniam
682 1661 822 1728 eiusmodi
841 1660 945 1715 litterae
999 1666 1089 1717 sexta.
1102 1660 1190 1733 »Ope
1205 1663 1299 1718 llilev.
1315 1663 1364 1718 lib.
1383 1676 1401 1727 r,
1417 1669 1471 1718 etc.
1490 1662 1699 1720 «Caecilianus
1708 1666 1828 1720 omniun

118 1735 282 1806 complures
297 1732 470 1789 ablinulino
480 1731 644 1787 clarissimo
658 1730 761 1787 liricae
775 1730 946 1802 proconsule
960 1748 987 1810 Β
1000 1740 1309 1802 supramemoratorum
1323 1735 1475 1790 sententiis
1491 1735 1638 1791 innocens
1653 1741 1701 1791 est
1716 1748 1829 1804 pronun·

118 1808 152 1865 ud
177 1821 219 1863 me
240 1805 334 1862 misse
357 1810 437 1865 suut,
458 1803 487 1859 in
524 1802 611 1858 urbas
634 1802 944 1859 constatcaeciiianum
1002 1805 1203 1861 iiatuszetiam
1219 1804 1828 1876 lliltiadissenteutia,quajudiciumclau-

118 1879 285 1951 episcopum
299 1877 428 1932 civitatis
442 1819 722 1947 caribagireustum,
740 1888 756 1929 a
771 1873 946 1944 quibusdam
1001 1889 1064 1932 sum
1081 1882 1124 1931 est
1139 1877 1186 1931 bis
1198 1877 1314 1934 verbis:
1330 1878 1399 1933 Cum
1411 1877 1779 1933 constiteritCaeciliannm
1799 1877 1827 1933 ab

118 1950 237 2022 collegis
261 1949 324 2006 suis
348 1949 377 2003 in
400 1945 496 2003 livien
516 1946 660 2002 ordinatis
674 1946 829 2016 episcopis,
845 1945 946 2001 multis
1001 1947 1039 2002 iis
1064 1948 1193 2017 quicum
1216 1950 1324 2005 Donato
1342 1954 1489 2016 venerunt,
1505 1949 1593 2017 juxta
1612 1952 1826 2019 promissionem

118 2023 153 2079 de
170 2025 254 2077 rebus
271 2021 299 2076 in
323 2020 430 2076 crimen
446 2017 554 2084 vocari,
570 2023 598 2073 et
614 2017 687 2074 illud
702 2017 773 2072 mibi
795 2016 945 2073 molestum
1001 2031 1081 2075 suam
1092 2032 1148 2074 non
1160 2021 1304 2087 accusari,
1321 2033 1371 2076 nec
1387 2034 1403 2075 a
1417 2021 1527 2075 Donato
1541 2021 1716 2077 convictum
1732 2035 1791 2077 esse
1804 2022 1826 2076 iu

119 2095 244 2159 videtur,
256 2093 328 2148 utin
343 2091 389 2146 bis
400 2089 569 2160 provinciis,
579 2089 756 2159 quasdivina
766 2089 946 2158 providentia
1000 2090 1099 2161 aliqua
1116 2097 1196 2159 parte
1210 2093 1392 2148 constiterit:
1407 2104 1467 2147 suae
1480 2093 1690 2148 communioni
1711 2093 1828 2149 ecclesia·

121 2165 197 2222 ultro
205 2177 238 2219 ac
247 2175 298 2220 sua
306 2171 406 2233 sponte
415 2160 470 2217 sub
483 2159 768 2230 meumsubiunxerit
779 2160 944 2285 imperium,
1001 2162 1081 2218 stica
1093 2162 1205 2234 integro
1216 2169 1292 2219 statu
1304 2164 1485 2219 retinendum
1498 2165 1609 2221 merito
1621 2177 1689 2221 esse
1703 2165 1802 2221 sentio.
1815 2181 1826 2215 ι

120 2242 148 2294 et
159 2238 189 2292 in
204 2233 267 2290 iliis
280 2234 362 2304 locis,
378 2234 407 2289 in
421 2232 530 2304 quibus
543 2232 642 2288 crebra
656 2232 804 2286 bominum
828 2244 947 2302 requen-
1000 2232 1075 2305 (Opi.
1087 2241 1174 2288 contr.
1191 2237 1316 2291 Panaca.
1333 2233 1385 2290 lib.
1404 2235 1434 2304 ul

121 2309 160 2365 tia
173 2312 313 2373 versatur,
330 2318 385 2362 non
410 2305 493 2360 modo
509 2303 665 2359 multitudo
685 2303 719 2358 ad
735 2302 878 2359 deteriora
892 2303 947 2359 de-
1038 2304 1168 2374 «Qualis
1184 2306 1279 2377 ipsius
1293 2306 1368 2363 beati
1384 2305 1557 2364 llelcbiadis
1580 2306 1689 2364 ultima
1714 2315 1756 2365 est
1770 2320 1827 2378 pro·

120 2380 223 2445 decim,
235 2385 264 2435 et
277 2377 460 2434 distrahatur
471 2374 616 2444 dissidiis,
641 2374 689 2430 sed
709 2374 837 2443 episcopi
859 2375 946 2429 etiam
1001 2374 1057 2431 lata
1071 2376 1222 2437 sententia.
1237 2392 1321 2449 quam
1339 2379 1486 2446 innocens,
1502 2393 1592 2450 quam
1612 2380 1737 2452 integra,
1753 2392 1826 2450 quan

119 2450 296 2508 discordiam
314 2449 428 2504 interse
444 2447 500 2516 ipsi
514 2452 663 2503 exerceant
678 2467 681 2474 ·
698 2446 791 2502 visum
803 2451 845 2501 est
862 2445 945 2514 mibi,
1021 2447 1119 2505 rorida
1134 2456 1220 2519 atque
1234 2449 1359 2520 pacifica,
1374 2463 1429 2522 qua
1449 2463 1542 2522 neque
1558 2450 1702 2523 collegas,
1717 2453 1748 2507 in
1769 2451 1827 2520 qui-

121 2530 153 2577 nt
164 2521 237 2577 idem
250 2519 433 2578 i'mcilianus.
445 2532 509 2573 cum
522 2518 618 2573 decem
631 2516 785 2599 episcopis,
795 2517 845 2588 qui
863 2516 947 2600 iilum
1001 2462 1057 2573 Bas
1073 2518 1147 2574 nibil
1157 2523 1336 2584 constiterat,
1350 2521 1583 2594 decollegiosuo
1596 2529 1824 2579 aususestremo

121 2605 203 2649 reum
232 2590 325 2647 lacere
339 2591 500 2646 videantur.
517 2595 546 2644 et
568 2589 664 2644 decem
692 2589 770 2655 aliis,
792 2601 865 2657 quos
885 2600 948 2657 spise
1001 2603 1084 2644 vere:
1101 2595 1130 2645 et
1148 2593 1256 2647 Donato
1278 2592 1350 2660 solo,
1367 2605 1449 2662 quern
1472 2593 1567 2648 totius
1584 2593 1655 2649 mali
1680 2595 1826 2664 principem

121 2676 182 2721 sua
206 2660 270 2718 litis
292 2659 498 2729 dijudicationi
524 2660 701 2714 necessarios
724 2659 949 2729 existimaverit,
1003 2660 1157 2731 invenerat,
1183 2666 1305 2720 manime
1328 2663 1453 2733 culpato,
1478 2665 1619 2720 sanitatis
1635 2666 1827 2735 recuperanda

122 2735 241 2790 Romam
272 2734 386 2802 navigio
411 2730 606 2798 traiiclat3ut
630 2730 671 2785 lbi
693 2741 788 2785 coram
808 2728 900 2799 vobis,
920 2735 950 2785 et
1002 2733 1147 2801 optionem
1173 2732 1291 2790 liberam
1320 2734 1406 2791 iecit:
1429 2737 1543 2792 caeteris
1574 2743 1698 2806 paratus
1727 2738 1828 2792 litteras

122 2804 236 2862 liuticio
249 2803 346 2870 etiam,
358 2802 531 2868 etldaterno,
543 2800 948 2871 ctblarinocollegisvestris,
1002 2805 1274 2862 communicatorias
1296 2807 1419 2876 mittere,
1442 2808 1528 2862 etiam
1548 2808 1599 2873 iis,
1616 2822 1695 2878 quos
1714 2821 1730 2861 a
1749 2809 1828 2874 llajo-

123 2889 197 2948 quos
208 2887 240 2930 ea
252 2874 288 2930 de
298 2886 386 2929 causa
399 2874 514 2927 Romam
532 2878 675 2926 maturare
688 2872 836 2940 jusserim,
856 2873 948 2941 possit
1004 2875 1067 2930 rino
1085 2875 1235 2933 ordinatos
1247 2891 1309 2934 esse
1327 2884 1488 2933 constaret:
1505 2879 1545 2933 ita
1562 2885 1597 2934 ut
1611 2879 1827 2949 quibuscunque

122 2942 947 3026 audiri,sicutsanctissimalieile1.·utinostis,pustulat.
1003 2945 1075 3001 locis
1100 2947 1159 3003 duo
1182 2955 1277 3004 essent
1300 2949 1438 3019 episcopi,
1465 2963 1539 3020 quos
1569 2950 1723 3007 dissensio
1747 2950 1828 3022 gemi-

121 3020 214 3090 Atque
228 3024 258 3073 ut
270 3018 305 3072 de
317 3014 454 3072 omuibus
470 3013 548 3069 bvsce
564 3013 770 3083 plenissimam,
785 3015 949 3071 accuratis·
1003 3021 1108 3087 nasset,
1128 3030 1192 3073 eum
1204 3021 1366 3076 condrmari
1379 3020 1473 3090 vellet,
1508 3022 1539 3076 ui
1555 3019 1668 3078 luisset
1690 3022 1827 3077 ordinatus

122 3091 284 3159 almamque
295 3088 428 3145 notitiam
444 3085 561 3156 possitis
575 3084 687 3152 babere,
704 3085 879 3155 exemplaria
894 3083 986 3145 lit-C
1003 3090 1098 3158 prior:
1121 3088 1204 3145 alteri
1219 3098 1313 3148 autem
1330 3105 1427 3148 eorvrm
1452 3093 1497 3161 pie
1518 3093 1607 3149 salia
1624 3095 1749 3165 regenda
1768 3106 1827 3163 pra

124 3165 261 3229 terarum,
285 3161 318 3215 avi
343 3172 387 3215 me
401 3157 436 3213 ab
457 3157 556 3213 duilio
572 3158 737 3216 missarum.
754 3155 861 3213 litteris
876 3158 947 3215 meis
1002 3160 1219 3227 videretur,etc.
1232 3161 1256 3218 0
1271 3163 1534 3231 virumoptimum‘l
1549 3163 1573 3219 0
1589 3164 1689 3221 ilium
1706 3165 1827 3220 cbristia·

121 3232 286 3301 subscripta
300 3230 335 3286 ad
352 3233 461 3286 vestros
474 3228 625 3298 praedictos
640 3227 764 3310 collegas
780 3228 856 3283 misi.
871 3229 948 3297 Quas
1002 3243 1045 3287 me
1059 3232 1147 3301 pacis,
1166 3240 1194 3289 et
1210 3240 1316 3304 patrem
1333 3234 1508 3291 Christianae
1533 3233 1633 3306 plebis
1653 3235 1662 3290 i
1689 3234 1752 3308 ris.
1763 3239 1823 3307 Aug.

122 3319 186 3363 cum
198 3309 293 3360 vestra
304 3301 428 3373 gravitas
440 3300 602 3371 perlegerit,
611 3299 756 3371 exquisite
767 3299 946 3373 ponderabit,
1002 3304 1081 3373 qast.
1099 3301 1172 3376 tua.)

122 3480 536 3498 —n———n—-n—-O

637 3647 800 3722 XXXIV·
841 3647 1032 3722 SANCTUS
1065 3651 1311 3727 sttvmsstn.

680 3880 769 3926 nuno
784 3879 915 3927 asamar
928 3862 999 3944 tlt,
1012 3882 1228 3932 cousnaumm
1238 3873 1267 3933 9.

917 4061 1041 4075 u

282 4216 348 4280 34.
359 4213 538 4294 Sllncrler,
549 4215 686 4279 aalioue
698 4217 883 4293 Romanus,
897 4230 938 4279 aa
948 4215 1051 4296 patre
1063 4209 1202 4289 Rufiao,
1215 4207 1300 4272 sedit
1314 4203 1552 4284 annisviginti
1567 4205 1697 4287 tribus,
1712 4203 1828 4268 mensi-

240 4313 304 4377 bus
313 4313 558 4393 dacem,diebus
568 4313 763 4378 duodecim·
779 4313 811 4376 ,δ
826 4311 1032 4377 Fallaulcm
1046 4306 1252 4391 temporibus
1261 4304 1483 4372 Caucalaulc'ui
1493 4307 1527 4368 cl
1545 4302 1828 4370 Volusianieadlc

243 4413 480 4478 Kalendarum
492 4412 762 4478 Februariarum
776 4413 939 4494 usquead
953 4411 1039 4474 dmm
1049 4407 1287 4474 Kalendarum
1296 4403 1562 4469 ianuariarum.
1579 4403 1785 4469 Gouolautio
1797 4418 1826 4478 0,

240 4518 273 4578 cl
304 4511 486 4578 Voluslauo
513 4510 719 4576 causalibus.
735 4511 831 4576 ‘¹ch
850 4512 889 4574 lu
916 4507 1036 4574 casilia
1063 4505 1138 4588 fecit
1159 4506 1199 4568 c'u
1226 4507 1368 4567 moutam
1395 4501 1573 4566 Soractem
1598 4501 1828 4584 persecutum

103 4679 106 4687 ,
199 4610 465 4676 irl'ouslaulluc‘
492 4627 683 4688 caucaseae,
717 4614 750 4675 el
779 4609 990 4692 postumatum
1016 4605 1153 4668 redicas
1180 4619 1255 4667 cam
1284 4600 1406 4684 pluria,
1437 4599 1638 4681 baptisavit
1663 4600 1828 4665 Coastes-

240 4709 354 4774 tr'aum
368 4707 573 4790 depastum,
587 4708 828 4790 qraemeumru
843 4707 1078 4787 Domluusper
1089 4698 1443 4782 baptismumalcpra,
1459 4697 1557 4778 cujus
1568 4700 1828 4782 persecutionem

242 4807 350 4889 primo
360 4806 508 4886 fugiens,
526 4806 561 4871 in
576 4807 695 4870 exsilio
709 4805 813 4869 fuisse
823 4802 1045 4885 cognoscitur.

282 4904 344 4967 Hic
378 4902 455 4967 lecit
492 4904 528 4968 in
566 4904 649 4968 urbe
684 4907 788 4969 Roma
817 4902 990 4968 ecclesiam
1017 4899 1053 4963 in
1085 4896 1209 4980 praedio
1241 4894 1417 4976 cujusdam
1452 4893 1645 4977 presbyteri
1680 4897 1749 4979 sui,
1780 4892 1826 4976 qui

241 5001 544 5082 cognominabatur
577 5002 745 5083 Equitius,
786 5019 886 5083 quem
918 5000 1060 5063 titulum
1090 5000 1277 5062 Romanum
1306 4993 1490 5073 constituit,
1526 4991 1636 5073 juxta
1678 4996 1826 5061 Thermas

182 5103 220 5164 10
240 5100 463 5181 Domitianas,
485 5099 544 5183 qui
568 5116 674 5181 usque
699 5101 733 5162 in
760 5100 958 5163 hodiernum
983 5096 1073 5161 diem
1102 5095 1291 5176 appellatur
1310 5091 1431 5156 titulus
1452 5090 1598 5175 Equitii,
1623 5093 1687 5157 ubi
1717 5099 1750 5158 et
1771 5094 1825 5156 bac

241 5199 330 5263 dona
348 5199 545 5262 constituit:
574 5202 732 5278 patenam
757 5201 963 5278 argenteam,
979 5198 1177 5277 pensantem
1192 5191 1295 5255 libras
1321 5208 1378 5270 xx,
1408 5191 1442 5254 et
1465 5188 1552 5252 dono
1580 5194 1739 5271 Augusti
1753 5195 1824 5255 Gon-

242 5298 396 5363 stantini.
431 5296 576 5358 Donavit
603 5300 715 5360 autem
738 5296 880 5378 scyphos
908 5298 1084 5374 argenteos
1109 5292 1203 5372 duos,
1231 5290 1291 5372 qui
1308 5290 1536 5371 pensaverunt
1558 5291 1704 5370 singuli
1738 5290 1823 5354 bura

241 5397 346 5463 denas
367 5418 374 5477 ;
392 5395 531 5460 calicem
551 5412 701 5477 aureum,
722 5398 920 5476 pensantem
935 5391 1039 5457 libras
1058 5392 1161 5471 duas;
1178 5389 1298 5454 calices
1308 5387 1547 5453 ministeriales
1563 5390 1736 5474 quinque,
1755 5405 1823 5472 pen·

694 5566 833 5615 NO'I'UIAE
856 5563 1066 5612 MARGINALES
1078 5562 1249 5610 sannot'ri.

158 5700 217 5767 tlt,
253 5716 318 5759 ann.
351 5701 397 5776 at,
413 5720 451 5762 m.
469 5705 502 5764 tit
523 5721 551 5778 p.
580 5701 605 5761 i.
620 5701 678 5772 bn,
708 5717 724 5760 a
745 5718 819 5762 coss.
848 5700 948 5761 volus.
966 5698 1112 5761 cluuiani
1127 5698 1163 5758 ad
1176 5695 1377 5759 constantium
1395 5697 1423 5753 et
1441 5691 1624 5754 bibinumc
1640 5694 1669 5768 c,
1694 5697 1820 5758 constar-

123 5788 219 5849 lilio·d
234 5790 301 5850 Vide
312 5792 413 5849 Buram.
428 5795 467 5854 ael
481 5811 547 5854 uum.
563 5796 641 5852 nom.
656 5789 719 5852 321.
