3892 6136
157 318 209 376 ⁴95
565 312 612 367 ΑΙ)
631 310 848 366 anastasium
868 308 1124 365 Pholeoolthn'd
1152 311 1240 366 EDlT.
1262 307 1469 368 hou-vtile.
1814 307 1868 368 496

155 445 274 517 sbyteri,
299 444 387 499 nolite
402 442 529 514 cogitare
543 441 578 496 de
596 440 732 508 crastino,
749 438 792 492 sic
810 435 887 492 euim
906 434 983 490 dixit
991 433 1021 504 A
1035 435 1079 491 eis
1090 437 1173 492 verba
1186 456 1192 492 :
1205 437 1273 494 licet
1284 441 1360 495 enim
1373 446 1474 496 auctor
1487 440 1569 496 illius
1580 440 1730 497 manifeste
1743 440 1868 498 affirmet

156 535 293 606 magister
307 537 413 587 noster.
431 549 444 580 a
461 531 563 586 Eadem
585 529 702 584 omuino
726 525 811 580 habet
824 523 982 579 cardinalis
1036 524 1151 580 Librum
1172 527 1375 597 Pontiiicalem,
1392 543 1449 599 quo
1469 529 1539 585 Vitae
1554 530 1747 586 Romanorum
1765 530 1868 600 ponti-

154 621 310 679 Deusdedit
320 621 349 675 in
362 619 556 688 ananuscripta
565 616 739 673 collectione
748 613 857 669 Victori
867 615 903 667 lll
914 625 983 667 nun·
1038 611 1121 668 deum
1137 627 1153 668 a
1168 616 1287 671 Damaso
1303 618 1443 686 usquead
1463 617 1617 672 llartinum
1633 619 1654 671 V
1667 616 1866 688 continentur,

154 717 267 780 cupata,
284 710 368 778 cajus
383 709 511 777 unicum,
526 712 557 761 ut
571 711 650 774 puto,
664 703 810 772 exemplar
827 702 856 757 in
872 700 983 756 biblio-
1037 701 1157 767 Damaso
1184 716 1261 774 papa>
1285 705 1391 759 ascribi
1419 719 1474 761 non
1503 719 1594 776 posse,
1620 705 1750 762 indicare
1772 712 1867 761 tamen

155 799 237 855 theca
249 799 384 854 Vaticana
399 800 571 851 asservatur.
589 793 675 848 Libro
690 792 766 847 enim
782 804 814 860 11,
828 790 924 859 capite
937 785 982 858 ab,
1038 788 1153 844 uidetur
1167 791 1246 846 vitas
1261 792 1429 861 pontificum
1444 807 1460 848 a
1473 794 1507 847 D.
1523 795 1605 849 Petro
1622 807 1713 864 usque
1728 794 1764 850 ad
1780 794 1867 851 Libe-

154 901 219 944 cum
245 887 275 942 iu
297 885 426 955 margine
446 888 548 939 auctor
571 881 754 937 collectionis
778 883 928 934 notasset:
952 892 985 930 eac
1039 877 1115 934 rium
1139 881 1252 935 [ramosi
1276 880 1509 950 praedecessorem
1524 895 1541 936 a
1555 883 1676 939 Damaso
1696 883 1761 953 ipso
1776 881 1869 940 luisse

154 978 237 1046 gestis
252 976 364 1029 Damasi
376 989 467 1043 papae,
489 971 571 1043 ponit
586 977 695 1026 tentum
712 974 745 1025 ut
758 967 910 1023 anselmus
925 968 985 1022 Lu·
1039 969 1225 1039 conscriptas.
1243 969 1333 1038 Quam
1349 971 1514 1041 opinionem
1530 971 1739 1041 quodammodo
1755 973 1868 1044 ample-

155 1065 250 1121 censis
274 1064 320 1119 his
341 1061 437 1119 uerbis
456 1079 463 1116 ι
483 1062 590 1116 Liberis
613 1060 781 1114 vehementer
810 1057 984 1114 constantias
1038 1070 1093 1113 uus
1108 1063 1151 1112 est
1164 1060 1265 1116 Petrus
1279 1060 1447 1118 Lambecius
1462 1059 1538 1116 libro
1554 1074 1573 1115 u
1589 1060 1866 1119 Commentariorum

155 1156 315 1224 imperatore
325 1155 414 1207 iratas
427 1155 466 1206 est
476 1169 485 1217 3
496 1151 614 1219 etjassit
624 1163 683 1202 eam
694 1151 772 1201 cetra
782 1147 918 1200 civitatem
930 1144 984 1196 aa·
1038 1145 1222 1203 Bibliothecae
1239 1149 1381 1216 Caesareae,
1398 1149 1491 1218 capite
1504 1147 1531 1218 8,
1547 1148 1596 1205 ubi
1613 1149 1667 1206 sub
1682 1162 1804 1209 numero
1815 1147 1868 1208 ait

156 1243 252 1305 bitere,
267 1248 320 1299 etc.
338 1243 401 1297 llaec
422 1241 579 1296 enimcum
595 1239 687 1309 primo
703 1237 815 1291 iutuitu
839 1233 983 1305 legissem,
1039 1241 1160 1290 mentem
1176 1250 1255 1292 suam
1272 1237 1397 1307 explicat
1413 1237 1601 1308 sequentibus
1614 1237 1728 1294 verbis:

155 1321 983 1398 credidiaduobushisscriptoribusexLibrol’ontihcali
1073 1320 1100 1378 5.
1126 1344 1139 1376 u
1162 1325 1335 1395 Verisimile,
1367 1326 1472 1396 inquit,
1500 1326 1572 1382 mihi
1595 1326 1720 1395 ridetur,
1744 1328 1866 1398 primam

155 1420 354 1477 testimonium
369 1417 475 1489 offerri,
492 1417 635 1486 illumque
649 1415 758 1471 librum
772 1414 892 1468 Damaso
907 1422 984 1480 papae
1040 1408 1169 1467 historiae
1183 1412 1314 1468 istiusce
1329 1414 1404 1468 Vitis
1417 1413 1585 1482 pontiticum
1598 1415 1792 1471 Romanorum
1805 1417 1869 1474 ori-

154 1507 191 1564 ab
202 1508 276 1578 ipsis
288 1506 390 1564 tribui.
404 1509 510 1563 Verum
526 1505 576 1561 ubi
594 1504 763 1574 pradictum
781 1498 982 1557 testimouium
1039 1498 1133 1571 ginem
1148 1514 1203 1556 uon
1225 1506 1335 1557 tautum
1351 1502 1377 1556 S.
1393 1504 1514 1557 Damaso
1531 1503 1622 1559 multo
1637 1516 1699 1559 esse
1713 1504 1868 1576 antiquio-

157 1594 451 1651 inLibroPontiiicali
464 1591 880 1661 nullatenusreperi,errorem
890 1598 982 1641 meum
1039 1600 1108 1657 rem,
1123 1602 1219 1645 uerum
1236 1591 1322 1645 etiam
1339 1589 1432 1646 iudea
1449 1590 1540 1659 prima
1557 1592 1735 1648 notariorum
1748 1593 1776 1648 S.
1792 1594 1868 1650 sedis

154 1682 354 1752 animadverti,
376 1687 404 1737 et
423 1693 602 1751 nequaquam
623 1679 671 1734 iric
690 1678 807 1733 Librum
827 1673 983 1731 Pontium-
1038 1677 1203 1745 apastolieae
1217 1692 1265 1748 per
1277 1679 1304 1734 S.
1319 1693 1418 1748 papam
1431 1678 1603 1735 Clementem
1616 1679 1804 1738 institutione
1815 1682 1869 1739 de-

157 1769 224 1839 lem,
248 1771 296 1826 sed
319 1771 422 1840 Vitam,
448 1782 498 1826 seu
524 1773 603 1840 gesta
626 1766 741 1822 Damasi
766 1778 854 1835 pape,
884 1776 947 1833 quai
968 1775 984 1815 a
1003 1753 1188 1821 Brirandam
1214 1771 1242 1822 et
1263 1769 1444 1836 repetendam
1469 1783 1538 1824 esse.
1565 1769 1634 1825 Cum
1661 1769 1738 1824 enim
1766 1771 1868 1827 horum

157 1859 322 1919 llombritio
343 1873 378 1914 cra
397 1858 528 1928 antiquis
548 1871 614 1911 mss.
637 1854 788 1911 codicibus
809 1852 885 1908 edita
905 1854 983 1918 suut,
1041 1856 1220 1913 notariorum
1237 1858 1414 1927 praecipuum
1432 1872 1537 1913 munus
1552 1856 1641 1914 fuerit
1658 1864 1736 1930 gesta
1751 1865 1870 1916 sancto-

156 1951 242 2009 citari
257 1947 387 2021 cognovi.
408 1949 469 2002 Nou
485 1945 590 2001 tribuit
607 1945 703 2014 itaque
718 1943 819 1998 beatus
834 1939 985 1995 anselmus
1041 1959 1104 2000 rum
1132 1950 1288 2015 martyrum
1309 1946 1436 2002 sollicite
1455 1953 1483 2001 er
1503 1949 1618 2003 curiose
1639 1947 1818 2019 perquirere,
1841 1955 1869 2004 ep

157 2044 235 2112 gesta
250 2038 441 2093 Romanorum
462 2033 631 2104 pontiacum
650 2034 771 2087 Damaso
787 2044 876 2100 papae,
892 2035 920 2084 et
935 2028 986 2082 Li·
1039 2033 1195 2106 diligenter
1219 2035 1354 2090 adnotata
1378 2036 1407 2090 in
1434 2035 1560 2091 Ecclesia
1586 2036 1763 2107 recondere,
1781 2037 1867 2094 simul

157 2127 241 2182 brum
251 2123 445 2181 Pontidcalem
458 2122 498 2177 ibi
511 2136 566 2178 non
578 2122 690 2191 citavit,
702 2122 790 2192 idque
803 2117 985 2174 manifestum
1040 2121 1209 2177 etiamtunc
1224 2123 1385 2178 necessario
1400 2128 1547 2192 caperent
1567 2123 1655 2179 scribi
1672 2123 1743 2181 vitae
1762 2125 1869 2182 home-

158 2214 190 2270 tit
208 2227 243 2269 ex
262 2213 349 2269 titulo
367 2209 413 2268 iil
432 2230 439 2265 :
456 2214 494 2266 De
516 2210 611 2265 easilio
630 2210 732 2263 Liber-ii
748 2223 838 2278 papae,
855 2212 879 2260 et
901 2206 986 2260 Felice
1040 2223 1143 2265 narum
1155 2209 1321 2279 pontificum
1336 2211 1427 2267 instar
1437 2211 1581 2281 simplicis
1591 2211 1718 2282 alicujus
1728 2212 1868 2286 Calalogi,

158 2303 218 2374 ejas
244 2303 355 2357 coasilio
379 2301 506 2355 ordinate
533 2315 566 2352 ea
588 2298 752 2367 Pontificaii.
778 2296 985 2351 Testimonium
1042 2312 1098 2368 quo
1112 2299 1312 2368 compendiose
1333 2298 1511 2355 indicaretur
1532 2301 1675 2372 cujusque
1695 2314 1809 2372 nomen,
1825 2315 1871 2372 pa·

158 2391 235 2448 enim
257 2391 332 2461 quod
349 2390 402 2445 hec
424 2388 459 2444 de
475 2402 505 2443 re
519 2386 647 2454 exhibet,
672 2386 700 2440 in
718 2385 803 2440 Libro
826 2382 985 2439 Pontificali
1040 2387 1108 2452 tria,
1130 2391 1220 2458 pater,
1236 2392 1349 2456 tempus
1365 2388 1559 2459 ponttdcatus,
1576 2390 1785 2461 ordinationes,
1805 2403 1871 2447 cou-

158 2480 311 2552 reperitur,
328 2492 411 2550 quem
428 2483 461 2534 ut
474 2491 508 2532 ex
524 2475 621 2531 titulis
636 2475 709 2544 ipsis
723 2478 851 2543 apparet,
866 2487 882 2527 a
897 2473 986 2543 gestis
1040 2475 1218 2546 alitationes,
1238 2476 1337 2533 obitus
1351 2490 1384 2532 ac
1399 2477 1556 2548 sepultura,
1573 2484 1601 2533 et
1620 2478 1742 2535 cessatio
1762 2478 1869 2550 cpisco-

158 2570 271 2627 Damasi
286 2568 454 2639 distinguit,
472 2570 558 2636 prout
576 2564 662 2619 etiam
677 2562 815 2618 distinxit
828 2561 986 2617 cardinalis
1041 2569 1125 2635 patus
1141 2579 1232 2635 usquo
1254 2567 1287 2621 ad
1311 2567 1521 2623 successionem
1543 2568 1608 2623 novi
1629 2568 1788 2637 pontilicis.
1805 2570 1871 2625 Post

158 2656 624 2728 Deusdedit,quilibrou,uum.
644 2650 690 2722 75,
707 2652 987 2706 eaharaareaPanti-
1040 2653 1201 2710 libertatem
1238 2660 1332 2711 autem
1372 2655 1506 2711 Ecclesiae
1543 2656 1726 2727 Christianae,
1757 2657 1794 2713 ab
1821 2657 1873 2713 im·

157 2749 232 2818 ytcali
247 2748 329 2817 plura
346 2743 512 2815 pontificum
527 2743 639 2798 decreta
655 2739 751 2809 refert,
768 2754 831 2810 quae
846 2739 941 2794 omnia
956 2738 986 2793 in
1041 2748 1170 2812 peratore
1181 2743 1369 2800 Constantino
1384 2745 1484 2816 Magno
1501 2746 1720 2818 promulgatam,
1734 2747 1779 2802 uti
1794 2760 1870 2816 pau-

81 2874 88 2882 ·
158 2836 244 2893 Libro
256 2834 417 2892 Pontificali
433 2833 627 2903 reperiuntur,
640 2844 723 2901 quem
737 2828 987 2899 nequaquamDa-
1042 2830 1122 2886 latim
1154 2833 1244 2888 crevit
1276 2832 1409 2889 Ecclesiae
1436 2835 1569 2890 llomame
1597 2833 1732 2903 splendor
1753 2840 1782 2890 et
1803 2848 1872 2905 opu-

160 2939 238 2982 maso
254 2923 440 2980 tribuendum
455 2936 517 2979 esse
535 2920 664 2977 affirmat.
1042 2918 1141 2989 lentio,
1164 2921 1206 2976 sic
1229 2920 1315 2976 etiam
1336 2921 1490 2994 catalogus
1513 2922 1564 2978 ille
1585 2923 1675 2978 evasit
1695 2923 1822 2993 amplior
1843 2922 1871 2978 ei

194 3011 220 3070 l.
236 3015 306 3071 Cum
320 3027 353 3068 ex
370 3011 517 3082 predictis
531 3008 705 3066 sufficienter
721 3011 831 3064 constet
850 3006 886 3062 ab
906 3006 987 3061 auli·
1042 3009 1189 3080 grandior.
1215 3009 1357 3079 Quoniam
1383 3017 1485 3080 praeter
1510 3025 1597 3081 supra
1622 3017 1754 3067 enarrata
1778 3011 1869 3067 inseri

160 3103 227 3175 quis
244 3100 436 3171 scriptoribus
455 3098 571 3155 bibrum
590 3097 785 3153 Pontificalem
807 3108 986 3166 nequaquam
1002 3074 1027 3136 G
1042 3098 1128 3152 etiam
1146 3098 1190 3153 illi
1213 3112 1370 3168 coeperuut,
1392 3100 1475 3169 quasi
1492 3099 1608 3156 cuidam
1629 3100 1798 3170 rationario,
1818 3113 1872 3156 ex-

157 3193 278 3248 Damaso
298 3204 376 3260 papae
393 3188 536 3244 tributum
556 3187 656 3256 tuisse,
678 3184 832 3241 videndum
852 3197 928 3240 nunc
946 3189 989 3239 est
1043 3188 1227 3259 structiones,
1245 3188 1470 3244 instaurationes
1484 3194 1512 3243 et
1527 3189 1729 3246 exornationes
1745 3189 1871 3259 templo-

158 3280 194 3338 de
209 3278 415 3349 manuscriptis
436 3277 564 3346 ejusdem
587 3275 655 3331 libri
673 3274 833 3343 codicibus,
850 3286 886 3327 an
903 3272 933 3326 iu
951 3271 988 3326 iis
1043 3288 1107 3331 rum
1118 3276 1300 3347 aliorumque
1311 3277 1438 3334 locorum
1450 3291 1596 3333 sacrorum
1608 3291 1740 3334 unacum
1751 3278 1870 3348 speciali

159 3367 234 3424 liber
249 3367 299 3423 ille
312 3368 433 3422 Damaso
448 3363 604 3420 scribatur.
622 3361 816 3432 heperiaotur
831 3361 861 3415 in
877 3359 989 3415 biblio-
1043 3365 1208 3421 recensione
1231 3366 1326 3422 omnis
1347 3380 1434 3422 sacre
1459 3367 1660 3439 supellectilis,
1683 3367 1872 3438 omniumque

159 3457 240 3514 theca
255 3456 391 3511 Vaticana
405 3455 462 3511 tria
479 3453 567 3522 hujus
582 3451 651 3506 libri
664 3450 848 3521 exemplaria,
865 3461 988 3520 quorum
1042 3453 1231 3511 donationum
1246 3462 1302 3510 tam
1317 3456 1470 3512 mobilium
1487 3470 1571 3528 quum
1588 3455 1795 3526 immobilium,
1805 3470 1870 3512 cum

159 3546 281 3602 alterum
294 3544 348 3601 sab
365 3556 483 3599 numero
502 3537 575 3597 3762
589 3540 763 3596 custoditur.
779 3538 833 3593 Ubi
848 3536 988 3593 exhibitis
1043 3543 1106 3598 suis
1117 3543 1288 3600 redditibus.
1305 3545 1357 3600 llic
1369 3559 1436 3617 ergo
1447 3545 1609 3616 catalogus,
1624 3546 1675 3616 qui
1688 3545 1758 3602 licet
1770 3545 1871 3602 diuer-

162 3633 232 3691 iolio
247 3630 259 3688 l
278 3647 366 3703 snpra
380 3633 478 3688 citatis
493 3631 607 3686 Damasi
622 3635 650 3685 et
664 3628 828 3698 Hieronymi
845 3626 987 3698 epistolis,
1043 3631 1085 3688 sis
1100 3632 1278 3703 temporibus
1292 3639 1320 3690 et
1335 3648 1351 3689 a
1365 3635 1489 3690 diversis
1507 3633 1677 3691 auctoribus
1691 3648 1872 3704 componere·

164 3722 347 3780 subnectitur
369 3720 416 3776 hic
435 3720 541 3775 titulus
557 3738 563 3774 :
583 3720 616 3773 In
637 3720 743 3772 ttamt'ne
762 3718 870 3770 Domini
891 3716 989 3784 incipit
1044 3725 1101 3790 iul,
1116 3721 1217 3778 ordine
1229 3728 1322 3778 namen
1335 3728 1363 3779 et
1375 3724 1458 3794 stylo,
1474 3728 1505 3780 ui
1518 3724 1548 3779 in
1561 3723 1685 3779 aliarum
1698 3723 1871 3780 solemnium

163 3812 245 3866 series
262 3811 422 3880 pontificum
444 3811 636 3869 Romanarum,
661 3808 710 3876 qai
730 3808 760 3860 ia
781 3806 842 3860 sede
862 3807 892 3859 B.
917 3806 989 3860 Petri
1044 3808 1437 3867 tabularumcontinuatioue
1450 3811 1618 3882 plerumque
1630 3810 1691 3866 lieri
1706 3809 1789 3880 solet,
1801 3810 1872 3867 ubi-

159 3900 275 3970 apostoli
293 3899 328 3952 ab
345 3881 403 3968 ipsb
422 3912 508 3966 asqae
527 3896 564 3950 ad
582 3896 629 3949 boe
649 3900 751 3964 tempas
771 3894 909 3949 seder-aut.
929 3895 989 3947 Ert-
1043 3911 1099 3967 que
1113 3897 1169 3952 sibi
1181 3904 1243 3954 erat
1256 3898 1375 3963 similis,
1390 3899 1477 3955 latuit
1492 3899 1658 3955 reconditus
1670 3899 1700 3954 in
1715 3899 1870 3971 tabulario,

162 3987 243 4044 hibet
257 3991 351 4043 autem
367 3986 446 4043 Vitas
461 3984 599 4056 usquead
615 3984 772 4040 honorium
788 3984 835 4051 lli,
849 3982 899 4053 qui
914 3994 988 4036 anno
1043 3986 1103 4043 sive
1115 3987 1232 4043 archivo
1245 3987 1371 4044 basilicae
1387 3990 1529 4045 vaticanae
1541 3990 1569 4045 S.
1585 3989 1660 4045 Petri
1674 3989 1871 4058 apostolorum

162 4074 226 4133 ll3l
244 4076 376 4145 decessit,
401 4075 441 4130 ita
457 4080 489 4130 ut
505 4074 552 4130 hic
573 4073 721 4143 pontidces
742 4072 921 4141 reperientur
937 4069 986 4141 qui
1044 4075 1187 4145 principis
1203 4077 1344 4146 usquead
1367 4078 1565 4146 pontificatum
1585 4079 1611 4134 S.
1630 4078 1758 4146 Damasi,
1776 4092 1793 4133 a
1814 4092 1872 4149 quo

161 4180 211 4236 per
223 4162 277 4221 700
290 4178 381 4220 annos
396 4168 460 4233 post
478 4168 596 4219 mortem
610 4162 723 4218 Damasi
740 4162 886 4229 sederunt,
899 4160 989 4215 adeo·
1042 4179 1108 4221 oum
1127 4166 1154 4220 S.
1171 4166 1362 4236 llierouymus
1378 4181 1427 4236 per
1440 4182 1527 4236 supra
1546 4167 1705 4224 exhibitam
1718 4167 1871 4237 epistolam

160 4266 215 4324 que
234 4255 372 4309 Damasus
395 4265 575 4323 nequaquam
603 4252 690 4320 hujus
712 4250 791 4307 Libri
811 4248 987 4306 pontificalis
1042 4253 1175 4325 petiisset
1189 4260 1221 4309 ut
1235 4261 1297 4310 acta
1314 4255 1482 4325 pontiilcum
1503 4258 1695 4313 Romanorum
1713 4255 1772 4311 aS.
1789 4257 1872 4312 Petro

159 4351 260 4399 auctor
280 4355 342 4397 esse
367 4341 464 4410 possit.
486 4340 648 4396 Secundum
671 4339 816 4409 exemplar
837 4336 891 4393 sub
906 4351 985 4394 uum·
1042 4355 1134 4412 usque
1146 4343 1180 4398 ed
1192 4348 1382 4413 suotempora
1394 4344 1450 4400 sibi
1462 4350 1618 4415 enarraret,
1630 4346 1742 4401 curavit
1755 4344 1781 4400 is
1790 4344 1874 4400 anti-

158 4429 239 4503 5269,
257 4431 361 4503 pagina
375 4429 420 4501 i'i,
437 4437 500 4500 post
516 4430 667 4500 predictas
691 4429 813 4497 litteras,
830 4424 917 4482 referi
931 4426 987 4481 Ca·
1000 4436 1027 4497 D
1041 4445 1127 4502 quam
1142 4431 1225 4486 istam
1239 4431 1391 4489 historiam
1409 4433 1601 4503 pontificalem
1615 4448 1647 4489 ex
1663 4432 1774 4490 tabulis
1788 4432 1873 4489 Vati-

159 4522 286 4593 lalogum
308 4523 500 4578 Romanorum
525 4519 694 4591 pontiacum
710 4531 726 4572 a
741 4519 823 4572 Petro
844 4515 985 4586 usquead
1041 4520 1122 4577 canis
1135 4521 1272 4592 describi,
1289 4528 1318 4578 et
1331 4524 1419 4579 Roma
1436 4523 1512 4578 mitti
1534 4523 1770 4592 hierosolymam,
1788 4522 1872 4578 idea

158 4611 327 4682 Gregorium
341 4612 374 4681 ll,
390 4610 564 4679 illorumque
578 4609 658 4664 Vitas
669 4607 732 4662 sinc
744 4605 803 4661 ullo
814 4604 901 4660 titulo
915 4603 988 4660 sub·
1043 4622 1097 4679 que
1109 4621 1170 4665 eam
1186 4609 1215 4665 in
1232 4624 1368 4680 responso
1384 4625 1436 4667 suo
1451 4611 1486 4667 ad
1499 4611 1526 4666 S.
1541 4611 1705 4682 Hieronymi
1718 4610 1870 4680 epistolam

159 4701 258 4771 nectit,
272 4701 341 4772 quia
355 4701 462 4770 optime
471 4701 644 4770 cognouerat
655 4695 824 4751 tabellarius
834 4694 986 4749 Damasum
1042 4710 1098 4753 noo
1119 4697 1243 4768 appellat
1266 4699 1395 4755 studium
1418 4714 1513 4768 suum,
1535 4700 1583 4755 sed
1604 4699 1682 4756 sedis
1703 4698 1872 4769 apostolice

157 4795 304 4848 auctorem
317 4802 447 4846 essenon
461 4782 779 4857 potuissePontidcalis
792 4783 880 4853 huius
895 4781 985 4852 Libri,
1042 4785 1182 4842 studium.
1205 4787 1253 4844 Sic
1271 4789 1348 4843 enim
1372 4801 1468 4844 revera
1490 4788 1703 4860 interpretanda
1723 4792 1792 4844 sunt
1812 4787 1871 4843 hec

158 4882 209 4952 qui
224 4886 267 4938 tot
283 4880 432 4952 pontifices
446 4894 462 4934 a
479 4884 569 4934 morte
587 4875 700 4932 Damasi
721 4874 861 4946 usquead
876 4875 988 4944 Grego-
1041 4874 1145 4931 verba:
1165 4879 1274 4940 Tamen,
1291 4877 1366 4946 qaod
1383 4882 1489 4945 pastam
1508 4882 1558 4940 est,
1574 4878 1648 4947 qaod
1658 4878 1801 4947 potuimus
1823 4892 1870 4931 re-

158 4969 235 5027 tium
251 4969 408 5025 secundum
427 4967 568 5040 adjungit.
590 4967 718 5022 Tertium
734 4972 828 5021 autem
842 4963 987 5033 exemplar
1037 4966 1129 5036 perire
1156 4970 1255 5020 nostre
1283 4965 1355 5020 sedis
1382 4967 1515 5030 stodiam,
1543 4968 1581 5021 ad
1608 4971 1683 5021 taam
1710 4966 1872 5021 charitatem

159 5056 305 5114 subnum.
319 5053 592 5115 3763liomanorum
607 5056 774 5126 pontiiicum
789 5054 986 5109 Vitasal’etro
1040 5053 1189 5121 pandentes
1215 5055 1375 5109 diremimus.
1403 5058 1465 5125 lpse
1488 5055 1581 5128 igitur
1601 5059 1628 5112 S.
1649 5057 1792 5111 Damasus
1813 5066 1871 5111 nou

159 5147 194 5202 ad
210 5143 366 5200 Martiarum
389 5146 523 5214 quintum
547 5145 742 5216 prosequitur,
759 5156 791 5197 ac
807 5141 877 5197 lolio
893 5143 985 5211 primo
1041 5142 1203 5212 composuit
1215 5141 1366 5198 historiam
1385 5143 1464 5199 illam
1478 5143 1646 5215 pontiiieum
1664 5143 1869 5212 Romanorum,

160 5234 276 5303 quidem
288 5233 361 5288 duas
375 5231 506 5299 paratutas
520 5232 657 5302 epistolas
670 5231 760 5300 pouit,
775 5230 822 5284 sed
837 5229 888 5284 hoc
899 5229 986 5285 titulo
1041 5230 1089 5286 sed
1110 5230 1208 5287 studio
1229 5236 1334 5286 sancte
1356 5233 1433 5289 sedis
1452 5233 1617 5302 apostolice
1640 5232 1708 5289 inde
1724 5245 1740 5287 a
1754 5232 1782 5287 S.
1804 5231 1872 5287 Cle-

159 5323 202 5376 eis
213 5322 327 5390 praeuxo
341 5320 438 5375 :Liber
448 5322 498 5373 iste
507 5322 668 5375 intitulatur·
678 5339 686 5374 :
697 5322 836 5375 Damasus
846 5319 881 5374 de
890 5319 986 5375 Gestis
1042 5320 1146 5375 mentis
1161 5318 1248 5389 primi
1264 5321 1441 5389 temporibus
1456 5337 1490 5377 ex
1506 5322 1685 5377 diversorum
1702 5319 1871 5376 adnotatio-

159 5409 329 5466 i‘outidcum
343 5428 350 5464 :
365 5409 413 5464 scd
428 5423 488 5463 earm
502 5423 556 5462 aaa
576 5411 698 5478 potuerit
712 5410 768 5463 aisa¹
786 5423 871 5476 usqae
885 5407 922 5461 ad
935 5423 987 5460 saa
1041 5408 1128 5464 nibus
1138 5407 1275 5478 paulatim
1286 5409 1447 5481 condatem,
1461 5411 1570 5481 publici
1581 5417 1692 5467 tantum
1705 5409 1776 5465 tecit
1780 5409 1868 5479 juris,

160 5502 281 5566 tempora
294 5500 420 5563 scribare,
436 5498 510 5568 ryaod
530 5498 738 5567 supermeantibus
756 5502 805 5559 est,
820 5497 934 5551 ulterius
949 5500 988 5551 est
1041 5502 1069 5552 et
1083 5511 1148 5553 curn
1164 5504 1262 5553 saneto
1278 5498 1448 5568 Hieronymo
1462 5499 1698 5556 communicavit.
1716 5517 1728 5547 a

161 5586 292 5650 caeteris,
308 5588 387 5655 cajaas
402 5603 499 5643 abarien
511 5601 565 5641 aaa
578 5589 661 5640 teneo.
679 5587 807 5642 Notauda
821 5591 890 5641 sunt
904 5585 988 5641 cadi-
1076 5584 1103 5638 6.
1127 5584 1210 5641 Plura
1232 5593 1300 5642 suut
1316 5588 1345 5643 in
1366 5588 1418 5644 lrac
1433 5589 1575 5645 lambecii
1596 5588 1738 5644 sortientia
1755 5602 1819 5658 quae
1833 5586 1868 5641 ad
