3884 6126
413 300 575 356 illationis
594 302 638 357 nli
659 303 748 360 vltis
768 301 851 359 ROM.
873 304 972 360 PONT.
988 333 1024 344 -
1042 306 1069 360 S.
1095 307 1234 362 PETRUS.

1610 309 1680 370 toth

88 423 245 495 retropoles
266 425 296 480 in
321 425 391 482 alsia
408 428 532 484 minori.
554 429 755 486 EtS.Paulus
769 431 1033 492 adAoecumenica
1055 434 1304 503 Constantinopoli
1332 435 1473 493 celebrata
1498 437 1569 508 (sict.
1600 455 1620 496 n
1646 441 1676 496 in

88 495 260 566 liscipulnm
272 497 413 565 scribens,
423 504 505 568 quem
517 501 684 571 episcopum
695 503 801 558 consti·

88 581 110 623 n
124 567 205 623 Creta
220 568 327 636 insula,
341 583 397 625 nna
410 584 445 626 en
461 573 619 639 provinciis
631 575 801 629 macedonia

88 653 170 695 mano
187 640 319 709 imperio,
337 643 422 710 cnjus
438 643 605 711 metropolis
619 655 679 700 erat
693 645 801 716 Gorty-

88 724 127 767 ειιι
139 712 271 781 praecipit
284 720 317 767 nt
327 714 478 782 episcopos
489 716 649 772 constituat
664 730 712 785 per
721 718 801 772 civi-

89 786 146 837 icat
168 789 193 837 ct
212 799 270 852 epo,
289 783 397 854 inquit,
420 787 546 856 disposui
563 788 614 842 tihi
637 788 704 856 (Tit.
721 802 742 856 r,
762 787 798 859 5).

88 855 164 924 tiam
180 868 214 910 ex
228 858 256 910 S.
272 855 432 925 Scriptura,
451 858 526 913 inter
539 866 640 914 caetera
659 860 724 928 jura
746 875 800 916 su-

88 940 122 980 rm
136 927 249 982 sedium
264 928 291 981 id
308 930 473 1000 recognosci
488 931 574 985 etiam
588 938 670 987 atate
681 938 800 1001 aposto-

88 1037 90 1050 .
103 995 273 1053 inferiorum
285 999 396 1054 sedium
409 1001 559 1071 episcopos
574 1004 795 1060 constituerent.

88 1082 97 1124 t
111 1067 139 1124 8.
152 1070 269 1137 -Ejus
285 1075 439 1126 testimonio
462 1079 527 1126 sant
548 1077 667 1142 firmato.
689 1074 796 1130 Ibidem

88 1155 109 1196 ts
132 1141 287 1196 orthodoti
311 1158 404 1212 ucrrnpe
419 1144 471 1198 SS.
495 1148 600 1208 Patras,
624 1148 728 1214 aliique
743 1162 798 1199 ttu-

88 1213 270 1268 iccicsiostici.
288 1229 354 1282 quos
369 1231 455 1283 supro
467 1217 610 1286 remcavit)
627 1217 799 1273 inhaerentes

90 1284 143 1339 tati
168 1285 234 1339 iesc
255 1285 375 1353 christi,
394 1289 527 1342 testantis
551 1301 581 1342 se
606 1302 661 1343 non
686 1289 799 1343 venisse

95 1352 196 1427 legem,
213 1356 260 1411 sed
285 1358 452 1426 adimplere,
475 1372 602 1415 necnon
626 1359 720 1414 verbis
735 1360 798 1428 ejns

88 1426 104 1481 ii
119 1429 261 1493 docentis,
278 1430 374 1484 omnia
391 1443 453 1555 qnae
469 1429 523 1485 suh
540 1429 599 1501 lege
614 1431 799 1500 contingebat

88 1511 94 1553 r
110 1511 172 1553 esse
188 1513 283 1555 rerum
298 1501 396 1570 adimp
409 1501 547 1556 cndarum
563 1502 617 1557 sub
633 1502 796 1573 Evangelio,

88 1576 134 1625 ant
151 1573 269 1638 pariter,
289 1573 374 1627 abeo
389 1578 584 1628 constituente
600 1573 797 1639 pontilicatnm

96 1640 270 1697 Testamenti
286 1643 485 1699 adumbratum
502 1658 573 1708 esse,
589 1658 622 1700 ac
640 1644 729 1699 veluti
745 1646 799 1700 de-

90 1713 321 1768 mrndimentnm
337 1714 659 1784 pontificatuscrigcndi
670 1717 698 1770 in
709 1717 796 1771 Novo.

858 503 939 575 linei:
956 505 1015 560 «Et
1030 505 1081 560 hoc
1094 505 1231 578 dignitati
1243 521 1302 561 suae
1315 507 1418 563 addere
1430 510 1584 579 credimus,
1599 513 1675 580 quod

855 588 870 629 a
887 576 1064 644 temporibus
1081 578 1155 633 Petri
1171 577 1294 647 apostoli
1312 578 1422 633 nulium
1442 579 1532 636 alium
1549 596 1674 651 unquam

855 645 1011 703 Orientalis
1033 649 1160 704 Ecclesia
1186 650 1314 718 suscepit
1337 651 1513 720 episcopum,
1543 652 1676 709 manibus

856 726 960 774 nostra
975 719 1052 774 sedis
1067 720 1245 776 ordinatum.
1258 722 1292 775 Et
1306 719 1438 782 forsitan,
1454 722 1496 777 vel
1513 725 1546 778 ad
1562 724 1677 780 demon·

854 792 1023 846 strationem
1040 790 1135 846 laudis
1153 793 1258 861 ipsius,
1272 791 1315 847 vei
1327 793 1362 849 ad
1376 793 1601 851 destructionem
1614 795 1676 849 ini-

856 863 1121 918 micoruminstans
1148 870 1285 918 restanta
1312 865 1449 935 pervenit,
1469 871 1500 920 ut
1525 865 1586 921 illis
1615 866 1677 936 ipse

855 933 962 989 similis
976 946 1038 989 esse
1057 933 1198 1002 videatur,
1215 949 1288 1004 quos
1310 935 1339 990 in
1357 935 1402 990 his
1418 937 1591 1007 quandoque
1605 951 1675 1008 par-

854 1005 934 1060 tibus
950 1005 1044 1075 ipsius
1059 1004 1253 1074 apostolorum
1271 1007 1357 1074 primi
1373 1007 1475 1063 electio
1491 1008 1673 1065 ordinavit.»

855 1077 887 1130 Et
902 1091 962 1147 pag.
979 1074 1025 1144 53,
1042 1077 1151 1131 laudati
1166 1078 1295 1132 auctoris
1312 1079 1370 1133 haec
1382 1079 1495 1134 addam.

888 1150 1010 1205 Noscere
1025 1148 1169 1217 quispiam
1192 1150 1289 1216 cupiet
1303 1149 1455 1218 Ecclesias,
1476 1163 1548 1221 quas
1568 1149 1676 1207 Antio-

854 1219 945 1274 cheno
960 1219 1170 1290 patriarchatui
1187 1218 1288 1274 beatus
1303 1221 1403 1275 Petrus
1417 1222 1583 1290 subjecerit.
1599 1223 1675 1277 bici-

856 1304 919 1345 mus
934 1291 1102 1363 generatim,
1117 1290 1262 1346 Orientem
1279 1291 1324 1346 iili
1340 1291 1516 1360 subdidisse,
1532 1293 1675 1364 quemad-

856 1362 969 1417 modum
985 1361 1158 1418 subditurus
1172 1368 1234 1416 crat
1251 1364 1377 1418 Romano
1393 1363 1601 1431 patriarchatui
1616 1363 1674 1420 Oc-

854 1434 1006 1496 cidentem.
1031 1441 1058 1488 et
1073 1433 1257 1503 aquilonem,
1273 1441 1300 1490 et
1315 1433 1510 1490 Alexandrino
1533 1435 1675 1490 meridio-

855 1504 946 1560 nalem
975 1511 1057 1560 terraa
1083 1513 1201 1573 quartem.
1226 1507 1255 1560 id
1285 1519 1351 1561 vero
1382 1505 1478 1561 haberi
1507 1519 1563 1561 non
1591 1506 1674 1562 dehet

855 1577 951 1631 inanis
966 1576 1141 1646 suppositio,
1164 1575 1211 1631 sed
1235 1574 1302 1632 iacti
1324 1590 1408 1632 verat
1433 1577 1565 1643 historia,
1588 1578 1673 1648 cnjrrs

853 1648 1025 1703 evidentiam
1043 1647 1172 1701 insecuta
1187 1653 1314 1716 tempora
1329 1649 1520 1704 cincidcrnnt.
1537 1647 1606 1717 Qum
1619 1649 1674 1704 Ni-

853 1718 1673 1786 cerroexconciiiodesnmitur3comtesteturdivisionis

92 1783 135 1839 ori
150 1782 255 1840 ioedcre
271 1787 363 1840 modis
378 1786 511 1854 pluribus
528 1787 716 1842 retractationes
730 1800 797 1842 snas
812 1806 837 1864 B
852 1790 1056 1859 antiquitatem
1067 1807 1075 1857 3
1087 1791 1275 1845 demonstrat
1298 1789 1333 1843 ab
1357 1803 1390 1844 eo
1419 1791 1601 1860 processisse,
1625 1806 1673 1860 per

88 1855 208 1910 teriebat
218 1876 223 1910 :
235 1857 392 1927 aliqnando
405 1873 453 1926 per
462 1872 599 1929 organum
610 1859 699 1926 vocis,
711 1858 797 1926 cnjus

88 1926 279 1992 ,udicbantnn
300 1928 366 1983 licet
380 1931 443 1998 ejus
459 1931 508 1999 spui
533 1928 673 1999 proterret
685 1930 795 1999 species

88 1997 212 2064 deretur,
229 2003 468 2069 quemadmodum
491 2002 518 2055 in
542 2007 635 2056 monte
656 2002 748 2069 Sinai,
768 2008 796 2055 et

88 2081 120 2123 ,m
135 2071 323 2136 tabernaculi,
339 2088 371 2125 ac
385 2073 508 2128 subinde
521 2072 619 2141 templi
636 2073 794 2141 nuncupati

88 2148 252 2197 sanctorum
263 2160 270 2204 ;
281 2143 439 2211 aliquando
450 2158 499 2211 per
514 2144 708 2199 ministerium
720 2157 796 2199 snm·

88 2210 175 2267 tiilcis
187 2213 280 2267 induti
294 2221 461 2269 ornamento
472 2215 555 2269 illius
566 2216 723 2284 proprioac
737 2215 795 2270 sin·

88 2328 89 2345 ,
106 2284 264 2353 aliquando
274 2298 323 2353 per
337 2287 501 2362 prophetas,
515 2286 622 2341 aliosve
635 2286 712 2342 viros
722 2286 795 2342 divi·

88 2356 237 2424 aspiratos.
253 2357 287 2410 Ut
301 2363 396 2411 antem
418 2358 615 2421 revelationes,
630 2371 694 2427 quae
710 2358 793 2414 iidem

88 2426 248 2483 utebantur.
260 2435 287 2483 ct
296 2442 389 2483 mores
399 2428 792 2496 abisraeiitisobservandos,

88 2502 165 2553 antur
179 2499 321 2554 immunes
336 2500 371 2555 ab
384 2502 462 2555 omni
478 2500 539 2554 labe
553 2508 581 2555 ct
596 2502 792 2570 corruptione,

89 2582 178 2638 apsns
199 2572 346 2640 temporis,
370 2578 399 2627 et
413 2573 585 2640 opinionum
603 2571 793 2628 humanorum

88 2639 149 2696 ‚ndo
165 2640 251 2696 rebus
263 2644 375 2698 caeteris
388 2641 493 2698 inierre
506 2642 589 2711 solet,
604 2644 795 2699 constituerat

88 2710 126 2767 ele
139 2712 245 2784 sedem,
262 2727 294 2769 ac
309 2714 438 2770 tribunal
454 2714 553 2780 lixum,
569 2728 602 2769 ac
616 2727 792 2784 supremum,

88 2780 210 2839 rbitrnm
222 2782 295 2840 ioret
307 2786 435 2840 omnium
451 2786 656 2853 pertinentium
670 2787 704 2841 ad
723 2785 795 2840 reii-

90 2855 150 2925 ,ad
168 2869 263 2911 verum
280 2871 396 2913 sensnm
412 2856 506 2928 legum
520 2870 638 2912 suarum
663 2857 794 2912 homini-

88 2925 250 2990 ericndum,
275 2934 303 2983 et
326 2929 360 2983 ad
386 2927 516 2983 absolute
542 2928 732 2984 decidendum
757 2928 793 2983 de

88 3011 110 3052 ιε
133 3000 349 3055 controversiis.
376 3000 407 3054 Si
431 3000 554 3068 dispicite,
582 3005 606 3054 ct
633 2999 792 3066 canoipuum

88 3069 248 3177 &odicium
268 3087 328 3125 esse
339 3074 521 3142 pcrspcacris,
538 3077 591 3126 etc.
614 3072 701 3143 (betti.
720 3083 790 3141 xvir,

853 1875 936 1931 quem
951 1868 1009 1916 tres
1022 1860 1080 1915 illu
1095 1861 1176 1915 sedes
1192 1859 1317 1915 fundatae
1332 1867 1411 1915 sunt.
1428 1863 1580 1917 Universos
1595 1864 1672 1917 enim

851 1933 971 1988 criticos
987 1944 1139 2000 provocare
1152 1931 1219 1986 iicet
1236 1934 1269 1987 ad
1284 1938 1439 1998 auctorem,
1459 1946 1509 1988 seu
1532 1932 1672 1989 fundato-

853 2017 909 2058 rem
923 2003 1070 2058 diversum
1088 2016 1103 2056 a
1121 2004 1201 2057 Petro
1216 2001 1300 2058 nohis
1316 2003 1535 2058 ostendendum.
1556 2005 1671 2059 Nicaeno

852 2075 943 2144 igitur
955 2073 1082 2131 concilio
1095 2074 1122 2128 id
1140 2080 1232 2128 ratum
1249 2072 1341 2129 inisse
1356 2073 1499 2140 habitum,
1515 2081 1547 2130 ut
1562 2075 1669 2130 Antio-

850 2147 934 2202 cheni
949 2145 1162 2215 patriarchatus
1174 2144 1249 2199 ditio
1263 2152 1338 2200 esset
1350 2143 1464 2211 Oriens,
1480 2147 1669 2215 antiquorum

851 2231 932 2273 nemo
947 2216 1102 2272 dubitavit.
1123 2217 1150 2270 S.
1167 2215 1356 2285 Hieronymus
1379 2217 1482 2271 ioanni
1502 2216 1670 2285 ilierosoly-

850 2290 958 2344 mitano
987 2289 1015 2345 id
1045 2287 1209 2357 exprobrat,
1237 2288 1391 2355 quodcum
1419 2289 1493 2343 inter
1519 2287 1670 2356 episcopos

850 2360 1007 2416 Palaestinae
1042 2359 1102 2428 ipse
1138 2366 1313 2421 conseretur,
1353 2358 1544 2428 cognitionem
1580 2370 1673 2413 causae

848 2432 1050 2488 ecclesiastica
1065 2428 1170 2486 deterri
1181 2436 1310 2484 curasset
1324 2430 1358 2483 ad
1372 2429 1537 2498 episcopum
1554 2427 1675 2484 Alexan·

848 2503 982 2559 drinnm:
1001 2504 1036 2559 ad
1052 2515 1136 2573 quem
1155 2501 1299 2568 judicium
1324 2499 1397 2554 iilud
1414 2513 1471 2555 non
1497 2499 1669 2570 pertinebat,

850 2589 914 2630 cunr
930 2575 1039 2631 directo
1055 2573 1089 2627 ad
1104 2573 1310 2627 caesareensem
1327 2570 1538 2639 metropolitam
1555 2577 1672 2640 specta·

850 2652 903 2704 ret.
928 2653 956 2700 et
980 2646 1046 2701 inde
1069 2643 1215 2713 appellare
1248 2647 1391 2711 oporteret
1416 2643 1450 2696 ad
1478 2641 1669 2710 patriarcham

849 2715 1070 2772 antiochenum.
1089 2715 1168 2768 «Tui
1184 2713 1233 2783 qni
1259 2713 1374 2784 regulas
1400 2714 1508 2783 quaeris
1532 2712 1673 2768 ecciesia-

849 2791 938 2843 sticas
952 2786 1060 2914 §nquit
1083 2786 1111 2841 S.
1134 2785 1234 2841 doctor
1249 2797 1297 2853 ep.
1316 2783 1360 2851 60)
1380 2790 1409 2839 ct
1424 2785 1531 2839 Nicaeni
1551 2784 1671 2840 concilii

849 2860 952 2914 canoni
976 2858 1128 2921 necteris,
1143 2857 1282 2926 responde
1298 2855 1382 2924 mihi,
1396 2855 1429 2911 ad
1447 2856 1673 2911 alexandrinum

848 2932 1013 3001 episcopum
1030 2929 1180 2983 Palaestina
1202 2927 1272 2997 qnid
1299 2926 1443 2996 pertinet‘l
1457 2927 1491 2981 Ni
1519 2925 1605 2982 iailor
1620 2929 1673 2982 hoc

849 3002 890 3058 ibi
915 3001 1088 3057 decernitur.
1115 3006 1148 3053 ut
1176 2999 1333 3053 Palaestinae
1359 2998 1525 3067 metropolis
1547 2998 1673 3053 Cesarea

847 3076 896 3134 sit,
912 3080 941 3127 et
955 3071 1046 3127 totins
1063 3069 1192 3125 Orientis
1204 3069 1367 3137 antiochia,
1378 3069 1563 3125 innocentius
1573 3072 1584 3124 i
1595 3069 1675 3124 scri-

807 3172 832 3237 Ο
848 3145 917 3199 bens
929 3143 963 3199 ad
986 3141 1180 3197 Alexandrum
1203 3142 1369 3210 episcopum
1396 3140 1606 3196 antiochenum
1619 3140 1674 3195 de-

88 3209 137 3269 ri.
157 3214 371 3269 -Cothedrom
390 3216 568 3284 episcopatus.
587 3217 618 3268 ln
639 3215 717 3270 Novo
736 3214 791 3268 Te·
847 3215 947 3280 clarat,
979 3212 1163 3268 devolventes
1191 3212 1289 3280 itaque
1320 3212 1519 3266 anctoritatem
1559 3212 1672 3267 Niccnae

88 3288 115 3340 to
136 3285 244 3340 veritas
271 3299 364 3341 rerum
394 3283 689 3365 perfectorespondet
713 3286 793 3339 hisce

88 3355 220 3426 Antiqui,
235 3363 292 3412 etc.
310 3356 552 3426 Quemadmodum
569 3356 623 3411 sub
638 3356 729 3425 priori
741 3356 792 3411 illo

93 3440 239 3497 nunquam
254 3427 348 3484 deinit
364 3428 491 3484 tribunal
507 3436 614 3483 certum
631 3429 792 3483 constantis

88 3497 172 3555 tionis
193 3499 226 3553 ad
248 3513 345 3555 verum
368 3514 483 3555 sensnm
500 3500 706 3554 revelationum
720 3512 792 3568 ape-

88 3582 118 3639 n,
131 3575 160 3625 et
173 3571 207 3624 ad
223 3573 464 3640 pronuntiandam
481 3571 650 3625 sententiam
667 3569 794 3625 deliniti·

88 3658 92 3696 t
117 3642 215 3697 causis
239 3644 274 3699 ad
302 3643 469 3714 religionem
497 3640 728 3711 pertinentibus,
752 3642 792 3696 ita

88 3712 162 3768 choo
185 3721 310 3781 tempore
334 3716 397 3770 novi
421 3713 538 3769 foederis
559 3725 691 3781 suprema
711 3713 792 3767 sedes

88 3781 154 3840 lesia
174 3790 267 3839 erecta
289 3793 342 3852 est,
359 3787 472 3855 cnjusa
493 3784 616 3854 indiciis
639 3796 791 3853 provocare

88 3858 126 3911 a:
143 3854 284 3923 Quidquid
298 3858 424 3924 lipocrris
436 3875 444 3921 ;
456 3858 540 3924 cnjus
550 3855 713 3910 decisiones
723 3862 792 3910 sunt

88 3925 176 3981 abiles
191 3944 196 3978 :
212 3928 347 3997 donprmn
362 3932 463 3995 fratres
479 3928 654 3995 messenius
668 3926 791 3983 directio

88 3994 149 4053 alls
164 4004 217 4066 est,
233 4013 266 4054 ac
281 4012 399 4055 secura:
417 4001 499 4052 Posce
513 4013 597 4065 capnos
616 4012 697 4060 aneos,
709 4013 792 4067 posce

88 4083 126 4123 os.

88 4141 212 4196 ectioncs
236 4141 367 4197 codicum
388 4141 504 4196 Preheri
530 4141 594 4196 liet
608 4141 638 4210 B,
660 4146 688 4194 et
703 4141 791 4196 trium

88 4212 113 4279 i,
129 4212 209 4282 lieg,
226 4215 292 4267 liaz.
310 4220 339 4268 ct
353 4214 403 4267 Th.
421 4219 448 4267 ct
463 4213 497 4266 ad
513 4225 545 4268 ca
562 4212 664 4267 verba:
693 4232 705 4263 o
728 4213 794 4268 Post

88 4285 207 4340 saionem
224 4284 339 4356 (Christi
354 4298 429 4338 anno
445 4283 575 4353 sequenti
589 4284 792 4339 tenuitPetrus

88 4368 121 4409 us
137 4355 165 4410 in
183 4355 315 4426 partibus
328 4354 457 4411 Orientis
476 4356 640 4410 cathedram
656 4355 740 4409 annis
756 4352 790 4427 ες

89 4438 164 4481 anno
180 4428 293 4482 bomini
310 4425 345 4482 38
360 4428 438 4481 venit
451 4427 643 4488 Antiochiam,
657 4426 705 4481 nbi
717 4427 793 4482 sedit

88 4492 189 4624 ἶξάιεε
214 4499 251 4568 8;
276 4499 380 4553 deinde
402 4499 479 4552 venit
500 4499 613 4552 ilomam
640 4495 688 4552 ubi
717 4498 793 4553 sedit

847 3286 960 3358 synodi,
990 3296 1053 3354 quae
1080 3295 1165 3337 unam
1191 3281 1319 3337 omnium
1336 3295 1384 3350 per
1406 3281 1502 3336 orbem
1530 3288 1670 3337 terrarum

846 3357 971 3427 explicat
995 3362 1115 3410 mentem
1131 3353 1322 3419 sacerdotum,
1339 3366 1402 3421 quae
1426 3354 1540 3408 censuit
1558 3354 1593 3408 de
1610 3354 1671 3407 hn-

847 3430 979 3485 tiochena
991 3425 1115 3483 Ecclesia
1126 3424 1242 3481 cunctis
1258 3422 1402 3491 iidelihus,
1421 3437 1456 3479 ne
1468 3424 1561 3480 dicam
1572 3437 1672 3479 sacer-

846 3500 965 3557 dotibus
992 3512 1053 3554 esse
1079 3497 1274 3553 necessarium
1300 3495 1448 3550 custodire
1472 3508 1557 3565 quam
1584 3508 1671 3562 snper

846 3571 994 3627 dioecesim
1020 3582 1111 3636 suam,
1141 3581 1196 3623 non
1227 3578 1314 3635 saper
1336 3565 1464 3635 aliquam
1492 3566 1671 3635 provinciam

847 3641 1079 3713 recognoscimus
1092 3640 1292 3694 constitutam.
1304 3655 1317 3686 »
1333 3639 1366 3691 Et
1380 3650 1444 3707 pag.
1459 3633 1560 3693 stant:

881 3711 1009 3769 Orientis
1022 3713 1146 3769 nomine.
1159 3710 1194 3764 de
1207 3723 1264 3778 quo
1282 3709 1328 3763 hic
1344 3721 1438 3763 sermo
1449 3714 1502 3777 est,
1526 3707 1670 3779 intelligi-

847 3790 895 3840 tur
914 3783 1088 3839 universitas
1099 3780 1264 3851 quindecim
1279 3779 1505 3850 provinciarum,
1520 3786 1670 3850 qnaepost-

848 3857 962 3911 modum
990 3854 1087 3910 relatae
1111 3858 1180 3907 snnt
1204 3851 1258 3907 snb
1286 3851 1671 3907 nomenclaturadioeceseos

846 3926 975 3983 Orientis
988 3925 1019 3980 in
1033 3924 1165 3979 notitiam
1182 3923 1297 3992 imperii
1314 3923 1445 3985 Romani,
1482 3936 1582 3978 narum
1599 3922 1672 3994 regi-

848 3994 1471 4064 menadministrabatnrpermagistratnma
1501 3995 1671 4062 imperatore

847 4070 1049 4127 constitutum.
1067 4065 1424 4125 utresiderethntiochiae‚
1436 4067 1573 4121 donatum
1583 4065 1670 4121 titulo

849 4140 973 4212 praelecti
994 4138 1128 4208 praetorio
1142 4135 1280 4192 Orientis.
1291 4137 1365 4191 Sunt
1377 4142 1472 4191 autem
1488 4137 1530 4191 hae
1551 4137 1671 4206 provin-

847 4215 909 4280 ciae,
938 4211 1026 4281 Syria
1051 4209 1126 4275 duae,
1154 4208 1271 4264 totidem
1288 4207 1448 4274 Palestinae,
1463 4215 1492 4263 et
1507 4207 1670 4276 Phoeniciae,

847 4279 1670 4352 Ciliciaepariterduae,Armeniacyprusinsula,Arabia,

847 4355 968 4415 isauria.
987 4351 1203 4422 Euphratensis,
1223 4351 1380 4409 Osrhoena.
1405 4357 1433 4406 et
1457 4351 1670 4420 Mesopotamia.

847 4428 910 4482 liae
935 4425 1042 4481 divisio
1068 4424 1224 4479 diaeceseos
1245 4420 1403 4478 Orientalis
1420 4427 1531 4490 peracta
1545 4428 1589 4478 est
1603 4429 1669 4477 ante

848 4496 966 4554 lionorii
981 4501 1010 4551 et
1032 4495 1148 4550 arcadii
1163 4501 1282 4549 aetatem.
1297 4492 1354 4548 Sub
1375 4492 1487 4547 ditione
1503 4493 1672 4559 patriarchae

88 4564 125 4639 i,
145 4583 235 4625 mens.
251 4565 280 4640 7,
295 4571 358 4625 dies
372 4568 398 4637 8,
417 4589 429 4618 a
457 4569 588 4624 adhiberi
615 4577 734 4637 possunt
757 4583 791 4625 ex
808 4564 1018 4624 DAntioohcni
1033 4565 1306 4621 habebanturetiam
1317 4565 1448 4618 nationes
1456 4562 1617 4618 Orientaies
1627 4576 1672 4617 ex-

88 4651 120 4693 cr.
138 4640 264 4697 ilistoria
287 4642 381 4712 dogm.
404 4641 431 4695 S.
455 4640 542 4706 sedis,
567 4653 628 4710 pag.
651 4637 686 4694 i8
703 4638 790 4710 etas,

88 4720 124 4767 :es
137 4718 219 4768 notae.

88 4794 132 4837 ros
145 4784 302 4853 appetebat,
319 4799 335 4837 a
354 4783 453 4839 divina
475 4781 658 4838 Providentia
679 4783 793 4838 consti-

88 4850 250 4910 inndationi
266 4855 399 4910 Ecclesia
415 4856 557 4909 itomanac.
573 4855 600 4907 S.
624 4854 723 4908 Petrus
739 4854 793 4908 iter

88 4924 209 4991 nstituit,
234 4932 262 4981 et
276 4927 400 4982 visitans
414 4926 557 4980 Ecclesias
576 4938 609 4979 eo
634 4925 663 4978 in
689 4924 793 4979 itinere

88 5000 165 5059 antes,
181 4997 418 5068 deditepiscopos
436 4997 562 5052 Cesarea.
578 4997 607 5051 in
635 4990 792 5064 Palaestina,

100 5064 225 5132 Beritbo,
248 5069 345 5138 Byblo,
368 5069 477 5138 Tripoli
492 5069 580 5134 Syria¹
597 5073 624 5122 et
638 5066 793 5133 Laodiceae,

88 5136 190 5205 elocis,
203 5142 406 5210 quaeantiquis
416 5154 432 5196 a
442 5138 638 5209 Scriptoribus
647 5138 795 5193 observata

105 5211 299 5267 monumentis
314 5213 522 5268 vetustissimis
541 5211 719 5282 consignata.
744 5211 797 5265 Se-

88 5292 100 5334 r
117 5279 176 5335 hac
190 5283 291 5338 revisit
309 5297 391 5339 suam
406 5284 612 5339 Antiochenam
627 5281 795 5342 Ecclesiam,

88 5352 193 5408 arrexit
213 5355 243 5409 in
258 5355 478 5425 Cappadociam.
494 5355 646 5417 Galatiam,
664 5355 795 5422 Pontum,

88 5422 186 5485 vniam.
199 5424 307 5497 ubique
321 5428 501 5482 constituens
515 5426 674 5494 episcopos.
689 5424 799 5480 Funda-

88 5507 127 5550 tm
150 5495 301 5568 plerasque
315 5498 444 5552 Thracia
459 5497 610 5562 Ecclesias,
629 5496 704 5550 inter
726 5509 797 5565 quas

92 5578 257 5638 nam,‚quae
276 5569 401 5627 subinde
422 5567 559 5624 inclaruit
581 5566 697 5621 nomine
720 5569 798 5622 Oon-

88 5636 204 5708 opoieos
216 5647 375 5712 assumpto.
392 5641 456 5695 ilac
469 5645 622 5695 memorata
639 5638 799 5707 reperimus

88 5708 145 5765 tola
159 5710 278 5781 agapeti
294 5725 372 5781 papae
384 5712 418 5767 ad
433 5714 546 5767 Petrum
560 5708 800 5778 iiierosoiymita-

93 5781 181 5850 cuius
211 5784 408 5838 testimoninm
434 5796 466 5838 co
489 5791 532 5838 est
555 5781 750 5837 venerabilius
774 5788 802 5836 et

88 5853 574 5924 s,quodadhibituminvenietur'rn
585 5853 801 5923 quintasynodo

848 4633 1672 4705 traiinesiiomaniimperiiconstitutae.cuiusjurisdictio

846 4709 1052 4767 extendebatur
1069 4720 1118 4775 pro
1131 4706 1212 4761 modo
1225 4718 1261 4760 au
1285 4709 1370 4759 menti
1391 4704 1595 4772 Ecclesiarum,
1607 4716 1670 4773 quae

846 4778 1022 4840 subindeibi
1038 4776 1243 4833 tnnoabamur.
1294 4776 1384 4845 riptor
1404 4774 1562 4830 Orientalis
1579 4774 1670 4830 unde·

848 4853 916 4909 cimi
930 4850 1028 4906 saeculi
1047 4847 1133 4903 reiert
1143 4849 1206 4918 ejas
1218 4846 1385 4903 auctoritati
1401 4847 1532 4915 paruisse
1540 4844 1670 4907 Parthos,

848 4924 954 4990 Medos,
976 4923 1086 4987 Persas,
1114 4932 1205 4990 nsque
1224 4920 1258 4974 ad
1283 4919 1375 4972 indos.
1400 4919 1448 4972 Est
1472 4923 1568 4972 autem
1588 4914 1673 4971 Nilus

849 4992 1076 5051 archimandrita
1091 4993 1165 5060 apud
1183 4989 1319 5045 milatium
1338 4989 1366 5044 in
1379 5000 1464 5058 opere
1477 4988 1513 5043 de
1529 4999 1672 5042 consensu

850 5065 983 5122 Ecclesiae
994 5063 1104 5119 Orient.
1121 5061 1258 5117 etOccid.
1284 5061 1339 5115 Nec
1363 5060 1469 5116 desunt
1490 5059 1541 5129 qui
1555 5057 1673 5114 credant

850 5135 1022 5193 exarchatus
1034 5134 1128 5201 Ponti,
1142 5133 1257 5187 risisset
1270 5132 1399 5186 Thraciae
1415 5132 1519 5200 primis
1539 5128 1674 5185 Ecclesiae

852 5206 1029 5277 temporibus
1038 5205 1169 5275 paruisse
1176 5203 1377 5273 jurisdictioni
1391 5202 1469 5258 sedis
1478 5201 1672 5256 antiochena.

850 5279 1008 5350 (Cabassut.
1024 5278 1088 5334 lllot.
1100 5277 1185 5337 licet,
1195 5275 1291 5331 saecul.
1305 5287 1338 5341 ιι,
1354 5273 1470 5328 dissert.
1487 5268 1531 5336 ii,
1545 5285 1624 5328 num.
1636 5269 1675 5343 3.)

852 5352 910 5408 alii
938 5347 1080 5405 affirmant
1104 5348 1156 5402 has
1183 5348 1321 5402 dioeceses
1347 5342 1439 5399 inisse
1461 5343 1675 5412 antocephaias,

853 5422 927 5477 nulli
958 5418 1165 5491 patriarchatui
1193 5416 1346 5484 subjectas,
1376 5429 1441 5470 cnm
1468 5415 1595 5485 singulis
1616 5428 1680 5470 me-

853 5492 989 5564 tropolita
1004 5490 1167 5562 praecipuus
1188 5490 1250 5543 sive
1274 5488 1382 5557 primas
1407 5485 1558 5555 proiectus
1574 5486 1677 5542 inisset

857 5563 1060 5634 independens,
1073 5558 1553 5628 etauctusjnrrsdictionequadam
1562 5558 1682 5629 patriar·

855 5637 942 5693 chali.
959 5631 1144 5704 cappadocia
1161 5632 1189 5687 in
1206 5633 1295 5687 Ponto
1315 5631 1516 5701 cesareensis,
1528 5631 1604 5686 Asia
1621 5630 1679 5684 mi-

857 5709 920 5764 nori
946 5705 1118 5776 Ephesinus,
1144 5703 1273 5758 Thracia
1299 5701 1503 5767 Heracleensis,
1526 5707 1679 5770 antequam

855 5775 1122 5846 Constantinopolis
1148 5783 1240 5830 erecta
1263 5771 1368 5828 luisset
1397 5774 1427 5829 in
1444 5772 1682 5844 patriarchatum.

857 5853 963 5922 Nempe
982 5849 1046 5904 istae
1060 5853 1138 5914 sunt,
1152 5846 1307 5921 inquiunt,
1318 5842 1702 5916 netropstssnacpssscc-
