3892 6136
116 285 185 345 ⁴423
729 283 908 340 thhsxastx
935 279 1206 340 BIBLIOTHBCARII
1759 279 1826 339 liat

114 414 296 467 consecratos
322 409 472 481 episcopos
491 409 598 466 ‘Linum
621 415 648 466 et
669 409 778 464 Cletum
806 408 942 478 martyrio
956 409 985 470 Α
1001 408 1073 464 stola
1084 415 1237 465 memorata
1245 407 1410 477 conscripta
1421 404 1488 476 luit,
1498 405 1661 476 paulopost
1673 404 1825 461 turbulen-

114 481 414 553 absumptosvidebat,
427 481 604 552 tertiumque
615 480 941 552 superstitemClemen-
1002 485 1060 534 tum
1078 482 1169 536 evasit
1184 480 1440 547 tumChristianis,
1456 485 1516 535 turn
1529 476 1719 547 philosophis
1738 484 1767 532 et
1779 490 1827 532 so-

116 558 171 610 tem
188 554 223 610 ab
242 554 340 609 eodem
354 553 549 624 apostolorum
566 554 699 622 Principe
713 554 822 622 pariter
837 552 943 606 initia·
1001 551 1117 622 phistis,
1129 554 1171 608 uti
1182 551 1324 622 explicavi
1345 548 1827 631 superiusinnotischronologicis

116 631 188 694 tum,
203 626 297 681 imoet
307 638 498 681 successorem
509 624 564 680 sihi
578 623 814 693 destinatum,ah
826 629 942 692 experto
999 622 1034 677 ad
1052 624 1142 678 Vitam
1159 624 1310 680 Clementis
1328 635 1446 679 numero
1466 617 1494 675 t.
1518 619 1691 677 Christianis
1715 621 1826 691 quadem

116 710 166 768 per
177 697 350 753 novennium
367 697 507 767 regimine
520 709 549 751 se
563 694 715 751 abdicasse
729 693 920 768 agrelerehat
934 711 941 764 3
999 694 1036 748 oh
1048 695 1237 765 principatum
1250 694 1328 765 pacis
1337 693 1449 750 Christo
1459 695 1516 748 Deo
1526 696 1681 760 assertum,
1696 691 1739 746 uti
1755 692 1826 747 heu-

115 768 255 825 credibile
263 775 305 823 est
315 768 426 824 nullius
437 767 613 823 successoris
623 768 658 824 ad
670 767 838 823 electionem
850 778 941 836 proce·
999 765 1114 822 delinus
1127 767 1155 821 in
1170 767 1291 836 epistola
1305 766 1458 822 Clementis
1470 764 1663 834 deprehendit
1674 780 1683 832 ς
1696 762 1827 833 philoso-

115 841 183 896 dere
193 840 331 909 voluisse,
345 839 401 894 nisi
416 844 537 895 tentaret
548 838 629 909 prius
642 852 710 895 num
727 837 803 894 llecti
813 838 942 892 Clemens
1000 836 1063 905 phis
1076 852 1142 893 vero
1153 852 1186 894 ac
1199 837 1338 908 sophistis
1352 837 1389 893 oh
1405 835 1552 891 maledicta
1566 835 1596 891 in
1610 835 1826 906 princrpemja-

117 917 263 980 pateretur
278 911 311 967 ad
330 910 418 979 hujus
433 910 565 966 Ecclesia
581 911 746 966 cathedram
762 910 867 965 iterum
879 921 943 963 cou-
998 912 1100 962 ctataa
1117 909 1277 977 nonnuliis,
1296 922 1417 979 quorum
1432 920 1528 975 causa,
1543 921 1643 963 ornnes
1655 912 1716 961 tunr
1732 913 1825 961 sontes

116 983 319 1039 scandendum.
334 981 424 1037 Multo
436 987 531 1038 autem
543 982 650 1051 agrius
661 995 856 1038 consensurus
864 978 942 1035 luis·
997 982 1057 1034 tum
1069 980 1316 1036 insontesexlirbe
1326 978 1625 1048 excederejussisunt,
1634 978 1825 1048 pertinacium

116 1051 942 1125 setquisquiseligereturconstanteClementisvita,ejus·
998 1064 1064 1106 vero
1088 1065 1122 1107 ex
1138 1065 1257 1108 numero
1271 1051 1412 1107 Hostilius
1433 1064 1466 1105 ac
1480 1050 1644 1105 Demetrius
1670 1049 1699 1103 in
1716 1048 1826 1104 insulas

115 1126 177 1181 dem
193 1129 290 1180 animo
307 1136 361 1180 non
383 1125 542 1194 explorato,
554 1130 604 1179 aut
619 1131 694 1181 certe
707 1138 761 1179 nnn
777 1126 941 1192 exspectato
998 1123 1128 1194 relegari,
1145 1125 1282 1195 Diogenes
1298 1123 1386 1194 virgis
1399 1136 1500 1188 caesus,
1518 1123 1586 1177 Eras
1600 1120 1696 1190 capite
1715 1120 1824 1190 plexus,

116 1196 250 1264 consilio,
268 1201 296 1251 et
311 1197 513 1252 adhortatione
534 1196 629 1265 ipsius
649 1195 803 1251 Clementis
815 1197 940 1265 <quando
999 1193 1038 1249 uti
1053 1208 1087 1248 cx
1097 1195 1245 1251 historicis
1259 1197 1367 1250 Graecis
1378 1208 1411 1250 ac
1425 1192 1532 1249 Latinis
1547 1192 1657 1248 ibidem
1675 1191 1774 1247 retuli.

117 1267 143 1323 is
159 1268 187 1323 in
201 1268 384 1323 abdicatione
400 1267 585 1337 persisteret),
598 1266 706 1338 quibus
721 1265 941 1322 confirmaretur
1032 1265 1091 1319 illae
1115 1266 1204 1348 igitur
1217 1281 1311 1322 causa
1335 1266 1436 1321 asserti
1453 1264 1634 1334 principatus
1648 1263 1730 1332 pacis
1743 1263 1826 1318 Chri·

117 1351 208 1395 novus
220 1338 330 1394 electus
354 1340 388 1394 ad
406 1337 587 1395 subeuntium
603 1352 676 1394 onus
699 1337 817 1392 maximi
843 1349 941 1391 sacer·
998 1341 1042 1392 sto
1057 1338 1189 1405 Domino,
1210 1352 1272 1408 que
1281 1337 1473 1406 suspicionem
1490 1349 1627 1392 novarum
1646 1335 1827 1391 revumexci·

116 1410 201 1466 dotii.
226 1411 278 1465 liis
293 1423 359 1465 vero
372 1410 485 1465 nuntiis
502 1410 578 1465 ultro
598 1410 730 1480 citroque
751 1407 939 1478 perferendis,
997 1412 1058 1463 tare
1073 1414 1203 1478 poteraut
1222 1409 1276 1466 sub
1293 1408 1466 1479 Vespasiano
1492 1407 1625 1477 principe
1646 1407 1677 1462 in
1694 1419 1826 1477 supremo

116 1482 178 1538 sive
193 1489 274 1537 trans
288 1493 364 1536 mare
378 1481 527 1536 Ponticum
547 1481 605 1550 J‘am
621 1488 680 1536 tum
691 1481 821 1535 Clemens
832 1484 941 1549 ageret,
999 1478 1150 1536 hierarcha
1174 1481 1306 1536 Ecclesia
1321 1480 1475 1545 Clemente,
1492 1479 1517 1533 si
1535 1479 1564 1534 ia
1581 1477 1654 1534 urbe
1678 1478 1826 1547 perstitis-

116 1553 251 1609 sivealiis
279 1550 943 1623 eregrinationihusapostolicimunerlsdisti-
998 1549 1827 1622 set,eumqueprovidenterimpulissecredimusadessa-

117 1631 234 1680 neretur
257 1568 343 1694 (certe
367 1622 402 1678 ab
415 1623 488 1679 Urbe
501 1624 627 1689 dissitis,
652 1629 800 1679 constante
813 1635 899 1678 causa
915 1634 944 1676 se
1000 1621 1127 1685 landum,
1142 1628 1169 1678 et
1184 1624 1217 1680 ad
1234 1623 1425 1679 abdicandum
1439 1635 1497 1677 ase
1514 1622 1672 1691 primatum
1687 1621 1826 1677 cathedra

117 1695 339 1752 subtrahendia
359 1694 468 1750 vicinia
484 1695 562 1750 sedis
584 1696 725 1763 itomanae,
750 1707 834 1763 quam
858 1707 890 1748 su
915 1706 943 1747 ra
1000 1708 1083 1764 quern
1107 1694 1229 1764 gerebat,
1248 1709 1302 1750 non
1319 1695 1438 1766 segnius
1451 1692 1592 1764 urgebant
1606 1691 1664 1750 sub
1685 1693 1825 1749 Domitia-

116 1766 288 1839 attigimus]‚
303 1766 515 1837 quadrimestre
528 1766 655 1835 spatium
680 1767 771 1822 videri
795 1708 945 1821 concelet
960 1788 986 1850 B
1001 1779 1046 1841 no,
1069 1773 1100 1820 ut
1115 1765 1242 1821 oblatum
1260 1767 1395 1822 honorem
1411 1765 1605 1822 successionis
1621 1769 1688 1833 post
1711 1770 1825 1819 mortem

118 1852 196 1894 mora
212 1837 478 1908 diuturniorquam
493 1839 649 1894 necessitas
665 1836 745 1893 ierat.
999 1837 1070 1891 Cleti
1093 1842 1256 1894 constanter
1278 1844 1432 1894 recusaret.
1448 1836 1520 1906 Quis
1535 1837 1611 1892 enim
1628 1835 1750 1891 dubitat
1765 1849 1825 1905 per-

152 1910 194 1965 hb
219 1911 271 1965 hac
296 1923 361 1965 vero
386 1910 547 1966 constantia
578 1911 607 1965 in
625 1909 782 1964 recusando
804 1905 942 1961 removeri
999 1908 1066 1964 inde
1079 1910 1234 1964 excitatum
1248 1909 1284 1964 iri
1300 1923 1454 1975 rumorem,
1470 1914 1520 1964 aut
1538 1907 1707 1977 opinionem
1721 1906 1825 1962 allecta·

118 1995 174 2037 nou
195 1981 297 2037 debuit
321 1980 449 2045 Clemens
466 1983 495 2036 in
520 1988 609 2036 morte
623 1980 694 2037 Cleti
718 1980 803 2049 (anno
818 1976 862 2048 83)
877 1990 942 2032 curn
999 1981 1021 2034 ti
1040 1981 1182 2049 imperiia
1202 1986 1281 2036 tanto
1293 1980 1441 2052 religionis
1452 1984 1556 2035 nostrae
1572 1980 1660 2048 duce,
1676 1983 1705 2034 et
1719 1979 1825 2033 antesi-

117 2054 219 2109 cadem
235 2066 330 2108 causa
352 2051 405 2108 sub
421 2053 585 2108 Domitiano
601 2060 669 2108 tunc
687 2053 846 2120 imperante
861 2049 942 2119 vige·
998 2064 1092 2122 gnano
1104 2051 1256 2119 Clemente,
1272 2053 1295 2108 si
1307 2053 1417 2121 primus
1431 2053 1506 2107 inter
1521 2051 1686 2175 episcossos.
1703 2055 1732 2105 et
1747 2050 1827 2119 parti·

118 2131 190 2194 rent,
201 2123 325 2194 quesub
335 2123 457 2193 imperio
467 2124 635 2192 Vespasiani
650 2123 741 2194 patris
753 2121 836 2177 illum
846 2121 943 2190 adege·
998 2121 1619 2193 cipesregalissacerdotiichristiiterumha
1644 2123 1824 2190 eretur,dum

118 2201 183 2251 rant
201 2195 235 2250 ad
260 2195 451 2251 exsulandum
468 2209 543 2252 anno
567 2210 631 2252 aerae
654 2194 763 2251 Christi
789 2189 835 2260 76,
857 2198 943 2260 atque
998 2193 1101 2249 Flavia
1128 2195 1222 2265 gentis
1237 2194 1320 2250 liberi
1338 2199 1532 2264 superessent,
1547 2193 1660 2264 quibus
1682 2195 1825 2249 aeternitas

117 2266 153 2322 ad
177 2265 368 2322 abdicandum
390 2280 420 2322 se
441 2266 476 2321 ab
490 2267 596 2323 honore
611 2266 716 2323 summi
742 2262 939 2335 pontillcatus.
1000 2265 1126 2336 imperii,
1138 2265 1354 2336 etprincipatus
1371 2266 1488 2336 pacisin
1504 2265 1580 2320 Urbe
1591 2264 1824 2321 caeterarumdo-

119 2337 253 2393 Dixeram
269 2338 297 2392 in
315 2337 392 2392 notis
415 2338 630 2410 chronologicis
653 2337 797 2394 advitam
821 2335 850 2391 S.
876 2334 942 2389 Cle·
999 2337 1078 2392 mina
1096 2336 1211 2407 publica
1236 2339 1429 2394 assentatione
1446 2335 1654 2392 deferebatur?
1671 2337 1823 2406 prasertim

120 2409 234 2480 mentis,
247 2420 328 2463 num.
342 2404 370 2476 7,
385 2411 642 2479 propugnationem
654 2416 816 2465 nostrorum
830 2407 945 2477 dogma·
998 2423 1063 2464 cum
1077 2409 1233 2464 Domitiani
1249 2409 1370 2466 ambitio
1382 2422 1470 2479 supra
1482 2413 1630 2478 paternam
1642 2409 1717 2464 adeo
1729 2421 1819 2464 exerc

119 2486 179 2536 tum
201 2489 229 2536 et
245 2480 451 2536 vaticiniorum
466 2482 582 2537 Christo
607 2481 727 2536 Domino
742 2479 942 2549 prenuntian-
999 2480 1096 2548 visset,
1112 2482 1225 2535 utbeus
1235 2494 1268 2535 ac
1280 2480 1550 2537 bominusinscrihi
1566 2480 1676 2549 passim
1689 2483 1719 2534 et
1732 2477 1822 2534 haberi

119 2552 191 2607 tium
204 2551 398 2622 principatum
410 2553 500 2621 pacis,
512 2566 595 2623 quem
609 2554 766 2607 assentatio
775 2549 944 2605 servitistu·
998 2550 1084 2606 vellet
1095 2570 1100 2605 :
1112 2549 1233 2607 fortasse
1243 2552 1435 2624 nequidpiam
1444 2551 1608 2607 sibidecsse
1617 2550 1727 2623 vulgus
1738 2551 1823 2606 crede·

118 2622 245 2678 deorum
268 2628 354 2693 atque
369 2623 552 2678 ethnicorum
567 2623 741 2693 Vespasiano
763 2627 862 2691 aptare
885 2626 944 2675 stu·
1000 2629 1051 2692 ret,
1070 2636 1127 2692 quo
1143 2623 1239 2678 minus
1249 2623 1338 2680 hares
1347 2629 1469 2693 paterna
1479 2623 1671 2692 conditionis,
1686 2629 1716 2678 et
1725 2622 1820 2692 prinei·

118 2694 229 2760 duerat,
246 2707 311 2749 cum
330 2694 409 2763 pacis
424 2694 561 2763 templum
581 2694 727 2749 dedicaret
741 2706 816 2747 anno
832 2688 868 2746 id
881 2704 944 2746 aera
1000 2700 1083 2764 patus
1099 2694 1178 2764 pacis
1189 2693 1355 2763 Quiritibus
1367 2703 1527 2764 appareret.

117 2765 300 2835 Christiane,
311 2763 426 2819 dedisse
438 2764 685 2820 ansamClementi
696 2777 751 2819 nou
763 2762 855 2818 solum
866 2775 943 2832 voce,
1036 2767 1075 2820 Ne
1090 2766 1182 2837 igitur
1200 2766 1266 2822 odia
1283 2768 1482 2838 intempestiva
1511 2767 1540 2821 in
1568 2765 1741 2822 uuiversum
1757 2763 1821 2821 lide·

119 2837 166 2892 sed
182 2837 268 2892 etiam
282 2835 400 2905 scriptis
416 2836 581 2892 vindicandi
595 2834 710 2891 oracula
723 2834 788 2890 ildei
799 2833 945 2889 Christia·
1001 2836 1071 2892 lium
1092 2842 1196 2892 coctum
1216 2839 1356 2894 urbanum
1374 2837 1522 2908 prasentia
1537 2836 1695 2892 Clementis
1712 2849 1821 2892 revoca-

120 2922 177 2963 ua:
196 2921 286 2978 eoque
302 2907 417 2962 nomine
432 2909 531 2963 odiam
549 2908 708 2962 incurrisse
720 2909 943 2974 assentatorum,
1001 2913 1044 2963 ret
1056 2907 1109 2963 sub
1125 2909 1297 2979 Domitiano,
1317 2923 1380 2980 quae
1394 2909 1594 2978 declinaverat,
1611 2921 1647 2963 ac
1663 2920 1820 2979 suppresse·

118 2980 290 3035 atriensium
302 2978 428 3048 ejusdem
442 2979 594 3050 principis,
612 2979 696 3049 quasi
709 2978 859 3033 maledicta
872 2990 945 3031 con·
1001 2979 1213 3050 ratlcgeexsilii
1223 2994 1306 3036 susce
1328 2979 1760 3052 ta,acdimissionevoluntaria
1772 2991 1820 3035 ma·

119 3051 258 3107 scriberet
272 3051 301 3105 in
319 3053 528 3122 imperatorem,
544 3064 627 3121 quern
650 3049 761 3105 divinis
785 3048 944 3104 honoribus
1000 3051 1229 3107 ximisacerdotii
1241 3052 1294 3107 sub
1306 2996 1729 3123 Uespasianomatiusduxerit
1741 3051 1820 3106 absti-

120 3136 175 3178 non
200 3121 436 3193 prosequebatur,
462 3121 510 3177 sed
534 3122 617 3193 longe
631 3121 776 3176 diversum
788 3118 945 3174 affirmabat
960 3155 984 3217 C
1001 3135 1091 3178 nerea
1105 3136 1235 3194 regressu
1250 3123 1400 3192 inUrbem,
1412 3131 1441 3178 et
1453 3137 1468 3178 a
1481 3123 1618 3178 cathedra
1631 3124 1691 3192 jam
1707 3122 1818 3178 relicta:

117 3208 133 3250 a
148 3195 228 3265 pacis
242 3194 373 3263 principe
385 3207 434 3263 per
446 3194 547 3248 isaiam
568 3193 706 3249 indicato.
721 3192 749 3247 ld
764 3205 829 3247 vero
846 3192 875 3246 in
895 3204 943 3246 se·
1000 3198 1085 3264 atque
1100 3197 1193 3250 satius
1207 3196 1315 3250 ducens
1326 3195 1478 3265 apostohci
1490 3194 1620 3263 episcopi
1633 3208 1756 3251 munere
1766 3193 1821 3249 iun·

120 3267 215 3322 cunda
230 3279 314 3335 quam
329 3263 527 3336 vulgodicunt
540 3264 696 3320 Clementis
707 3262 839 3333 epistola,
857 3275 941 3332 quam
999 3266 1028 3348 gi
1046 3266 1122 3320 ultra
1143 3265 1317 3322 solitudines
1332 3267 1426 3336 Ponti,
1443 3273 1543 3321 auctor
1560 3266 1700 3321 hornanis
1713 3266 1821 3321 clericis

120 3338 244 3408 priorem
255 3350 318 3392 esse
332 3336 490 3391 hahendam
504 3335 679 3393 Vendclinus
695 3335 825 3405 probavit
837 3334 943 3403 (editus
1000 3337 1097 3405 inerit,
1111 3342 1143 3392 ut
1154 3338 1188 3392 arl
1201 3337 1319 3392 liberam
1334 3337 1499 3394 electionem
1516 3338 1707 3406 procederent
1720 3349 1821 3394 succes

118 3408 290 3464 aCotelerio
317 3413 393 3462 toruo
416 3409 439 3476 1,
467 3420 529 3478 pag.
549 3404 610 3476 tio,
627 3406 681 3462 col.
698 3405 725 3475 E,
740 3419 804 3461 curn
821 3411 943 3475 utraque
999 3407 1162 3475 sorisCleti,
1174 3409 1411 3478 quemadmodum
1424 3409 1452 3463 hi
1465 3409 1675 3479 praestiterunt,
1687 3406 1820 3465 evectoad

117 3480 246 3550 Epistola
274 3477 353 3550 GL.)
378 3483 407 3534 et
430 3483 612 3534 memoratam
637 3491 652 3532 a
675 3479 813 3548 Dionysio
836 3477 943 3531 Corin·
999 3480 1093 3536 sedern
1122 3481 1198 3534 Petri
1227 3479 1372 3538 hnacleto.
1397 3483 1539 3536 Notarunt
1568 3481 1684 3550 pridem
1719 3479 1820 3536 indicia

119 3552 245 3607 thiorum
256 3551 393 3622 episcopo
403 3550 477 3620 apud
489 3550 643 3606 Eusebium
657 3548 707 3604 lib.
723 3563 759 3615 tv,
771 3561 832 3618 cap.
843 3545 888 3613 93,
904 3560 942 3602 re·
999 3551 1165 3620 huiusmodi
1181 3552 1376 3622 providentia,
1399 3568 1432 3608 ac
1444 3550 1611 3608 dilectionis
1625 3552 1657 3607 in
1672 3550 1819 3608 Clementis

120 3623 193 3695 perit
204 3623 340 3679 laudatus
353 3621 539 3690 Vendelinus,
555 3621 594 3676 ita
609 3634 661 3677 nos
678 3621 833 3676 admonens
845 3620 880 3675 de
894 3625 942 3673 at·
998 3623 1120 3692 epistola
1134 3623 1168 3678 ad
1179 3623 1345 3679 Corinthios
1357 3625 1424 3680 data
1438 3623 1570 3679 Ecclesia
1580 3624 1719 3679 Romanae
1732 3621 1818 3678 nomi-

119 3701 196 3750 tenta
208 3694 364 3749 Clementis
374 3706 445 3748 cura
459 3693 488 3748 iu
500 3693 682 3748 advertendis
696 3691 831 3747 lidelibus
842 3705 856 3745 a
869 3689 943 3745 ioeda
1000 3695 1210 3750 nevirieruditi
1221 3712 1228 3748 r
1240 3695 1446 3767 quaedetegunt
1456 3695 1545 3750 animi
1558 3694 1818 3765 sensuspraeieren·

118 3763 452 3833 assentationeCaesaris,
464 3768 492 3818 et
500 3762 707 3820 confirmandis
722 3764 749 3818 in
762 3761 943 3818 confessione
998 3771 1040 3820 tes
1050 3765 1245 3821 voluntarium
1254 3767 1402 3837 exsilium,
1415 3767 1529 3837 quando
1539 3767 1709 3823 immineret
1720 3767 1818 3837 pericu·

119 3837 197 3903 iidei,
220 3837 414 3905 principatum
433 3834 513 3902 pacis
537 3847 601 3890 curn
618 3835 693 3889 isaia
708 3834 866 3889 tribuentis
885 3846 942 3888 non
998 3836 1057 3893 lum
1071 3836 1816 3908 turbarum,unrusprasenttaecausaexcitanuarnn.

123 3908 237 3964 mortali
251 3907 379 3974 cuipiam
394 3904 470 3958 nihil
487 3918 574 3974 supra
588 3906 732 3961 hominem
745 3906 880 3976 gestanti,
893 3904 940 3960 sed
997 3908 1028 3962 Si
1041 3913 1153 3977 propter
1162 3924 1211 3975 me,
1230 3909 1334 3979 inquit,
1357 3910 1463 3976 seditio,
1479 3911 1624 3975 contentio,
1639 3914 1665 3964 et
1680 3911 1817 3965 schismata

121 3978 231 4034 homiui
247 3979 304 4032 Deo
325 3975 441 4031 Christo
461 3975 593 4045 homino,
620 3976 748 4032 divinam
770 3976 942 4033 humanam·-
998 3985 1057 4033 orto
1080 3984 1153 4047 sunt,
1181 3982 1326 4049 emigrabo,
1352 3982 1441 4047 obibo,
1472 3995 1635 4050 quocunque
1663 3982 1817 4036 colueritis:

120 4063 175 4120 que
190 4057 322 4104 naturam
339 4047 370 4101 in
386 4060 416 4101 se
432 4060 490 4102 uuo
502 4047 717 4103 admirabiliter
729 4049 886 4118 complexo.
905 4048 943 4101 De
999 4051 1058 4106 sive
1075 4057 1105 4106 ut
1123 4052 1303 4121 Epiphanius
1314 4051 1399 4109 reiert
1412 4055 1440 4107 in
1465 4053 1565 4107 haeresi
1581 4053 1818 4121 carpocratiano-

119 4125 247 4190 tempore
259 4120 336 4174 enim
349 4119 519 4189 conscripta
531 4120 661 4191 epistolae
671 4133 758 4191 agens
770 4121 810 4174 ita
820 4132 944 4189 pronun·
999 4136 1063 4178 rum
1075 4119 1120 4185 at,
1138 4136 1202 4193 cap.
1221 4122 1247 4194 o,
1260 4124 1375 4194 quando
1392 4128 1527 4180 memorat
1539 4123 1758 4180 abdicationem
1767 4122 1819 4178 Cle·

121 4193 182 4247 tiat.
198 4188 943 4262 «Tenpusquoqucinsinuatpacatissimum,nullis
1000 4194 1115 4260 mentis,
1132 4194 1238 4261 secedo,
1259 4196 1333 4261 obeo,
1359 4197 1423 4249 henr
1438 4197 1598 4250 stabilietur
1622 4196 1817 4266 populusne:

121 4264 149 4319 in
164 4263 319 4319 Ecclesiam
335 4262 473 4331 periculis
484 4262 644 4330 turbidum,
660 4268 796 4333 tantoque
807 4260 941 4332 magisad
1000 4280 1063 4337 quae
1076 4264 1159 4320 verba
1176 4267 1205 4321 in
1218 4267 1433 4323 commentariis
1456 4266 1632 4337 quibusdam
1644 4281 1660 4322 a
1672 4281 1704 4324 se
1715 4270 1817 4337 reperta

120 4335 290 4390 charitatem
306 4339 445 4403 mutuam,
467 4331 674 4403 fovendamque
696 4346 790 4402 pacem
811 4333 942 4388 hortato-
998 4337 1114 4406 asserit,
1128 4337 1283 4393 adnotante
1297 4339 1454 4394 Vendelino
1471 4351 1503 4407 pa
1527 4336 1613 4406 ,439ἱ
1639 4337 1729 4394 coh‘l
1748 4337 1814 4394 edit.

121 4407 202 4462 riam.
230 4406 270 4462 hd
294 4418 379 4476 quam
394 4404 512 4477 (pacem)
536 4404 720 4461 obtinendam
736 4418 792 4460 non
814 4409 944 4474 oporteat
997 4406 1145 4474 cotelerii,
1159 4416 1186 4462 et
1202 4409 1343 4465 habentur
1358 4414 1443 4466 etiam
1461 4409 1488 4463 in
1505 4354 1602 4464 graeca
1619 4410 1749 4467 editione
1757 4407 1816 4464 anui

121 4477 244 4535 inveniri
266 4477 421 4547 hominem,
452 4477 503 4546 qui
525 4489 586 4532 eam
603 4475 755 4602 largiatur,
782 4477 830 4531 sed
853 4477 942 4531 Deum
1000 4477 1078 4545 tiit,
1099 4478 1148 4534 iol.
1174 4479 1219 4550 ot,
1240 4479 1394 4552 Ἀναχωρῶ,
1419 4479 1514 4552 ἄπειμι,
1540 4482 1686 4548 secederet
1708 4478 1768 4541 λαός
1782 4481 1817 4531 aa

118 4546 240 4606 scilicet.
252 4547 365 4619 Quibus
379 4547 486 4617 verbis,
499 4548 542 4603 vel
561 4561 612 4619 ego
626 4545 652 4602 la
669 4547 721 4617 lor,
745 4547 787 4602 vel
807 4548 943 4603 innuitur
956 4545 983 4607 D
999 4551 1075 4606 Θεοῦ·
1088 4558 1116 4606 et
1130 4551 1228 4619 aptius
1243 4556 1415 4621 respondent
1425 4553 1572 4609 occasioni
1586 4566 1676 4622 snpra
1690 4552 1816 4607 indicate

121 4623 312 4692 Vespasianus
325 4621 490 4691 imperator,
504 4621 554 4703 qui
567 4632 643 4675 anno
654 4625 751 4674 nostro
760 4615 797 4674 75
808 4617 878 4674 leste
889 4632 943 4675 suo

119 4693 272 4749 consulatu
294 4692 431 4762 templum
458 4704 537 4761 pacrs
570 4696 683 4746 aterna
722 4691 852 4746 omnium
884 4695 943 4746 toto
998 4622 1162 4679 abstinendi
1188 4635 1204 4677 a
1230 4623 1548 4694 'mmificawmannm‘
1575 4619 1817 4682 “amedeum

540 4733 547 4759 η
686 4731 693 4753 ,

1000 4694 1070 4751 urbe
1083 4693 1181 4760 Roma,
1198 4707 1232 4749 ne
1259 4697 1311 4750 toti
1332 4694 1467 4751 Ecclesia
1488 4695 1660 4765 discrimen,
1686 4701 1715 4752 et
1731 4705 1815 4766 perse-

121 4764 189 4822 orbe
229 4763 455 4833 pulcherrimum
475 4762 740 4832 dedicavit3semet
774 4762 943 4817 existimans

120 4836 202 4893 illum
217 4837 377 4905 principem
395 4835 482 4905 pacis,
501 4839 607 4904 patrem
628 4832 720 4889 luturi
741 4834 850 4902 saculi,
864 4847 942 4959 gra-

120 4907 246 4964 nuntiati
274 4907 349 4977 apud
359 4906 472 4974 isaiam,
486 4906 571 4975 cujus
581 4905 696 4975 imperii
712 4918 766 4960 non
783 4904 856 4960 loret
884 4907 940 4959 nis.

118 4981 177 5036 Non
200 4979 275 5034 hunc
294 4991 362 5050 ergo
378 4977 524 5033 mortalem
542 4977 697 5047 hominem,
718 4977 766 5033 sed
785 4979 872 5032 Deum
893 4977 943 5031 in-

119 5051 211 5107 veniri
234 5049 336 5106 debere
357 5057 451 5105 monet
469 5048 606 5119 Clemens,
628 5050 678 5119 qui
697 5054 829 5103 aeternam
847 5060 941 5118 pacem

119 5125 182 5178 suis
197 5121 380 5193 largitussit.
393 5120 483 5176 Tanto
496 5133 563 5191 ergo
578 5120 702 5188 epistola
717 5119 775 5174 haec
791 5120 869 5181 prior
881 5118 941 5190 ilia,

121 5208 183 5264 quae
216 5199 261 5249 ost
274 5191 309 5250 20
324 5192 438 5248 demum
451 5206 541 5247 annos
557 5191 642 5245 missa
656 5189 712 5246 luit
732 5191 912 5246 Corinthum.
928 5210 940 5240 ι»

120 5266 182 5320 iiaec
192 5209 380 5331 lendelinus,
397 5261 523 5319 reserens
543 5262 616 5318 hanc
625 5262 776 5332 epistolam
790 5262 877 5333 vulgo
891 5262 942 5317 di-

119 5344 192 5391 ctam
212 5337 376 5404 secundam,
396 5342 531 5390 reautem
554 5347 619 5390 vera
642 5335 764 5404 priorem
788 5334 942 5389 Clementis

119 5406 154 5461 ad
170 5407 336 5464 Corinthios
352 5408 386 5463 ad
413 5419 520 5462 annum
541 5402 588 5476 75,
611 5407 728 5462 alteram
756 5419 854 5461 veroa
877 5405 944 5460 Cle-

120 5485 214 5532 mente
223 5479 359 5549 scriptam
376 5479 410 5533 ad
431 5478 543 5533 eosdem
558 5478 724 5533 Corinthios
736 5490 792 5533 non
812 5490 874 5545 suo,
894 5477 942 5534 sed

121 5547 397 5632 Ecclesiaullomanac
407 5550 534 5618 nomine,
549 5549 583 5604 ad
595 5562 702 5605 annum
713 5546 748 5604 95
762 5549 941 5604 antechristi

119 5631 292 5677 communis.

154 5689 370 5746 Pacatissimam
394 5692 470 5762 qnod
485 5691 563 5748 dixit
588 5695 710 5757 tempus,
736 5690 885 5762 nullisque
912 5692 942 5748 in

16 5800 20 5805 -
120 5761 275 5820 Ecclesiam
286 5761 583 5832 periculisturbidum
598 5762 682 5833 prius
692 5760 765 5817 illud
780 5761 833 5818 suh
845 5763 944 5834 vespa·

111 5836 200 5895 siano
207 5833 347 5910 principe
358 5844 436 5892 anno
446 5830 794 5912 ibepochaChristiaua
808 5847 866 5907 quo
875 5835 942 5906 ept-

998 4764 1077 4821 cutio
1088 4765 1251 4820 immineret
1262 4779 1296 4822 ex
1309 4767 1396 4821 unius
1407 4765 1540 4837 presulis
1554 4766 1698 4837 dignitate
1712 4777 1817 4822 resum-

999 4844 1058 4908 pta,
1085 4849 1142 4907 qua
1171 4837 1267 4892 volens
1294 4837 1454 4908 lubensque
1480 4851 1586 4908 paucos
1607 4845 1675 4894 ante
1688 4846 1816 4894 annasse

998 4912 1149 4973 exemerat,
1172 4913 1204 4961 m
1223 4908 1287 4962 bene
1302 4910 1474 4964 stabiliretur
1486 4910 1605 4980 populus
1617 4911 1680 4964 Dei.

1030 4981 1139 5035 Cretera
1167 4993 1344 5036 reservamus
1360 4981 1436 5037 uotis
1460 4981 1618 5037 historicis.
1649 4981 1714 5036 Haec
1730 4987 1815 5036 autem

999 5057 1030 5107 ut
1042 5049 1234 5106 delibaremus
1245 5050 1272 5105 in
1282 5052 1493 5125 chronologicis
1504 5052 1594 5109 suasit
1604 5052 1762 5108 necessitas
1770 5051 1816 5106 dc-

998 5122 1115 5178 finiendi
1128 5127 1254 5192 tempora
1268 5122 1389 5179 istorum
1405 5125 1589 5194 pontiiicum:
1605 5138 1669 5194 quae
1690 5124 1720 5179 in
1745 5124 1817 5178 hna-

997 5194 1071 5250 cicto
1087 5193 1125 5248 ita
1149 5193 1280 5249 videntur
1297 5195 1481 5266 assignanda.

1034 5263 1162 5333 hiartyrii
1184 5278 1317 5322 coronam
1344 5268 1446 5337 adepto
1469 5268 1547 5322 Cleto
1580 5266 1626 5321 die
1653 5264 1690 5321 ao
1716 5265 1816 5336 aprilis

997 5349 1073 5392 anno
1095 5333 1140 5406 83,
1161 5336 1323 5393 Domitiano
1339 5338 1377 5392 lx
1392 5345 1420 5392 et
1436 5338 1509 5394 lluio
1530 5351 1602 5393 coss.
1617 5338 1702 5394 sedes
1715 5339 1817 5392 vacarit

999 5408 1147 5464 mensibus
1159 5415 1292 5478 quatuor,
1309 5423 1341 5464 ac
1356 5409 1461 5465 diebus
1474 5411 1569 5466 decern
1581 5411 1643 5480 (qui
1665 5424 1700 5464 ex
1712 5418 1816 5464 summa

998 5479 1106 5549 duplici
1122 5479 1150 5533 in
1170 5479 1312 5549 principio
1325 5487 1456 5536 notarum
1475 5480 1522 5536 hic
1533 5480 1638 5535 collata
1653 5480 1815 5548 resultanti:

998 5550 1112 5606 scilicet
1125 5550 1259 5620 usquead
1273 5551 1346 5606 diem
1360 5550 1377 5606 6
1392 5552 1574 5622 Septembris,
1585 5551 1656 5606 duru
1667 5553 1817 5607 Clementis

996 5621 1106 5678 exsulis
1129 5622 1270 5677 sententia
1297 5623 1472 5692 exploratur,
1498 5637 1533 5678 an
1548 5623 1650 5678 iterato
1673 5623 1816 5679 velitcum

999 5692 1164 5765 pontillcatu
1181 5695 1307 5748 itomano
1331 5694 1419 5749 totius
1442 5694 1572 5750 Ecclesia
1591 5693 1705 5751 clavum
1721 5707 1817 5764 capes-

996 5775 1070 5834 sere,
1097 5762 1164 5818 licet
1191 5768 1275 5819 antea
1295 5763 1466 5821 abdicasset.
1491 5765 1635 5821 Clemente
1658 5769 1817 5822 constanter

997 5838 1146 5894 recusante
1164 5834 1200 5891 ab
1224 5833 1328 5891 Urbem
1354 5837 1467 5909 reverti,
1497 5842 1524 5892 et
1550 5836 1624 5892 Petri
1656 5837 1815 5897 cathedram
