3892 6136
121 318 174 380 799

527 327 573 382 hb
591 322 808 383 nuhsnhsittbt
826 317 1083 379 Phohhdottnnh
1101 321 1189 377 horr.
1210 316 1423 376 non-vhnic.

1775 303 1834 367 800

121 452 175 509 lem
196 452 403 509 illustrandum
428 454 587 510 conducere
611 459 691 508 ratris
715 466 789 519 suni,
812 465 862 520 pro
884 459 945 504 mco
959 444 989 503 A
1005 450 1107 516 menta,
1124 447 1259 505 saeculum
1275 447 1427 517 septimum
1447 446 1558 503 caeteris
1577 444 1735 501 obscurius
1753 440 1833 499 illu·

122 523 239 581 modulo
253 532 386 581 accurate
398 525 516 597 digessi,
527 537 683 594 eorumque
693 525 751 580 duo
764 523 820 580 lere
835 523 946 646 integra

123 597 153 651 in
180 597 232 651 hoc
259 596 405 653 volumine
430 597 582 666 spectanda
612 596 759 666 proposui,
786 596 859 666 quod
875 605 947 649 rei-

123 667 228 738 quiesi
244 667 272 722 iii
311 669 392 724 uicto
406 675 434 724 et
449 668 551 723 ultimo
562 666 747 724 exhibiturus
763 666 808 737 (a).
825 665 948 736 htqun-

122 738 212 800 iiiam,
236 743 269 794 ut
284 753 299 794 c
323 738 451 812 ronologi
467 738 571 811 solent,
586 740 654 795 dum
679 745 838 808 temporum
854 735 947 791 ratio-

123 822 186 865 nem
205 809 302 871 habui,
326 824 370 867 res
386 816 479 881 gestas
495 811 558 880 ipso
577 811 605 866 in
619 809 704 865 Libro
724 806 896 876 Pontillcall,
919 809 947 859 et

44 912 47 916 -
123 880 202 936 nolis
226 880 377 937 historicis
402 889 560 950 enarratas,
588 880 766 936 membratim
789 878 946 935 indicarem

122 953 261 1021 oportuit,
279 953 387 1008 ideirco
403 953 432 1008 in
447 954 557 1008 easdem
584 951 694 1022 praefari
711 951 749 1006 ali
774 950 822 1007 nid
848 948 945 1012 debeo,

122 1023 212 1078 utvcl
237 1023 411 1079 delibiiaeet
446 1025 474 1079 in
494 1025 695 1093 compendium
725 968 844 1078 redacte
872 1020 946 1076 viam

122 1101 252 1149 steriinnt
265 1095 299 1150 ad
322 1095 540 1165 percurrendam
567 1095 660 1151 tutius
676 1095 877 1165 antiquitatem
894 1103 946 1147 nn·

121 1164 272 1291 dequaque
289 1166 415 1222 tenebris
429 1165 603 1222 obvolutam.

157 1234 183 1289 ‘.
201 1236 327 1292 Historia
354 1238 446 1309 igitur
470 1237 558 1308 hujus
582 1236 739 1293 voluminis
758 1234 948 1305 comprehen-

121 1307 165 1363 dit
193 1309 281 1364 unius
305 1315 332 1364 et
355 1310 474 1380 triginta
496 1323 673 1364 summorum
691 1308 868 1378 pontificum,
890 1304 945 1361 aS.

121 1380 260 1449 Gregorio
283 1381 385 1451 ldagno
412 1381 446 1436 ad
480 1381 654 1450 Stephanum
683 1382 729 1445 lli,
748 1379 820 1435 alias
844 1378 887 1440 IV,
903 1390 947 1432 res

122 1457 199 1522 gesta
213 1451 259 1521 (li).
276 1453 381 1507 Horum
398 1466 464 1522 pars
476 1450 638 1507 virtutibus
649 1451 776 1517 eximiis,
787 1463 852 1520 pais
864 1449 947 1504 laude

122 1521 296 1586 sanctitatis,
315 1522 470 1578 immortali
489 1524 625 1578 memoria
639 1523 720 1593 digni
737 1530 805 1578 sunt
820 1541 827 1591 3
840 1521 947 1591 quippe

122 1593 172 1664 qni
202 1592 361 1663 laboribus,
386 1594 449 1663 ilde,
482 1595 654 1663 constantia,
687 1595 797 1650 ltaliam
822 1605 944 1661 omnem,

123 1664 221 1720 urbem
244 1665 360 1721 Romani
376 1672 404 1721 et
418 1665 604 1735 apostolicam
619 1666 712 1722 sedem
733 1671 794 1721 tum
808 1678 824 1720 a
847 1677 944 1735 regum

123 1735 385 1807 Langobardorum,
427 1737 595 1807 plerumque
621 1739 806 1805 atrianorum,
835 1733 946 1792 tumab

1003 520 1134 588 straiitia,
1142 534 1230 591 eaque
1239 519 1279 576 vel
1291 519 1399 589 injuria
1409 523 1577 589 temporum,
1585 517 1626 573 vel
1637 514 1831 571 librariorum

1003 591 1133 647 socordia
1146 593 1297 662 depravata
1312 596 1339 646 et
1358 596 1491 658 corrupta
1508 608 1515 660 3
1532 603 1581 658 per
1605 588 1704 644 eadem
1721 592 1830 667 tamen,

1001 660 1143 718 adhibitis
1160 664 1276 731 optima
1291 667 1363 718 nota
1384 661 1544 728 codicibus,
1559 661 1681 730 ipsoque
1693 667 1830 713 acumine

1003 733 1123 805 ingenii,
1139 734 1305 804 additisque
1324 732 1553 803 praeclarissimis
1576 729 1756 811 observatis,
1771 740 1828 785 non

1003 805 1089 860 semel
1111 806 1192 861 docet
1217 804 1424 860 remotissimas
1448 804 1516 859 hinc
1537 808 1634 859 aetatm
1655 800 1728 883 pede
1749 797 1828 855 inol-

1003 875 1082 931 ienso
1105 889 1281 946 percurrere.
1298 877 1433 931 Praeterea
1449 880 1565 931 caeteros
1576 875 1654 930 inter
1668 879 1827 954 scriptores

1002 953 1119 1013 veteres,
1142 955 1285 1004 auctorem
1301 946 1434 1002 ltiscellae
1457 961 1489 1003 ac
1506 944 1623 1001 Paulum
1646 940 1825 998 Warnelridi

1002 1025 1189 1089 cognomento
1214 1021 1369 1075 Diaconum
1392 1020 1425 1074 ad
1450 1019 1614 1088 primaevum
1644 1014 1825 1097 splendorem

1003 1091 1162 1159 restitutos,
1179 1095 1207 1146 et
1222 1091 1337 1146 Librum
1360 1089 1553 1146 Pontificalem
1572 1087 1659 1160 vulgo
1684 1085 1824 1142 tributum

1002 1161 1154 1218 Anastasio
1169 1175 1233 1218 cuin
1248 1168 1371 1232 quatuor
1385 1162 1466 1217 codd.
1483 1175 1517 1216 ex
1532 1158 1669 1215 biblioth.
1692 1156 1822 1213 Ambros.

1003 1247 1060 1288 iar.
1077 1233 1140 1288 lect.
1168 1235 1197 1290 in
1220 1234 1310 1289 lucem
1332 1233 1428 1302 edens,
1444 1230 1532 1288 lacem
1548 1231 1623 1287 band
1639 1229 1731 1286 dubie
1752 1241 1825 1311 prai-

1002 1302 1057 1360 lert
1071 1306 1260 1376 antiqnitates
1271 1304 1357 1359 italas
1369 1303 1555 1373 perlustranti
1571 1300 1825 1358 multodilucidio

1003 1389 1061 1431 rem
1075 1391 1160 1446 quam
1173 1390 1229 1447 qna
1245 1376 1290 1432 usi
1306 1382 1374 1430 sunt
1389 1382 1514 1432 nostiam
1527 1381 1637 1430 aetatem
1655 1375 1822 1443 praeeuntes.

1001 1448 1072 1502 ilinc
1085 1454 1128 1503 cst
1144 1450 1218 1519 quod
1244 1448 1408 1503 Vaticanum
1429 1447 1501 1503 hanc
1516 1454 1642 1502 nostram
1655 1444 1821 1527 editionem,

1001 1520 1120 1587 optimis
1134 1525 1176 1576 tot
1191 1517 1542 1575 codicibusadoctissimo
1558 1515 1680 1587 praesule
1694 1516 1821 1597 ditatam,

1001 1589 1217 1660 locupletiorem
1235 1591 1349 1661 prodire
1365 1589 1441 1646 volui
1454 1590 1563 1646 additis
1578 1592 1823 1667 praestantissimis

1001 1668 1127 1734 quatuor
1148 1661 1346 1719 ambrosianis
1368 1673 1401 1717 eii
1431 1662 1487 1717 viri
1516 1661 1642 1731 ejusdem
1666 1656 1820 1714 clarissimi

1001 1734 1128 1790 editione
1150 1736 1292 1802 decerptis
1310 1734 1344 1789 ad
1360 1732 1528 1801 pontihcnm
1552 1742 1707 1802 rerumque
1729 1734 1820 1801 gesta-

124 1808 327 1876 imperatorum
339 1808 480 1876 Orientis,
496 1815 841 1879 perquamrarosnnctam
851 1807 945 1862 sedem
962 1798 988 1859 B
1003 1820 1065 1861 rum
1091 1812 1216 1873 tempora
1237 1806 1349 1862 drmius
1371 1803 1555 1860 stabilienda.
1578 1804 1667 1871 Quem
1691 1797 1820 1857 etiamad

121 1884 149 1934 et
161 1878 269 1934 Christi
286 1880 425 1935 vicarium
443 1878 632 1936 reverentium
647 1881 767 1948 saevitie,
783 1878 944 1951 tyrannide,

123 1949 286 2018 impeietate
299 1951 368 2006 tuiti
389 1957 457 2007 sunt
472 1970 480 2021 3
498 1965 596 2007 eorum
621 1964 676 2008 non
702 1952 784 2021 pauci
802 1952 831 2006 in
846 1949 947 2004 multis

121 2021 270 2090 aerumnis,
282 2022 626 2092 deportationeeiisiliio,
634 2029 732 2087 morte,
740 2021 910 2079 catholicam
918 2019 947 2074 ii·

121 2091 185 2147 dem
197 2094 298 2161 etjura
312 2102 416 2149 sanctae
428 2095 505 2151 sedis
514 2094 709 2150 vindicarunt.
719 2095 800 2149 Italia
813 2098 946 2165 preterea

121 2163 226 2229 omnis,
243 2179 292 2221 nec
301 2166 386 2221 semel
394 2167 559 2236 homaipsa.
570 2167 696 2237 provita,
706 2180 755 2236 pro
764 2165 882 2234 laribus,
896 2177 946 2233 pro

122 2235 259 2299 fortunis,
271 2251 320 2305 pro
331 2237 607 2295 liberisdlmicantes
617 2258 624 2308 3
633 2239 878 2295 necnonhomines
888 2250 946 2308 per·

121 2307 947 2382 ditissimidivinaomniaethumanaviolantesatqueever·

122 2384 224 2440 tentes,
233 2379 276 2434 vel
289 2379 439 2436 visibilein
450 2383 793 2453 Ecclesiaecapntchristi
805 2383 946 2439 vicarium

122 2463 224 2506 manus
241 2450 344 2520 impias
357 2454 554 2509 extendentes:
567 2468 637 2509 nova
649 2454 803 2511 Ecclesiam
818 2454 944 2521 haeresis,

123 2535 201 2577 novae
215 2523 429 2589 persecutiones
443 2525 633 2596 exagitantes,
649 2526 714 2582 novi
730 2539 790 2580 eam
812 2532 947 2596 martyres

121 2592 534 2662 etconfessuresillustrantes3
543 2597 807 2651 nascentiademum
817 2596 946 2666 imperia,

121 2671 149 2719 et
169 2677 319 2734 regnorum
338 2666 461 2731 excidia,
477 2669 572 2736 quarti
585 2666 672 2735 hujus
685 2667 842 2722 voluminis
859 2674 948 2723 mate·

122 2735 163 2791 ria
177 2741 253 2790 sunt.
268 2734 357 2804 Quam
369 2738 582 2792 moestissimam
594 2736 785 2807 lacrymisque
801 2737 948 2806 proteren-

120 2806 185 2861 dam
201 2806 363 2869 historiam,
379 2808 479 2878 majori
497 2822 530 2863 ex
546 2815 624 2877 parte
640 2808 668 2862 in
686 2807 771 2864 Libro
785 2808 947 2866 Pontldcali

120 2883 280 2933 enarratam
296 2891 348 2946 ego
364 2890 413 2947 per
439 2892 529 2935 annos
550 2878 669 2951 digessi,
694 2885 726 2935 ut
749 2879 945 2936 calamitatum

120 2953 275 3003 emscerta
289 2948 449 3004 haberetur.
466 2951 604 3007 Caeterum
620 2963 654 3006 ne
674 2951 858 3020 principium,
877 2965 946 3021 pro-

120 3019 241 3089 secutio,
250 3022 356 3086 exitus,
367 3022 475 3093 tragica
483 3022 579 3077 omnia
588 3028 695 3091 essent,
703 3035 736 3078 eo
745 3023 944 3093 usqueseriem

120 3103 216 3145 rerum
240 3091 370 3158 perduxi,
394 3094 486 3163 quoad
505 3093 653 3149 invisibile
669 3095 763 3161 ipsum
779 3101 866 3162 capnt
888 3096 945 3150 Ec-

1003 1877 1086 1933 llnem
1112 1876 1232 1932 adhibui
1257 1880 1319 1935 cod.
1343 1876 1561 1936 celeberrimum
1583 1871 1821 1929 Farnesiannme

1002 1947 1117 2005 schedis
1145 1948 1362 2006 blanchinianis
1395 1959 1572 2017 expressum,
1608 1949 1636 1999 et
1658 1942 1818 2013 catalogum

1002 2022 1188 2076 veronensem
1221 2020 1256 2075 ab
1292 2020 1493 2078 eruditissimo
1522 2017 1549 2071 P.
1584 2013 1706 2085 tosepbo
1737 2014 1819 2095 Bian-

1001 2093 1089 2149 chino
1102 2091 1210 2147 editum
1235 2094 1265 2148 iii
1287 2091 1508 2165 Proiegomenis,
1530 2088 1580 2161 qui
1602 2088 1699 2170 varias
1722 2084 1818 2171 lectio-

1003 2179 1052 2221 nes
1076 2163 1198 2219 alterins
1219 2165 1323 2235 codici,
1348 2178 1446 2234 nempe
1468 2161 1661 2221 vallicellani,
1682 2159 1817 2242 adiunxit.

1002 2239 1042 2293 ita
1059 2242 1090 2291 nt
1112 2244 1233 2305 (quartus
1252 2238 1300 2293 hic
1329 2244 1423 2293 tonius
1447 2235 1595 2291 additione
1619 2246 1670 2288 sex
1693 2229 1816 2286 codicum

1000 2308 1315 2437 grestantissimorum.
1331 2309 1422 2365 ditior
1444 2308 1569 2383 vulgatis
1590 2307 1622 2361 in
1641 2305 1733 2361 lucem
1755 2316 1817 2374 pro-

1021 2386 1074 2437 eat.

1037 2450 1062 2508 l.
1092 2451 1165 2521 Quid
1194 2467 1260 2510 vero
1281 2454 1427 2526 ‘igravius
1447 2453 1537 2509 multo
1563 2450 1775 2508 incommodum
1794 2452 1817 2504 ct

1003 2526 1153 2580 nostriset
1168 2527 1328 2597 peregrinis
1340 2526 1424 2582 rebus
1437 2525 1556 2594 eruditi,
1574 2525 1603 2579 in
1628 2536 1706 2589 uam,
1727 2533 1816 2577 recen-

1002 2598 1090 2652 tiores
1106 2602 1148 2651 tot
1161 2602 1274 2667 tamque
1287 2598 1376 2652 variis
1392 2597 1544 2652 sententiis
1553 2539 1727 2678 attulerunt,
1740 2605 1813 2674 quani

1002 2668 1065 2737 ipsa
1080 2667 1227 2723 barbaries
1243 2669 1501 2741 Langobardorum.
1517 2667 1553 2723 Ut
1566 2679 1644 2722 enim
1665 2668 1702 2720 de
1716 2670 1816 2719 caeteris

1002 2739 1113 2799 sileain.
1130 2752 1144 2792 e
1157 2753 1220 2794 mox
1230 2739 1494 2807 laudatisantiquis
1506 2735 1815 2807 scriptoribusauclore

1004 2809 1080 2865 Libri
1090 2811 1275 2866 l‘ontilicalis.
1283 2808 1730 2879 ctl'auliiWarnelridiquisnam
1742 2804 1816 2862 hodic

1001 2881 1117 2936 ueritati
1135 2881 1232 2937 aditus
1248 2882 1369 2951 pateat‘l
1387 2882 1578 2937 Romanorum
1600 2878 1718 2936 scilicet
1730 2882 1815 2962 elata

1002 2951 1170 3022 pontilicum
1185 2953 1295 3009 eLibro
1311 2953 1471 3010 Pontiticali
1499 2952 1657 3015 Panvinus,
1670 2950 1812 3016 Beronum,

1000 3022 1221 3092 Papebrocbiiis,
1239 3025 1343 3096 Pagins
1353 3028 1509 3080 eruerunt:
1524 3028 1554 3078 at
1567 3036 1654 3150 quani
1672 3035 1736 3078 raro
1750 3032 1815 3077 una·

1001 3094 1168 3150 nimcssunt
1179 3097 1194 3150 i
1207 3096 1246 3151 Ex
1260 3097 1449 3152 Pauloautem
1463 3096 1569 3151 Warne
1584 3093 1646 3150 redi
1660 3090 1814 3166 Langoba-

119 3160 215 3216 clerlae
235 3162 369 3219 Christus
392 3178 442 3233 pro
456 3165 553 3220 eadem
570 3177 700 3235 pugnans
715 3165 745 3220 iii
762 3178 847 3220 manu
863 3164 942 3234 initi,
958 3169 982 3230 c
998 3165 1100 3221 dorum
1127 3179 1223 3238 regum
1252 3168 1402 3223 historiam
1427 3181 1483 3237 prie
1496 3167 1564 3222 aliis
1577 3166 1760 3238 Peregrinus,
1773 3163 1815 3219 si-

118 3233 276 3360 Balentium
293 3234 541 3304 Langobardorum
557 3237 661 3291 evertit
672 3250 704 3291 ac
720 3235 942 3305 lerecontrivit3

144 3304 277 3361 rientalis
293 3305 408 3375 imperii
421 3307 507 3376 vires,
520 3307 688 3377 quaeailhuc
704 3308 732 3362 in
747 3307 944 3377 ltaliasnper-

118 3382 210 3440 erant,
234 3375 332 3445 eiectis
362 3378 504 3444 exarchis,
528 3379 644 3448 penitus
666 3378 943 3447 delevit3ditionem

118 3446 383 3517 apostolicaesedis,
400 3449 533 3522 angustis
548 3456 631 3505 antea
642 3449 750 3504 linibus
763 3450 945 3505 circumscri-

119 3521 206 3587 ptam,
222 3519 367 3587 protendit
382 3537 390 3588 3
404 3534 537 3577 coronam
552 3520 726 3589 augusteam
746 3520 818 3576 male
831 3520 945 3578 haeren-

119 3594 174 3644 tem
190 3588 335 3646 lrontibns
349 3590 541 3648 Orientalium
556 3592 775 3648 inOccidentem
785 3594 943 3661 revocavit3

117 3671 208 3730 eaque
229 3674 376 3730 persuum
391 3664 530 3719 vicarium
558 3664 706 3733 piissimos
721 3664 846 3720 Francia¹
867 3679 945 3736 reges

999 3237 1113 3307 genius,
1147 3238 1300 3307 Panvinus,
1340 3240 1489 3306 baronius,
1524 3237 1640 3310 Pagius.
1666 3234 1829 3318 Bacchium,

999 3321 1108 3363 sumnia
1122 3322 1186 3364 cuni
1201 3309 1355 3380 diligentia
1370 3314 1542 3366 texueruntz
1559 3317 1589 3365 at
1602 3314 1740 3380 quantam
1750 3310 1815 3362 inter

999 3391 1047 3434 eos
1058 3379 1291 3449 discrepantiam,
1306 3388 1375 3451 quot
1391 3382 1514 3438 dissidia
1531 3394 1582 3436 nos
1598 3380 1706 3449 posteri
1722 3378 1815 3457 deprc3

1000 3449 1154 3506 hendimus
1172 3450 1186 3504 i
1202 3451 1321 3507 Perinde
1340 3459 1384 3508 est
1402 3454 1437 3509 de
1460 3456 1577 3509 anctore
1604 3449 1751 3521 Miscellae,
1772 3461 1814 3518 qni

999 3534 1063 3577 cuin
1089 3522 1118 3577 in
1143 3524 1278 3578 extremis
1294 3523 1379 3578 libris
1399 3524 1599 3593 Theophanem
1624 3519 1814 3593 exscripserit,

1000 3592 1102 3648 merito
1117 3606 1132 3648 a
1146 3593 1498 3665 baronioutThecphanes
1508 3593 1654 3663 laudatur,
1666 3607 1732 3650 cuni
1743 3590 1814 3648 llliiit

997 3662 1260 3734 Chronogrnphiam
1276 3666 1343 3733 GL,
1354 3673 1507 3736 postsuam
1518 3672 1637 3722 mortem
1653 3664 1814 3737 evulgatam,

118 3732 241 3786 ornavit.
266 3732 346 3802 Quod
370 3733 517 3800 ultimum,
540 3748 640 3804 nempe
654 3734 820 3791 Occidentis
833 3736 945 3792 exciti·
999 3747 1056 3789 non
1070 3735 1184 3791 viderit.
1200 3736 1289 3792 hlnlta
1303 3739 1378 3806 apud
1400 3745 1545 3794 auctorem
1561 3738 1653 3794 istum
1668 3738 1815 3793 occurrunt

118 3807 179 3857 tum
196 3802 360 3872 imperium,
374 3806 486 3859 tametsi
505 3804 697 3860 hocvolumen
710 3805 784 3861 haud
801 3806 946 3876 amplecti·
1000 3819 1063 3876 quae
1085 3806 1159 3862 alios
1186 3808 1215 3863 in
1240 3809 1410 3865 sententiam
1437 3810 1523 3865 aliam
1544 3808 1587 3864 ire
1602 3810 1768 3882 coegerunt
1789 3801 1813 3859 h

118 3875 177 3941 tur,
194 3873 302 3942 quippe
317 3873 401 3927 linem
416 3873 500 3929 babet
513 3875 608 3930 Caroli
625 3875 718 3946 blagni
733 3877 809 3941 regis
820 3878 945 3932 Francia
999 3889 1064 3931 vero
1083 3879 1240 3946 praesertim
1258 3885 1356 3936 notatu
1378 3881 1498 3951 dignuin
1513 3885 1557 3937 est
1574 3880 1683 3948 visum,
1700 3876 1773 3963 quod
1784 3874 1813 3931 ab

118 3954 195 3997 anno
213 3944 304 4010 primo
321 3957 405 4011 3cum
430 3950 522 3999 tamen
537 3944 795 4069 apostolicaesedis
810 3946 941 4016 gloriam,
999 3947 1101 4003 ultimo
1117 3963 1190 4006 anno
1202 3951 1300 4007 Phocea
1312 3966 1356 4007 res
1373 3952 1516 4022 pervertit
1529 3964 1626 4008 annuo
1642 3954 1748 4021 spatio,
1764 3958 1813 4004 rent

118 4013 181 4079 ejus
195 4013 308 4069 ditione
322 4013 512 4084 undequaque
527 4016 556 4070 di
571 4020 658 4084 atate,
674 4016 747 4071 idem
764 4016 892 4075 Carolus.
912 4025 944 4074 ut
1000 4017 1207 4077 inobservatam
1218 4024 1348 4078 baronio.
1359 4025 1448 4079 Primi
1461 4023 1536 4078 hiinc
1548 4022 1814 4079 metachronismum

119 4083 165 4137 sni
205 4085 437 4153 praedecessores,
477 4092 629 4157 antequam
667 4088 822 4157 imperator
852 4088 940 4159 lieret,
997 4089 1246 4158 deprehenderunt
1261 4095 1318 4149 viri
1332 4094 1493 4150 doctissimi
1511 4094 1716 4150 henschenius
1730 4098 1813 4161 etpi-

118 4156 241 4209 summis
269 4153 381 4210 viribus
395 4157 562 4223 asseruerit,
578 4159 662 4226 cujus
674 4159 713 4214 rei
728 4159 875 4228 premium
889 4159 942 4214 im·
998 4160 1192 4229 pebrocblus„
1205 4163 1255 4219 ilie
1268 4166 1297 4220 iii
1313 4166 1430 4236 Exegesi
1447 4165 1483 4220 de
1496 4165 1524 4220 S.
1536 4164 1722 4235 Theophanis
1731 4162 1815 4219 Obro-

119 4225 192 4294 peili
217 4233 312 4293 postea
333 4238 467 4281 coronam
487 4228 606 4296 accepit,
630 4228 697 4284 hinc
718 4229 941 4299 disjungendum
997 4232 1260 4302 nographia,bicin
1279 4232 1812 4307 conatuHistoricochronologdton.

119 4307 176 4349 noii
189 4309 250 4351 esse
265 4294 424 4352 arbitratus
438 4311 513 4361 sum,
531 4304 562 4352 nt
585 4298 642 4354 laeti
663 4298 733 4356 adeo
745 4300 812 4355 linis
837 4302 942 4357 mentio
997 4304 1032 4358 lli
1043 4304 1136 4369 licet,
1150 4310 1178 4361 et
1190 4303 1207 4361 6
1219 4307 1309 4373 Moti),
1330 4314 1358 4363 et
1373 4314 1493 4379 uterque
1512 4308 1547 4363 ad
1570 4313 1732 4364 extremum
1745 4304 1814 4361 Con·

119 4366 371 4422 mestissimainm
384 4381 477 4424 rerum
494 4370 658 4425 memoriam
673 4370 790 4426 deleret.
996 4374 1599 4448 scintinieopronymiannumcmisti‘llb,
1616 4378 1812 4447 perduxerunt

153 4434 180 4492 3.
196 4436 290 4493 Talem
313 4451 378 4494 voro
399 4452 432 4496 ac
455 4441 635 4496 tamvariam
664 4441 814 4498 historiam
840 4443 941 4500 merito
996 4443 1098 4500 Contra
1122 4448 1265 4505 hiitonius
1293 4451 1397 4517 Pagius
1425 4463 1483 4506 rem
1513 4450 1548 4506 ab
1578 4450 1618 4507 iis
1645 4448 1813 4505 observatam

117 4507 194 4565 dolet
221 4509 361 4565 baronius
385 4510 512 4566 tenebris
533 4511 694 4569 obvolutam
714 4530 724 4596 3
748 4520 826 4569 tanta
850 4515 937 4583 enim,
996 4514 1117 4571 laudans
1136 4532 1168 4573 ac
1184 4521 1313 4575 severius
1336 4521 1507 4590 expendens,
1523 4520 1659 4577 observat
1673 4521 1749 4575 Theo
1768 4516 1814 4573 ba·

84 4580 239 4658 ¹septimo
259 4582 416 4651 praesertim
439 4581 553 4652 saeculo,
577 4583 740 4655 ignorantia
758 4583 937 4641 Occidentem
995 4599 1057 4641 nem
1077 4593 1151 4644 recte
1170 4592 1340 4673 consignare
1363 4591 1436 4647 solis
1456 4592 1589 4662 eclipsim
1616 4605 1697 4649 anno
1764 4598 1814 4642 .at

117 4647 175 4707 iere
187 4656 279 4708 totum
296 4659 466 4724 pervaserat,
484 4660 516 4709 ut
538 4654 642 4711 litterae
661 4655 776 4724 penitus
792 4657 939 4713 interiisse
995 4658 1113 4725 proinde
1130 4660 1244 4717 inviam
1262 4662 1343 4718 illum
1356 4664 1451 4719 redire
1468 4670 1532 4734 post
1541 4658 1814 4720 erroremBLanno·

116 4722 291 4779 viderentur.
309 4726 339 4780 in
365 4725 476 4781 ltaliam
494 4727 637 4796 precipue
659 4726 686 4781 id
704 4726 808 4783 malum
825 4729 940 4784 advexit
992 4732 1813 4807 rumcontendit.ileindeadConstantinnmCopronyumn

114 4791 270 4850 descensus
285 4796 546 4868 Langobardorum,
560 4798 610 4868 qui
626 4796 753 4867 amplius
765 4797 810 4853 bis
825 4806 937 4856 centum

115 4867 200 4921 annis
214 4880 275 4921 eani
291 4868 320 4922 vi
336 4875 364 4923 et
378 4869 468 4925 armis
484 4870 681 4938 possederunt.
708 4870 827 4925 Nostras
847 4880 939 4926 tamaii

115 4949 161 4992 res
184 4936 322 4995 dolendas
348 4942 439 5012 magis
462 4937 574 4996 iaciunt
587 4940 777 4996 recentiorum
805 4941 940 5011 dissidia,

117 5021 201 5078 quam
226 5015 353 5066 veterum
374 5013 550 5081 scriptorum
575 5012 682 5082 inopia.
704 5013 739 5066 Et
753 5025 821 5068 sane
841 5013 941 5084 ingens

117 5086 367 5137 monumentorum
403 5084 495 5154 copia,
522 5088 564 5140 tot
590 5083 738 5153 opuscula,
778 5084 939 5157 privilegia,

995 4799 1123 4871 veniens,
1137 4816 1171 4858 ne
1186 4804 1220 4858 ad
1243 4805 1512 4863 metachronismum
1532 4806 1658 4863 rediisse
1671 4804 1813 4875 Theopba·

996 4884 1059 4925 nem
1075 4886 1139 4928 cum
1151 4875 1411 4932 virisdoctissimis
1422 4876 1601 4943 latentur,de
1622 4882 1813 4934 raiatnmessc

996 4942 1039 4997 ait
1049 4943 1303 5015 Chronographum
1320 4954 1379 5003 toto
1391 4949 1576 5019 imperatoris
1589 4892 1810 5029 ifliustemport·

995 5014 1136 5071 Atdebis
1153 5014 1227 5071 inira
1253 5017 1360 5073 redibit
1381 5033 1485 5076 sermo.
1516 5022 1580 5077 liaec
1601 5033 1670 5076 cum
1687 5020 1728 5076 ita
1752 5020 1811 5081 sint,

996 5097 1078 5141 nenio
1092 5100 1147 5142 non
1157 5087 1234 5143 videt
1245 5090 1418 5147 recentiores
1432 5091 1520 5162 ipsos,
1538 5105 1590 5163 pro
1604 5104 1639 5149 eo
1654 5096 1688 5149 ut
1697 5086 1812 5147 tenebris

116 5148 232 5216 charte,
255 5152 435 5221 donationes,
455 5162 484 5210 et
510 5155 538 5210 id
568 5168 658 5227 genus
682 5156 852 5211 documenta
877 5170 939 5224 quai

115 5216 148 5273 V.
163 5221 205 5276 ct.
223 5223 383 5279 Ludovicus
411 5226 554 5281 Antonius
576 5226 726 5294 bturatori,
757 5225 939 5282 bibliothecae

116 5288 228 5347 Estensi
257 5293 416 5364 praelectus,
446 5298 474 5351 iii
501 5296 591 5352 lucem
608 5297 701 5352 edidit
728 5306 823 5353 nostra
846 5305 938 5369 aetrite,

117 5355 198 5416 fldem
222 5363 332 5422 iaciunt
358 5365 433 5437 quod
464 5372 610 5438 utcunque
648 5369 747 5438 inopes
777 5368 938 5426 litterarum

117 5432 239 5501 majores
254 5438 344 5494 nostri
366 5445 459 5493 tamen
482 5451 545 5507 que
565 5440 629 5495 suis
644 5439 822 5510 temporibus
835 5453 940 5496 evene-

18 5536 22 5543 ·
117 5507 194 5573 runt,
210 5516 308 5561 eorum
330 5508 495 5564 memoriam
508 5506 542 5563 ad
560 5522 612 5566 iios
632 5512 828 5568 transmittere
843 5512 937 5568 conati

116 5581 194 5629 sunt.
223 5576 329 5646 Negare
344 5593 399 5634 non
415 5580 521 5648 ausim,
549 5581 624 5650 quod
648 5583 791 5637 maximus
814 5583 862 5639 liic
889 5598 939 5639 as-

116 5645 323 5703 sertorltalicae
334 5648 594 5718 gloi‘iaeadmodum
605 5664 669 5707 rara
680 5651 939 5721 protuleritmonu·

150 5750 187 5826 (a)
199 5752 302 5809 Lucem
321 5766 377 5810 non
392 5754 467 5813 vidit
476 5757 539 5830 boc,
559 5758 595 5816 de
610 5771 666 5831 quc
685 5758 713 5815 lo
735 5757 816 5814 uitur
837 5759 937 5833 Conni,

113 5824 250 5895 mirram
273 5829 302 5889 ct
323 5822 460 5890 attiniaci
472 5829 617 5894 notamen.
632 5832 699 5895 Etitt
714 5773 836 5894 ‘leram

994 5155 1158 5213 obvolutam
1176 5158 1326 5214 historiam
1342 5161 1529 5226 illustrarint,
1543 5164 1777 5220 conatosesseut
1788 5160 1812 5212 it

996 5227 1104 5283 incerto
1117 5242 1178 5284 eain
1191 5230 1281 5301 magis
1297 5234 1445 5303 magisque
1460 5234 1582 5304 positam
1599 5234 1810 5295 confirmarent3

994 5313 1057 5368 quie
1071 5314 1115 5355 res
1131 5308 1270 5370 quantum
1288 5304 1395 5376 negotii
1410 5317 1443 5360 ac
1459 5306 1582 5374 periculi
1599 5303 1741 5362 scribenti
1750 5298 1810 5359 alic·

995 5376 1048 5434 rat,
1066 5385 1120 5426 non
1134 5380 1177 5427 ost
1189 5375 1350 5442 petendum.
1790 5442 1795 5454 ,

1029 5439 1056 5496 5.
1071 5443 1107 5496 Ea
1125 5451 1240 5513 propter
1260 5446 1309 5514 qui
1338 5452 1433 5503 nostra
1456 5453 1538 5505 aetate
1561 5463 1608 5506 res
1628 5452 1725 5505 certas
1745 5458 1811 5501 scri·

994 5511 1059 5567 bere
1074 5528 1123 5581 pro
1139 5515 1218 5570 virili
1235 5518 1420 5580 contendunt,
1434 5521 1552 5590 rejectis
1563 5520 1693 5578 aliorum
1714 5518 1806 5575 obser·

995 5584 1079 5650 vatis,
1097 5587 1233 5654 praesidio
1247 5596 1496 5647 monumentorum
1512 5596 1641 5649 veterum
1657 5592 1702 5648 uti
1717 5588 1809 5647 soient

994 5655 1101 5711 Horum
1118 5669 1171 5726 ope
1184 5657 1374 5716 doctissimus
1388 5662 1492 5731 presul
1513 5662 1704 5733 blanchinus,
1720 5658 1812 5718 notia

991 5760 1177 5895 Pa(Tblloffilnd
1205 5776 1267 5838 nos,
1304 5766 1430 5827 medium
1463 5770 1534 5826 tonii
1568 5768 1703 5830 secuml.
1740 5766 1809 5825 linit.
