3892 6136
133 227 199 287 i38t

547 232 705 290 HISTORIA
724 235 769 289 bh
789 233 874 290 vitis
896 233 979 290 noti.
1002 234 1100 290 honr.
1116 265 1142 276 -
1166 236 1195 291 S.
1215 234 1419 292 CORNELIUS.

1766 227 1837 289 ⁴382

168 355 273 409 Prater
298 355 453 411 concilium
476 356 634 413 Romanum
656 372 672 414 a
692 364 790 416 sancto
813 359 954 442 Cornelio,
969 361 997 421 A
1011 359 1116 430 clesiae,
1128 365 1155 416 et
1168 360 1273 416 nodum
1289 358 1371 414 illum
1388 356 1514 414 unitatis
1528 356 1683 413 dissolvere
1693 363 1744 413 aut
1753 355 1837 412 iran-

132 439 229 482 mense
263 425 379 481 Octobri
407 428 476 482 anni
509 429 698 486 ducentesimi
724 431 954 503 quinquagesimi

133 499 220 567 primi
240 501 338 552 contra
360 499 550 554 Novatianum
575 506 602 556 et
621 515 755 572 sequaces
770 502 954 571 celebratum,

130 570 166 625 de
181 581 239 638 quo
249 567 393 637 superius,
405 570 511 625 aliuda
525 578 623 627 sancto
633 573 775 642 Cypriano
785 573 956 645 Carthagine

132 639 953 715 mensehlaioanniducentesimiquinquagesimisecundi

129 715 273 778 coactum,
291 710 395 781 inquo
416 711 566 768 delinitum
587 719 630 769 est
648 714 737 785 lapsis
750 716 872 772 dandam
895 728 956 771 esse

130 795 239 851 pacem,
255 789 367 850 peracta
381 783 547 851 poeniientia
570 784 651 854 plena
666 792 694 841 ct
707 786 856 843 dinturna.
877 787 956 842 Tau-

129 853 195 908 dem
217 857 281 922 post
306 860 423 909 mortem
448 853 527 910 Fabii
552 855 721 912 antiocheni
737 857 873 928 episcopi
902 857 953 926 qui

128 924 282 979 Novatiani
320 924 452 993 partibus
480 926 568 982 nimis
596 925 716 997 favebat,
742 930 952 998 Demetrianus,

128 995 194 1063 eius
208 1008 367 1056 successor.
392 996 488 1051 eodem
506 1010 581 1055 anno
593 999 789 1056 ducentesimo
805 1001 955 1070 quinqua-

128 1067 240 1191 gesimo
256 1067 391 1135 secundo,
409 1068 547 1138 synodum
568 1075 667 1125 contra
681 1072 870 1127 Novatianum
885 1071 955 1127 cele·

150 1137 232 1204 ravit,
244 1138 329 1206 cujus
343 1139 474 1194 meminit
487 1138 603 1196 libellus
618 1143 782 1211 synodicus.
802 1142 881 1212 Quod
898 1156 955 1198 au-

128 1212 186 1264 teni
202 1208 294 1279 aliqui
314 1210 470 1278 scriptores
494 1212 620 1281 tradunt,
641 1213 721 1269 aliud
735 1214 903 1282 concilium,
924 1213 954 1268 in

127 1278 213 1335 ltalia
232 1286 331 1335 contra
343 1281 473 1336 eumdem
495 1283 657 1353 antipapam
674 1289 803 1340 coactum
825 1298 885 1340 esse
901 1283 954 1340 sub

126 1349 272 1419 Cornelio,
293 1350 397 1406 nullibi
423 1352 450 1407 id
474 1351 596 1423 legitur;
621 1355 669 1410 sed
686 1356 790 1424 solum,
813 1357 954 1425 quianon

129 1423 215 1492 pauci
240 1422 269 1476 in
295 1421 378 1478 ltalia
404 1423 529 1491 episcopi
550 1426 674 1481 concilio
694 1427 819 1482 Romano
840 1426 956 1481 minime

128 1491 333 1562 interfuerant,
348 1493 512 1550 Cornelium
537 1509 635 1552 eorum
663 1510 776 1567 quoque
797 1498 955 1553 sententias

127 1564 250 1619 seorsim
264 1563 435 1634 postulasse,
447 1566 523 1622 unde
532 1567 689 1624 concilium
704 1567 833 1625 Italicum
849 1582 883 1625 eii
895 1568 956 1624 ilie

127 1635 414 1705 ronymoconbatum
431 1642 482 1693 est.

468 1741 634 1799 SOIIIIIIIIR.

164 1842 955 1920 Lineai5.-Epistotom.Nondissimulabohicpondus

125 1916 196 1973 addi
206 1921 235 1973 et
246 1917 379 1973 momenti
394 1917 551 1987 plurimum
564 1933 619 1975 non
633 1921 725 1977 solum
738 1936 752 1975 a
765 1923 955 1978 Protestanti-

127 1988 195 2051 bus,
211 2001 310 2044 verum
323 1988 432 2044 etiama
445 1992 595 2047 nonnullis
605 1992 799 2061 scriptoribus
813 2006 955 2050 enumero

126 2058 955 2133 catholicorum‚Cyprianiverbisinepistolaindicataita

125 2131 295 2199 conceptis:
314 2149 327 2182 i
341 2131 408 2199 Quae
420 2136 516 2188 autent
529 2146 616 2189 causa
628 2135 759 2190 veniendi
776 2135 913 2206 (Romam)
927 2142 955 2193 et

127 2200 408 2272 pseudoepiscopum
439 2209 538 2259 contra
568 2206 718 2276 episcopos
744 2203 850 2262 iactum
875 2221 955 2263 nuu-

126 2271 224 2328 tiandi
237 2271 316 2329 iiiut
325 2272 505 2343 euimplacet
516 2274 578 2331 illis
589 2278 663 2346 quod
675 2274 814 2339 iecerunt,
826 2284 855 2333 et
864 2279 893 2333 in
902 2292 955 2335 suo

128 2343 238 2411 scelere
261 2350 462 2412 perseverant:
482 2353 533 2402 aut
557 2347 581 2402 si
606 2347 742 2418 displicet
763 2353 791 2404 et
806 2350 952 2422 recedunt,

130 2413 232 2469 sciunt
246 2427 303 2483 quo
317 2420 505 2471 revertantur.
518 2418 586 2472 Nam
604 2433 668 2474 cuni
688 2423 826 2475 statutum
841 2421 880 2476 sit
890 2435 955 2477 om-

129 2483 219 2539 uibus
241 2484 335 2550 nobis,
351 2490 381 2540 et
400 2500 518 2558 aequum
538 2491 645 2558 pariter
660 2489 699 2544 sit
723 2502 756 2544 ac
777 2491 899 2559 iustum,
922 2499 955 2548 ut

128 2554 365 2626 unluscujusque
389 2570 476 2613 causa
497 2558 559 2613 illic
571 2559 708 2616 audiatur
724 2560 774 2615 ubi
790 2569 832 2617 est
844 2564 953 2619 crimen

1010 429 1834 503 gere.Constatutiquesanctumepiscopuminvehicontra

1013 503 1221 574 impudentiam
1238 501 1364 556 hostium
1375 512 1504 567 suorum,
1519 499 1570 569 qui
1587 499 1653 553 licet
1665 500 1765 568 perciti
1781 496 1835 555 Iul·

1014 575 1089 631 mine
1101 574 1312 630 anathematum
1328 571 1363 626 ob
1379 569 1485 627 scelera
1502 569 1623 636 notoria,
1641 570 1773 641 navigare
1786 583 1836 625 ati·
1934 581 1937 587 ·

1011 646 1079 702 dent
1093 646 1128 701 ad
1144 647 1217 701 Petri
1235 642 1398 699 cathedram
1414 645 1442 696 et
1466 639 1500 696 ad
1515 638 1668 695 Ecclesiam
1685 640 1835 709 principa-

1011 715 1076 784 lem,
1089 717 1123 772 ad
1148 729 1232 787 quam
1263 713 1364 770 erlidia
1381 710 1484 767 habere
1498 723 1554 766 non
1575 715 1667 780 potest
1678 723 1834 767 accessum.

1010 788 1171 844 Enimvero
1189 787 1233 842 his
1245 730 1383 855 quuendi
1400 780 1536 838 lormulis
1560 781 1603 837 uti
1619 785 1662 835 est
1677 782 1835 851 potiusju-

1010 859 1207 916 risdictionem
1229 871 1244 913 a
1266 868 1380 911 noscere
1395 859 1423 909 et
1435 852 1577 920 conbteri,
1593 864 1680 922 quam
1699 851 1836 936 repellere

1009 942 1042 986 ac
1056 930 1213 987 declinare.
1236 872 1355 996 guanilo
1370 926 1528 995 interrogat
1543 936 1596 978 cur
1611 922 1725 978 Romam
1752 937 1837 979 navi-

1009 1007 1084 1072 gent,
1106 1001 1178 1057 satis
1198 999 1316 1063 indIcat,
1335 998 1363 1053 in
1379 1009 1412 1053 ea
1426 1008 1456 1052 se
1471 1007 1527 1051 non
1539 1006 1601 1049 esse
1614 993 1757 1075 ¹sententia
1772 1008 1836 1120 quae

1008 1078 1117 1129 asserat
1131 1071 1205 1127 nihil
1218 1070 1253 1126 ad
1270 1071 1423 1124 Romanam
1438 1066 1531 1122 sedem
1566 1069 1691 1120 ertineie
1707 1065 1777 1120 dell
1792 1080 1837 1122 ri·

1008 1145 1089 1200 canis
1104 1142 1264 1215 (superiora
1274 1140 1350 1196 enim
1360 1139 1448 1208 repeti
1462 1079 1576 1206 postqu
1588 1149 1650 1217 quae
1662 1136 1832 1219 praecedenti

1009 1210 1296 1284 capiteattulimuslr
1326 1210 1373 1266 sed
1403 1210 1431 1264 iil
1464 1206 1614 1263 contendit
1639 1213 1742 1289 oratio,
1759 1209 1835 1276 quod
1862 1230 1864 1234 ’

1011 1276 1836 1356 sequentiademonstrant,utostendatinutilitatemelus

1012 1354 1198 1424 subterfugii,
1211 1355 1271 1410 sive
1289 1354 1467 1423 perseverent
1482 1350 1512 1404 in
1529 1347 1648 1431 scelere,
1663 1349 1739 1418 quod
1754 1348 1836 1405 nulla

1013 1429 1072 1484 indi
1095 1436 1122 1484 et
1138 1426 1313 1497 probatione,
1327 1418 1835 1491 siveresipiscantpoenitendo,quod

1011 1499 1041 1554 in
1057 1443 1154 1554 hIrica
1168 1503 1282 1570 prestat
1297 1494 1455 1561 ostendere,
1479 1491 1528 1547 ubi
1542 1490 1707 1573 scandalum
1723 1491 1836 1547 admis·
1874 1528 1877 1533 -

1010 1584 1074 1626 sum
1088 1569 1214 1640 reparari
1226 1567 1308 1624 debet
1323 1569 1477 1634 conspectu
1491 1566 1676 1634 poenitentiae.
1689 1559 1768 1644 Quod
1780 1574 1837 1617 aii-

1010 1647 1065 1696 tem
1079 1642 1160 1698 addit
1174 1643 1209 1698 de
1223 1639 1284 1695 loco
1296 1650 1388 1694 causae
1405 1633 1621 1704 pertractandae,
1642 1632 1678 1687 de
1705 1645 1836 1702 ipsorum

970 1723 997 1784 Β
1010 1712 1256 1773 condemnatione,
1268 1710 1302 1765 de
1315 1707 1488 1763 auctoritate
1500 1702 1701 1760 lliricanorum
1716 1702 1838 1760 antIsti·

1013 1788 1081 1851 tum,
1096 1797 1111 1839 a
1128 1775 1503 1854 quibusiueranty'udicati,
1518 1788 1551 1830 ac
1562 1775 1746 1856 degravitate
1763 1776 1837 1858 ipso·

1011 1869 1074 1911 rum
1099 1868 1226 1911 censurae
1251 1865 1306 1908 non
1332 1848 1521 1905 subvertenda
1539 1844 1652 1900 levibus
1671 1845 1706 1901 de
1725 1859 1834 1912 causis,

1010 1927 1179 1982 constantie
1194 1920 1364 1980 sacerdotali
1381 1919 1497 1974 minime
1510 1916 1711 1999 responsuris,
1725 1916 1753 1973 id
1770 1930 1836 1973 vero

1011 1997 1094 2067 longe
1118 1996 1227 2053 abesta
1250 1991 1454 2065 protestatione
1482 1996 1534 2043 aut
1556 1991 1732 2070 exceptio-ne,
1750 1986 1835 2070 quasi

1010 2069 1162 2124 contendat
1176 2067 1250 2123 nibil
1264 2069 1369 2121 sancite
1378 2060 1443 2118 sedi
1459 2059 1502 2115 las
1514 2058 1616 2115 essede
1632 2057 1777 2141 africanis
1789 2060 1836 2115 de·

1010 2152 1134 2195 cernere.
1155 2138 1291 2194 Rationes
1310 2147 1409 2203 nempe
1425 2131 1520 2188 reddit
1531 2127 1663 2186 Cornelio
1680 2142 1757 2212 papae
1770 2142 1835 2186 ser-

1011 2211 1068 2266 vati
1084 2210 1197 2267 ordinis
1212 2209 1240 2264 in
1255 2207 1340 2264 rebus
1355 2203 1497 2276 gerendis,
1514 2205 1544 2257 ut
1562 2203 1747 2283 premonitus
1763 2213 1836 2270 pon-

1011 2280 1082 2338 tiier
1095 2283 1130 2338 de
1145 2281 1258 2337 notoria
1273 2277 1457 2334 scelestorum
1470 2271 1637 2342 huiusmodi
1649 2269 1723 2327 iama
1736 2278 1837 2356 eicon·

1009 2353 1078 2410 silio
1104 2354 1224 2420 detecto,
1241 2364 1297 2406 non
1321 2346 1430 2403 alinde
1456 2357 1543 2400 causa
1557 2343 1674 2399 Romam
1698 2343 1834 2415 adeundi,

1009 2439 1093 2495 quam
1110 2431 1142 2480 ut
1156 2437 1204 2479 cos
1218 2419 1460 2479 circumvenirent
1474 2423 1560 2486 atque
1576 2422 1749 2484 occuparent
1765 2415 1836 2486 qui·

1009 2494 1063 2550 bus
1075 2503 1158 2552 antea
1180 2496 1288 2565 cogniti
1310 2495 1359 2547 aut
1382 2489 1522 2559 perspecti
1543 2499 1598 2541 non
1611 2490 1717 2554 essent,
1734 2499 1833 2571 carere

1010 2573 1104 2635 posset
1118 2568 1153 2622 de
1170 2565 1319 2636 quidpiam
1337 2558 1529 2616 fraudulentis
1543 2556 1622 2613 hisce
1637 2558 1835 2626 captatoribus

126 2625 297 2694 admIssum,
323 2632 353 2682 ct
366 2627 494 2699 singulis
512 2630 675 2698 pastoribus
691 2632 785 2700 portio
800 2634 895 2705 gregis
915 2635 954 2689 sit
1010 2637 1210 2708 indulgeudus
1230 2632 1406 2698 concederet,
1432 2630 1515 2712 unde·
1530 2627 1717 2711 sacerdotalis
1725 2629 1834 2699 judicii

125 2697 265 2768 ascripta,
283 2711 366 2768 quam
381 2704 461 2769 regat
482 2702 683 2771 unusquisque
696 2707 724 2757 et
738 2703 885 2771 gubernet,
905 2719 955 2761 ra·
1009 2710 1142 2764 maestas
1162 2714 1190 2762 et
1205 2706 1329 2778 gravitas
1352 2699 1516 2784 labefactari
1533 2699 1690 2782 videretur.

127 2769 235 2822 tionem
247 2769 293 2823 sui
306 2774 388 2824 actus
400 2772 456 2826 Deo
469 2771 650 2828 redditurus:
669 2780 780 2842 oportet
795 2776 895 2846 utique
906 2788 954 2832 eos
1045 2724 1125 2848 duod
1137 2784 1239 2842 ,autem
1255 2775 1359 2831 attinet
1370 2774 1404 2829 ad
1423 2771 1539 2854 illorum
1560 2770 1768 2827 catholicorum
1783 2772 1831 2856 ob·

126 2838 236 2908 quibus
255 2853 423 2908 praesumus,
441 2855 496 2896 non
518 2843 756 2913 circumcursare,
774 2858 824 2900 nec
839 2847 954 2916 episco-
1010 2851 1198 2913 servatioiies,
1221 2848 1271 2919 qui
1296 2846 1331 2901 de
1353 2841 1604 2924 appellationibus⁸
1623 2849 1702 2897 extra
1719 2857 1832 2912 provin·

148 2923 231 2965 orum
246 2911 428 2966 concordiam
444 2913 631 2969 cohaerentem
651 2929 704 2970 sua
718 2915 840 2971 subdola
854 2924 882 2973 et
897 2917 954 2974 Ial-
1010 2922 1073 2977 cias
1094 2922 1128 2976 ad
1145 2923 1299 2976 Romanam
1315 2916 1407 2971 sedem
1425 2927 1459 2968 ne
1479 2920 1571 2969 otium
1598 2913 1664 2967 inde
1686 2911 1834 2970 lacessunt

127 2923 183 3035 Iaci
205 2980 365 3038 temeritate
393 2981 551 3039 collidere:
576 2986 623 3040 sed
646 2999 729 3057 agere
752 2986 814 3042 illic
838 3001 954 3044 causam
1011 2994 1132 3062 questio
1144 2997 1196 3059 est,
1213 3002 1282 3044 num
1294 2985 1449 3055 appellatio
1461 2930 1582 3065 Iicanda
1596 2983 1679 3038 sitad
1694 2984 1721 3037 S.
1734 2985 1832 3066 §edem

126 3063 220 3119 suam,
244 3051 293 3107 ubi
309 3056 337 3107 et
349 3059 530 3110 accusatores
553 3054 665 3127 babere,
689 3063 717 3112 et
732 3063 817 3114 testes
831 3060 876 3114 sui
892 3062 953 3115 cri·
968 3071 992 3132 c
1009 3069 1037 3117 et
1050 3064 1085 3119 de
1101 3075 1156 3132 qua
1168 3063 1195 3116 S.
1212 3054 1651 3136 Cyprianusconqueriturapud
1670 3053 1831 3136 pontificem

126 3121 218 3177 minis
237 3122 367 3194 possint3
385 3124 441 3179 nisi
458 3126 483 3180 si
501 3127 601 3195 paucis
615 3128 775 3198 desperatis
789 3135 817 3183 et
833 3131 954 3199 perditis
1008 3134 1183 3202 Cornelium,
1195 3137 1329 3199 tauquam
1340 3124 1516 3208 deabnoimi
1526 3125 1628 3207 agendi
1642 3129 1761 3180 ratione.
1775 3125 1834 3181 Re-

125 3193 224 3248 minor
235 3193 350 3249 videtur
360 3208 421 3250 esse
434 3198 593 3253 auctoritas
608 3200 806 3268 episcoporum
820 3200 848 3255 in
859 3200 953 3257 illrica
1010 3205 1104 3273 putari
1121 3204 1196 3258 enini
1214 3204 1307 3271 posset
1323 3201 1420 3268 potius
1435 3199 1598 3265 praeventio,
1610 3208 1695 3264 quam
1710 3197 1832 3280 appelia-

125 3263 350 3320 constitutorum
364 3266 414 3335 qui
426 3266 483 3335 jam
506 3267 542 3322 de
556 3266 617 3324 iliis
630 3270 843 3339 judicaverunt,
857 3276 886 3325 et
904 3285 954 3328 eo·
1009 3274 1049 3329 tio
1067 3288 1152 3342 3ruin
1167 3273 1341 3328 Fortunatus
1352 3268 1466 3321 Romam
1477 3264 1653 3335 conligeret,
1670 3272 1701 3320 ut
1712 3266 1752 3349 ibi
1764 3281 1834 3324 reci·

125 3348 192 3393 rum
216 3336 431 3403 conscientiam,
450 3337 552 3393 multis
571 3339 742 3396 delictorum
768 3341 879 3410 laqueis
895 3344 955 3397 vin·
1011 3349 1126 3415 peretur
1138 3351 1273 3414 tanquam
1289 3338 1436 3423 legitimus
1451 3338 1603 3419 episcopus
1622 3337 1756 3392 Ecclesiae
1771 3339 1836 3395 Car·

123 3414 212 3473 ctam,
225 3406 328 3477 iudicii
346 3408 392 3464 sui
417 3420 507 3478 nuper
522 3412 660 3480 gravitate
683 3412 867 3467 damnarunt.
893 3415 953 3469 iam
1010 3416 1201 3484 thaginensis.
1224 3427 1280 3469 non
1296 3413 1427 3468 discussa
1445 3422 1527 3492 prius
1542 3420 1631 3492 caiisa
1643 3420 1678 3463 ei
1692 3420 1832 3465 canonum

123 3490 323 3536 causasarum
336 3479 450 3550 cognita
464 3486 523 3535 est:
534 3482 592 3551 y'am
607 3483 641 3538 de
656 3483 699 3537 eis
713 3483 791 3538 dicta
812 3485 954 3541 sententia
1010 3482 1122 3558 legibus
1135 3487 1164 3541 in
1177 3484 1283 3554 hirica,
1302 3483 1350 3538 ubi
1366 3484 1441 3536 certe
1449 3484 1528 3562 iusto
1539 3479 1652 3562 iudicio
1664 3481 1834 3563 contendere

123 3553 187 3606 est:
205 3563 256 3606 nec
265 3563 393 3607 censure
403 3552 538 3623 congruit
550 3554 728 3609 sacerdotum
741 3553 857 3610 mobilis
868 3560 954 3626 atque
1010 3571 1188 3628 nequaquam
1200 3570 1289 3612 ausus
1298 3559 1382 3610 esset.
1394 3551 1430 3606 tii
1442 3554 1472 3605 ut
1482 3555 1531 3618 sit,
1545 3563 1573 3632 μ]
1585 3550 1834 3632 observationibus

125 3621 319 3677 inconstantis
333 3622 422 3676 animi
435 3622 548 3679 levitate
564 3624 743 3692 reprehendi.
761 3642 774 3675 i
1010 3629 1158 3685 invenitur
1180 3630 1252 3684 satis
1276 3625 1409 3696 ambigua
1433 3627 1581 3677 sententie
1605 3626 1686 3678 ratio.
1717 3623 1832 3704 Praestat

160 3691 282 3762 Quidam
293 3706 326 3749 eii
348 3693 386 3748 iis
406 3692 654 3764 (Protestantibusi
673 3694 854 3754 oblectantur
868 3712 954 3770 super
1008 3701 1082 3756 enim
1100 3701 1192 3757 nitide
1213 3697 1385 3768 intelligere,
1399 3705 1466 3747 nurn
1486 3696 1587 3747 auctor
1599 3692 1831 3777 observationum

124 3762 173 3819 his
191 3762 298 3828 verbis,
313 3769 449 3834 tanquam
462 3765 561 3837 dignis
573 3779 682 3821 summa
699 3768 857 3824 attentione
870 3783 904 3825 eii
920 3784 952 3826 eo
1007 3770 1147 3827 abirmare
1160 3771 1239 3839 velit,
1256 3776 1457 3848 quamcunque
1470 3763 1690 3833 appellationem
1705 3763 1741 3818 ab
1751 3762 1834 3819 Atri-

124 3834 213 3906 quod,
231 3834 379 3905 inquiunt,
393 3836 421 3890 S.
435 3836 595 3906 Cyprianus
613 3850 690 3906 papae
702 3839 858 3910 significat,
876 3841 951 3897 nihil
1007 3844 1089 3899 canis
1102 3841 1257 3913 episcopIs,
1270 3845 1298 3896 et
1308 3834 1488 3895 conciliisad
1503 3836 1655 3918 Romanam
1668 3834 1761 3890 sedem
1771 3848 1834 3891 cen·

123 3904 182 3988 Ipsi
204 3917 356 3962 commune
368 3920 433 3962 cum
451 3907 536 3963 rebus
554 3908 757 3966 transmarInis
772 3924 843 3982 esse,
861 3926 952 3984 neque
1007 3915 1123 3971 senilam
1146 3928 1207 3970 esse
1222 3917 1317 3969 actum
1333 3909 1497 3966 abnormem
1513 3918 1568 3990 seii·
1589 3906 1785 3990 irregularem,
1798 3907 1834 3965 de

121 3977 161 4033 iis
175 3987 206 4032 sc
225 3976 387 4033 immiscere
402 3985 534 4047 oportere
548 3980 701 4035 Romanam
719 3981 823 4037 sedem.
1006 3999 1063 4056 quo
1085 3985 1111 4042 S.
1129 3985 1290 4057 Cyprianus
1304 3983 1479 4051 conquestus
1495 3975 1602 4060 luerit3
1618 3976 1652 4060 ad
1669 3978 1698 4033 id
1721 3982 1831 4034 tantum

158 4047 349 4104 Ecatholicis
367 4061 432 4104 iero
456 4050 590 4106 nonnulli
606 4051 799 4121 considerant,
819 4054 858 4109 ita
878 4069 949 4111 con·
1006 4058 1158 4113 contendat
1185 4057 1345 4121 observare,
1372 4048 1593 4133 appellationem
1617 4047 1696 4131 iliam
1720 4049 1833 4105 solum-

120 4118 205 4246 gueri
216 4118 389 4190 cyprianum
405 4119 434 4175 in
446 4119 554 4177 litteris
569 4123 603 4178 ad
614 4123 772 4181 Romanuin
789 4126 949 4194 pontiorem
1007 4129 1090 4185 modo
1103 4128 1143 4185 ita
1156 4127 1356 4198 interpositam
1371 4136 1388 4205 a
1404 4122 1557 4176 Fortunato
1570 4120 1755 4203 iudicandam
1771 4133 1834 4177 esse

142 4190 199 4246 atis
208 4203 295 4260 super
307 4190 497 4260 appellatione
511 4193 546 4248 ad
563 4192 635 4249 banc
646 4195 750 4263 sedem,
766 4201 899 4266 tanquam
915 4200 950 4255 de
1004 4205 1103 4256 contra
1114 4200 1191 4270 juris
1202 4196 1390 4255 ecclesiastici
1403 4191 1525 4275 regulas.
1536 4191 1590 4276 Qui
1604 4190 1709 4248 lactum
1727 4191 1779 4248 hoc

120 4260 224 4332 agendi
241 4261 324 4318 modo
337 4268 435 4318 contra
448 4264 561 4334 regulas
579 4265 723 4322 instituto.
737 4266 859 4338 (Fleury.
875 4270 948 4324 Risi.
1004 4270 1114 4327 culiare
1126 4272 1154 4326 in
1167 4271 1311 4341 judicium
1323 4266 1451 4330 trahunt,
1461 4267 1534 4318 citra
1545 4261 1767 4348 diliicultatema
1801 4279 1834 4320 r-

119 4333 196 4387 Iicct.
211 4330 263 4388 lib.
286 4344 338 4388 vii.
360 4346 439 4389 num.
459 4333 498 4404 8.)
516 4333 576 4391 Alii
593 4349 658 4393 tero
676 4336 804 4393 inierunt
817 4339 869 4394 hac
883 4340 949 4397 data
1005 4341 1133 4412 mabunt,
1145 4342 1347 4413 particularem
1360 4336 1439 4392 iilam
1450 4334 1830 4417 Fortunatiappeliatlonein

119 4402 280 4473 occasione,
296 4402 443 4474 prioribus
460 4406 593 4462 Ecclesia
602 4408 718 4463 saeculis
729 4409 841 4477 judicia
856 4411 949 4467 Eccle·
967 4419 1033 4505 Det
1044 4427 1164 4470 suorum
1176 4413 1335 4486 gregalium
1350 4408 1439 4465 luisse
1450 4406 1578 4489 alienam
1590 4419 1605 4461 a
1619 4408 1696 4473 juris
1709 4407 1829 4488 ordine:

118 4474 240 4530 siastica
260 4474 321 4530 lieri
337 4478 521 4532 consuevisse
542 4492 588 4533 ia
615 4480 723 4550 synodo
749 4479 950 4553 cuiuscunque
1005 4484 1067 4540 sive
1087 4485 1234 4541 studerent
1248 4485 1277 4538 in
1300 4483 1445 4559 integrum
1464 4482 1579 4531 restitui
1592 4477 1832 4557 superomnibus

120 4545 279 4616 provincie
300 4560 365 4603 cum
390 4549 562 4604 auctoritate
582 4549 809 4619 metropolitani,
824 4552 894 4608 adeo
918 4558 951 4610 ut
1004 4561 1104 4611 contra
1120 4570 1149 4611 se
1172 4557 1200 4609 in
1215 4554 1312 4609 hirica
1324 4550 1465 4620 judicatis
1480 4553 1507 4600 et
1532 4544 1710 4628 confirmatis
1724 4546 1829 4619 Rome,

120 4628 177 4671 non
195 4616 296 4673 liceret
315 4630 468 4688 provocare
486 4620 599 4687 judicio
622 4621 678 4676 lato
701 4621 730 4676 in
752 4623 860 4692 synodo
881 4639 951 4694 pro·
1006 4625 1056 4682 ubi
1081 4629 1211 4682 Privatus
1234 4624 1270 4679 ab
1292 4621 1461 4702 episcopatu
1480 4617 1642 4685 depositus,
1658 4629 1709 4685 qui
1728 4614 1829 4698 falsam

119 4687 236 4742 vinciae.
260 4705 276 4738 s
300 4691 338 4743 be
353 4690 456 4758 Murco,
478 4691 512 4746 de
528 4691 684 4747 Concordia
699 4693 746 4746 lib.
767 4706 818 4766 vir,
834 4710 893 4766 cap.
923 4693 949 4768 l,
1005 4698 1215 4753 ordinationem
1232 4696 1379 4751 Fortunati
1396 4701 1488 4756 nuper
1504 4694 1658 4757 peregerat,
1674 4699 1690 4741 a
1707 4686 1831 4768 Fabiano

117 4773 195 4812 num.
213 4756 252 4830 2)
1005 4768 1140 4838 pontifice
1155 4766 1264 4837 pridem
1275 4764 1423 4820 abstentus
1433 4765 1462 4813 ct
1475 4755 1576 4825 pulsus
1586 4757 1622 4812 de
1634 4755 1761 4842 Ecclesia
1772 4758 1831 4842 iiie·

155 4830 258 4885 Verum
278 4830 506 4889 Protestantibus
531 4832 729 4904 respondetur,
747 4836 876 4906 negando
900 4838 950 4909 Cy·
1006 4842 1069 4907 rat,
1086 4846 1113 4893 et
1124 4837 1172 4894 ubi
1184 4831 1430 4911 Novatusaliique
1440 4827 1600 4910 perduelles
1611 4829 1780 4885 schismatis
1790 4831 1830 4914 il3

119 4900 256 4972 prianum
278 4901 375 4959 dicere
400 4903 452 4958 hac
468 4904 496 4959 in
512 4905 644 4974 epistola,
665 4911 716 4962 aut
732 4906 858 4964 Romano
874 4923 949 4979 pon·
1006 4910 1066 4965 iius
1078 4909 1234 5034 complices
1249 4913 1277 4963 et
1304 4903 1483 4986 administri,
1504 4899 1686 4954 anathemate
1702 4902 1829 4968 perculsi

118 4971 192 5027 tillci
208 4972 437 5044 signiticarenon
451 4975 553 5030 debere
565 4975 648 5032 illum
659 4990 721 5032 sese
732 4977 893 5036 lmmIscere
905 4994 950 5037 ne
1005 4979 1146 5036 Ineranta
1179 4980 1241 5048 ipso
1255 4973 1387 5033 Cornelio
1399 4983 1460 5054 sive
1480 4976 1616 5054 ageretur
1630 4973 1830 5054 tautttmmodo

117 5043 208 5126 gotiis
224 5044 443 5115 ultramarinis;
461 5059 524 5101 nam
544 5061 559 5102 e
583 5053 680 5103 contra
697 5048 805 5103 addens
819 5049 868 5120 iis,
885 5067 949 5122 quie
1004 5054 1038 5108 de
1055 5051 1299 5107 bacordinatione
1311 5048 1469 5108 Fortunati,
1486 5042 1593 5123 scelere
1609 5055 1638 5096 iri
1657 5055 1760 5124 primis
1774 5045 1829 5127 de-

117 5128 149 5168 in
166 5116 368 5184 superioribus
387 5115 502 5187 litteris,
520 5124 571 5174 aut
585 5118 766 5175 sermonibus
780 5121 837 5176 scri
860 5131 947 5191 serat,
1005 5121 1143 5184 testabili.
1173 5135 1260 5191 super
1283 5120 1368 5188 cujus
1390 5111 1556 5170 defensione
1578 5126 1613 5168 ne
1641 5114 1828 5199 perditissimi

116 5197 149 5240 ea
187 5199 231 5240 uae
245 5188 273 5241 in
284 5188 488 5244 consecutione
505 5189 650 5260 hujusmet
663 5190 792 5259 epistole
809 5136 947 5265 suIisequi
1004 5194 1120 5264 quidem
1138 5193 1167 5249 hi
1181 5192 1320 5248 satellites
1331 5188 1396 5270 ausi
1413 5183 1829 5268 lorentapudhlricanosepi-

115 5200 271 5314 aquemus
292 5259 328 5314 de
349 5258 375 5313 S.
392 5259 470 5315 sedis
483 5262 664 5330 auctoritate,
689 5263 763 5318 Petri
785 5264 947 5322 cathedram
1004 5278 1115 5334 scopos,
1133 5264 1239 5335 quibus
1252 5266 1390 5345 perspecti
1405 5256 1516 5338 pridem
1531 5260 1613 5310 erant
1626 5268 1715 5338 ausus
1729 5270 1828 5342 eorum

116 5326 171 5383 bac
185 5329 246 5398 ipsa
262 5330 292 5385 in
303 5329 425 5400 epIstola
437 5330 561 5401 appellat
575 5334 733 5403 principem
744 5336 946 5410 Ecclesiarum,
1003 5342 1030 5393 et
1041 5337 1229 5405 impudentia,
1243 5334 1387 5405 judicium
1404 5327 1568 5410 implorare.
1582 5326 1611 5408 S:
1624 5326 1784 5396 Cyprianus
1798 5342 1829 5385 iii

116 5399 195 5455 unde
210 5401 308 5457 unitas
322 5401 508 5458 sacerdotalis
522 5410 620 5460 exorta
641 5409 693 5472 est,
713 5418 746 5460 ac
763 5408 904 5464 retinetur
917 5413 946 5465 in
1002 5407 1124 5478 epistola
1145 5407 1180 5462 ad
1206 5404 1369 5462 Cornelium
1393 5404 1493 5481 evertit
1520 5398 1667 5453 machinas
1693 5411 1832 5486 perversas

116 5470 249 5528 ceteris:
264 5472 368 5529 titulos
381 5473 507 5542 prolecto
520 5487 608 5532 vanos
628 5474 752 5545 laturos,
769 5483 856 5547 atque
872 5493 947 5535 ima·
1004 5480 1090 5548 huy'us
1115 5477 1252 5533 iactionis
1268 5476 1415 5531 hominum
1432 5484 1462 5524 in
1479 5475 1601 5551 utroque
1616 5482 1650 5525 ex
1673 5478 1830 5554 propositis

115 5541 266 5615 ginarios3
288 5544 314 5600 si
330 5549 435 5600 sanctae
450 5543 519 5602 huic
539 5547 601 5603 sedi
615 5547 947 5617 negaturjusseimmt.
1002 5550 1144 5606 consiliis.
1165 5549 1302 5605 Caeterum
1327 5541 1467 5602 affirmare
1486 5540 1613 5623 voluisse
1642 5540 1829 5628 Cypriacam,

115 5614 216 5672 scendi
228 5615 260 5671 iii
268 5613 354 5673 rebus
362 5614 555 5674 Ecclesiarum
570 5616 809 5688 particularium:
825 5633 946 5688 quarum
1002 5623 1160 5748 generatim
1183 5620 1219 5676 de
1234 5626 1405 5690 quacunque
1418 5611 1610 5683 appellatione
1633 5613 1669 5666 ab
1691 5614 1830 5699 Ecclesns

115 5684 281 5756 complures
297 5686 380 5743 nullo
406 5699 462 5744 non
497 5694 625 5759 tempore
649 5687 772 5745 nimium
801 5695 949 5751 tentarunt
1028 5691 1149 5748 lricanis
1163 5693 1197 5748 ad
1222 5693 1387 5757 Romanam,
1408 5683 1552 5768 bebendas
1564 5696 1627 5740 csse
1642 5690 1831 5813 provocatio-

114 5768 178 5816 sesc
192 5757 363 5817 subtrahere
375 5755 413 5817 ab
427 5758 481 5817 bic
506 5758 721 5832 principalitate
741 5760 874 5820 Romana
890 5765 948 5822 Ec·
1004 5776 1055 5822 nes
1070 5762 1238 5836 hujusmodi
1257 5763 1407 5820 abnormes
1430 5761 1517 5828 atquc
1544 5767 1643 5828 irregii
1656 5768 1732 5829 ares,
1749 5758 1778 5814 iil
1794 5758 1831 5816 de
