<?xml version="1.0" encoding="UTF-8"?>
<!DOCTYPE html PUBLIC "-//W3C//DTD XHTML 1.0 Transitional//EN"
    "http://www.w3.org/TR/xhtml1/DTD/xhtml1-transitional.dtd">
<html xmlns="http://www.w3.org/1999/xhtml" xml:lang="en" lang="en">
 <head>
  <title>
</title>
<meta http-equiv="Content-Type" content="text/html;charset=utf-8" />
  <meta name='ocr-system' content='tesseract 3.04.00' />
  <meta name='ocr-capabilities' content='ocr_page ocr_carea ocr_par ocr_line ocrx_word'/>
</head>
<body>
  <div class='ocr_page' id='page_1' title='image "./patrologiaecurs48unkngoog_0212.png"; bbox 0 0 3892 6136; ppageno 0'>
   <div class='ocr_carea' id='block_1_1' title="bbox 125 591 240 807">
    <p class='ocr_par' dir='ltr' id='par_1_1' title="bbox 125 591 240 807">
     <span class='ocr_line' id='line_1_1' title="bbox 125 591 240 650; baseline 0.043 -4"><span class='ocrx_word' id='word_1_1' title='bbox 125 591 240 650; x_wconf 70' lang='grc' dir='ltr'>ικιιι</span> 
     </span>
     <span class='ocr_line' id='line_1_2' title="bbox 185 736 213 807; baseline 0.071 -1"><span class='ocrx_word' id='word_1_2' title='bbox 185 736 213 807; x_wconf 75' lang='lat' dir='ltr'><strong>b</strong></span> 
     </span>
    </p>
   </div>
   <div class='ocr_carea' id='block_1_2' title="bbox 130 349 1336 578">
    <p class='ocr_par' dir='ltr' id='par_1_2' title="bbox 130 349 1336 578">
     <span class='ocr_line' id='line_1_3' title="bbox 608 349 1336 447; baseline 0.051 -39"><span class='ocrx_word' id='word_1_3' title='bbox 608 349 777 416; x_wconf 73' lang='lat' dir='ltr'><strong>canobon.</strong></span> <span class='ocrx_word' id='word_1_4' title='bbox 802 359 944 427; x_wconf 76' lang='lat' dir='ltr'><strong>donent.</strong></span> <span class='ocrx_word' id='word_1_5' title='bbox 967 370 1013 431; x_wconf 74' lang='lat' dir='ltr'><strong>BT</strong></span> <span class='ocrx_word' id='word_1_6' title='bbox 1036 373 1117 438; x_wconf 69' lang='lat' dir='ltr'><strong>GBS.</strong></span> <span class='ocrx_word' id='word_1_7' title='bbox 1145 381 1229 441; x_wconf 82' lang='lat' dir='ltr'><strong>nom.</strong></span> <span class='ocrx_word' id='word_1_8' title='bbox 1261 387 1336 447; x_wconf 75' lang='lat' dir='ltr'><strong>lillC.</strong></span> 
     </span>
     <span class='ocr_line' id='line_1_4' title="bbox 130 448 1098 578; baseline 0.06 -78"><span class='ocrx_word' id='word_1_9' title='bbox 130 448 234 578; x_wconf 47' lang='lat' dir='ltr'><strong>md</strong></span> <span class='ocrx_word' id='word_1_10' title='bbox 254 455 442 526; x_wconf 70' lang='lat' dir='ltr'><strong>lintperotores</strong></span> <span class='ocrx_word' id='word_1_11' title='bbox 455 464 583 529; x_wconf 69' lang='lat' dir='ltr'><strong>ommes</strong></span> <span class='ocrx_word' id='word_1_12' title='bbox 600 477 790 548; x_wconf 63' lang='lat' dir='ltr'><strong>mundorum,</strong></span> <span class='ocrx_word' id='word_1_13' title='bbox 823 486 902 546; x_wconf 78' lang='lat' dir='ltr'><strong>Anni</strong></span> <span class='ocrx_word' id='word_1_14' title='bbox 947 491 978 552; x_wconf 84' lang='grc' dir='ltr'><strong>Α</strong></span> <span class='ocrx_word' id='word_1_15' title='bbox 1021 498 1098 557; x_wconf 70' lang='lat' dir='ltr'><strong>Anni</strong></span> 
     </span>
    </p>
   </div>
   <div class='ocr_carea' id='block_1_3' title="bbox 344 540 705 606">
    <p class='ocr_par' dir='ltr' id='par_1_3' title="bbox 344 540 705 606">
     <span class='ocr_line' id='line_1_5' title="bbox 344 540 705 606; baseline 0.064 -22"><span class='ocrx_word' id='word_1_16' title='bbox 344 545 388 586; x_wconf 83' lang='lat' dir='ltr'><strong>ree</strong></span> <span class='ocrx_word' id='word_1_17' title='bbox 403 540 486 602; x_wconf 76' lang='lat' dir='ltr'><strong>peste</strong></span> <span class='ocrx_word' id='word_1_18' title='bbox 497 546 524 596; x_wconf 85' lang='lat' dir='ltr'><strong>et</strong></span> <span class='ocrx_word' id='word_1_19' title='bbox 537 543 705 606; x_wconf 76' lang='lat' dir='ltr'><strong>documenta.</strong></span> 
     </span>
    </p>
   </div>
   <div class='ocr_carea' id='block_1_4' title="bbox 176 632 898 720">
    <p class='ocr_par' dir='ltr' id='par_1_4' title="bbox 176 632 898 720">
     <span class='ocr_line' id='line_1_6' title="bbox 176 632 898 720; baseline 0.06 -39"><span class='ocrx_word' id='word_1_20' title='bbox 176 665 216 720; x_wconf 52' lang='lat' dir='ltr'><strong>di</strong></span> <span class='ocrx_word' id='word_1_21' title='bbox 293 633 322 689; x_wconf 85' lang='lat' dir='ltr'><strong>C.</strong></span> <span class='ocrx_word' id='word_1_22' title='bbox 338 636 436 697; x_wconf 78' lang='lat' dir='ltr'>Julius</span> <span class='ocrx_word' id='word_1_23' title='bbox 449 644 542 703; x_wconf 83' lang='lat' dir='ltr'><strong>caesar</strong></span> <span class='ocrx_word' id='word_1_24' title='bbox 555 658 667 710; x_wconf 87' lang='lat' dir='ltr'><strong>sextum</strong></span> <span class='ocrx_word' id='word_1_25' title='bbox 679 657 791 716; x_wconf 82' lang='lat' dir='ltr'><strong>trium-</strong></span> <span class='ocrx_word' id='word_1_26' title='bbox 827 632 898 687; x_wconf 61' lang='lat' dir='ltr'><strong>“md</strong></span> 
     </span>
    </p>
   </div>
   <div class='ocr_carea' id='block_1_5' title="bbox 251 721 788 893">
    <p class='ocr_par' dir='ltr' id='par_1_5' title="bbox 251 721 788 893">
     <span class='ocr_line' id='line_1_7' title="bbox 256 721 788 806; baseline 0.06 -31"><span class='ocrx_word' id='word_1_27' title='bbox 256 721 346 792; x_wconf 89' lang='lat' dir='ltr'><strong>pbum</strong></span> <span class='ocrx_word' id='word_1_28' title='bbox 356 728 667 800; x_wconf 79' lang='lat' dir='ltr'><strong>egitoeansexmonte</strong></span> <span class='ocrx_word' id='word_1_29' title='bbox 678 744 788 806; x_wconf 79' lang='lat' dir='ltr'><strong>Albano</strong></span> 
     </span>
     <span class='ocr_line' id='line_1_8' title="bbox 251 824 442 893; baseline 0.052 -10"><span class='ocrx_word' id='word_1_30' title='bbox 251 824 442 893; x_wconf 64' lang='lat' dir='ltr'><strong>dbianuarll.</strong></span> 
     </span>
    </p>
   </div>
   <div class='ocr_carea' id='block_1_6' title="bbox 239 929 789 2066">
    <p class='ocr_par' dir='ltr' id='par_1_6' title="bbox 256 929 789 1353">
     <span class='ocr_line' id='line_1_9' title="bbox 256 929 787 1002; baseline 0.056 -30"><span class='ocrx_word' id='word_1_31' title='bbox 256 929 280 973; x_wconf 83' lang='grc' dir='ltr'><strong>ι.</strong></span> <span class='ocrx_word' id='word_1_32' title='bbox 295 931 387 978; x_wconf 83' lang='lat' dir='ltr'><strong>rrxrvs</strong></span> <span class='ocrx_word' id='word_1_33' title='bbox 400 938 425 980; x_wconf 85' lang='lat' dir='ltr'><strong>e.</strong></span> <span class='ocrx_word' id='word_1_34' title='bbox 442 940 467 983; x_wconf 91' lang='lat' dir='ltr'><strong>r.</strong></span> <span class='ocrx_word' id='word_1_35' title='bbox 482 943 506 986; x_wconf 89' lang='lat' dir='ltr'><strong>c.</strong></span> <span class='ocrx_word' id='word_1_36' title='bbox 518 945 545 987; x_wconf 86' lang='lat' dir='ltr'><strong>n.</strong></span> <span class='ocrx_word' id='word_1_37' title='bbox 561 946 661 996; x_wconf 70' lang='lat' dir='ltr'><strong>cumn</strong></span> <span class='ocrx_word' id='word_1_38' title='bbox 675 954 704 997; x_wconf 81' lang='lat' dir='ltr'><strong>vr</strong></span> <span class='ocrx_word' id='word_1_39' title='bbox 717 957 787 1002; x_wconf 85' lang='lat' dir='ltr'><strong>uxor.</strong></span> 
     </span>
     <span class='ocr_line' id='line_1_10' title="bbox 290 1019 789 1091; baseline 0.062 -30"><span class='ocrx_word' id='word_1_40' title='bbox 290 1019 335 1063; x_wconf 89' lang='grc' dir='ltr'>ιιιι</span> <span class='ocrx_word' id='word_1_41' title='bbox 350 1022 448 1069; x_wconf 78' lang='lat' dir='ltr'><strong>orans.</strong></span> <span class='ocrx_word' id='word_1_42' title='bbox 463 1031 490 1072; x_wconf 82' lang='grc' dir='ltr'><strong>ι.</strong></span> <span class='ocrx_word' id='word_1_43' title='bbox 501 1033 578 1079; x_wconf 87' lang='lat' dir='ltr'><strong>necrx</strong></span> <span class='ocrx_word' id='word_1_44' title='bbox 590 1037 627 1081; x_wconf 85' lang='lat' dir='ltr'><strong>xx</strong></span> <span class='ocrx_word' id='word_1_45' title='bbox 638 1039 730 1086; x_wconf 73' lang='lat' dir='ltr'><strong>moure</strong></span> <span class='ocrx_word' id='word_1_46' title='bbox 742 1048 789 1091; x_wconf 81' lang='lat' dir='ltr'><strong>nn·</strong></span> 
     </span>
     <span class='ocr_line' id='line_1_11' title="bbox 290 1106 786 1192; baseline 0.06 -42"><span class='ocrx_word' id='word_1_47' title='bbox 290 1106 361 1153; x_wconf 77' lang='lat' dir='ltr'><strong>naxo</strong></span> <span class='ocrx_word' id='word_1_48' title='bbox 373 1111 413 1157; x_wconf 86' lang='grc' dir='ltr'><strong>ιιι</strong></span> <span class='ocrx_word' id='word_1_49' title='bbox 425 1115 452 1158; x_wconf 87' lang='grc' dir='ltr'>ιι.</span> <span class='ocrx_word' id='word_1_50' title='bbox 462 1118 542 1164; x_wconf 80' lang='lat' dir='ltr'><strong>ruer.</strong></span> <span class='ocrx_word' id='word_1_51' title='bbox 558 1111 635 1171; x_wconf 82' lang='lat' dir='ltr'><strong>Fasti</strong></span> <span class='ocrx_word' id='word_1_52' title='bbox 647 1117 786 1192; x_wconf 79' lang='lat' dir='ltr'><strong>triumph.</strong></span> 
     </span>
     <span class='ocr_line' id='line_1_12' title="bbox 285 1182 553 1268; baseline 0.052 -29"><span class='ocrx_word' id='word_1_53' title='bbox 285 1182 380 1256; x_wconf 86' lang='lat' dir='ltr'><strong>Capit.</strong></span> <span class='ocrx_word' id='word_1_54' title='bbox 390 1186 473 1249; x_wconf 86' lang='lat' dir='ltr'><strong>Grut.</strong></span> <span class='ocrx_word' id='word_1_55' title='bbox 489 1208 553 1268; x_wconf 76' lang='lat' dir='ltr'><strong>paq.</strong></span> 
     </span>
     <span class='ocr_line' id='line_1_13' title="bbox 285 1271 785 1353; baseline 0.054 -26"><span class='ocrx_word' id='word_1_56' title='bbox 285 1271 785 1353; x_wconf 78' lang='lat' dir='ltr'><strong>idibusbtartite.caesartncurta-</strong></span> 
     </span>
    </p>

    <p class='ocr_par' dir='ltr' id='par_1_7' title="bbox 247 1363 784 1442">
     <span class='ocr_line' id='line_1_14' title="bbox 247 1363 784 1442; baseline 0.054 -28"><span class='ocrx_word' id='word_1_57' title='bbox 247 1371 265 1415; x_wconf 90' lang='lat' dir='ltr'><strong>a</strong></span> <span class='ocrx_word' id='word_1_58' title='bbox 278 1363 484 1433; x_wconf 74' lang='lat' dir='ltr'><strong>coujuratisii</strong></span> <span class='ocrx_word' id='word_1_59' title='bbox 493 1372 662 1436; x_wconf 83' lang='lat' dir='ltr'><strong>vulneribus</strong></span> <span class='ocrx_word' id='word_1_60' title='bbox 673 1381 784 1442; x_wconf 79' lang='lat' dir='ltr'><strong>contos·</strong></span> 
     </span>
    </p>

    <p class='ocr_par' dir='ltr' id='par_1_8' title="bbox 247 1453 784 1530">
     <span class='ocr_line' id='line_1_15' title="bbox 247 1453 784 1530; baseline 0.05 -26"><span class='ocrx_word' id='word_1_61' title='bbox 247 1462 298 1506; x_wconf 83' lang='lat' dir='ltr'><strong>sue</strong></span> <span class='ocrx_word' id='word_1_62' title='bbox 311 1455 365 1508; x_wconf 85' lang='lat' dir='ltr'><strong>est.</strong></span> <span class='ocrx_word' id='word_1_63' title='bbox 379 1453 520 1516; x_wconf 73' lang='lat' dir='ltr'><strong>Suffectus</strong></span> <span class='ocrx_word' id='word_1_64' title='bbox 533 1461 612 1521; x_wconf 87' lang='lat' dir='ltr'><strong>coss.</strong></span> <span class='ocrx_word' id='word_1_65' title='bbox 630 1467 659 1523; x_wconf 98' lang='grc' dir='ltr'><strong>Ρ.</strong></span> <span class='ocrx_word' id='word_1_66' title='bbox 673 1469 784 1530; x_wconf 84' lang='lat' dir='ltr'><strong>corne-</strong></span> 
     </span>
    </p>

    <p class='ocr_par' dir='ltr' id='par_1_9' title="bbox 246 1537 475 1603">
     <span class='ocr_line' id='line_1_16' title="bbox 246 1537 475 1603; baseline 0.044 -10"><span class='ocrx_word' id='word_1_67' title='bbox 246 1537 306 1596; x_wconf 88' lang='lat' dir='ltr'><strong>lius</strong></span> <span class='ocrx_word' id='word_1_68' title='bbox 320 1541 475 1603; x_wconf 78' lang='lat' dir='ltr'><strong>Dolabella.</strong></span> 
     </span>
    </p>

    <p class='ocr_par' dir='ltr' id='par_1_10' title="bbox 239 1626 779 2066">
     <span class='ocr_line' id='line_1_17' title="bbox 277 1626 779 1709; baseline 0.048 -26"><span class='ocrx_word' id='word_1_69' title='bbox 277 1626 309 1684; x_wconf 84' lang='lat' dir='ltr'><strong>G.</strong></span> <span class='ocrx_word' id='word_1_70' title='bbox 324 1626 462 1691; x_wconf 78' lang='lat' dir='ltr'><strong>Octaviim</strong></span> <span class='ocrx_word' id='word_1_71' title='bbox 476 1634 575 1709; x_wconf 76' lang='lat' dir='ltr'><strong>bores,</strong></span> <span class='ocrx_word' id='word_1_72' title='bbox 588 1647 617 1700; x_wconf 91' lang='lat' dir='ltr'><strong>et</strong></span> <span class='ocrx_word' id='word_1_73' title='bbox 631 1644 662 1700; x_wconf 91' lang='lat' dir='ltr'><strong>in</strong></span> <span class='ocrx_word' id='word_1_74' title='bbox 672 1647 779 1707; x_wconf 76' lang='lat' dir='ltr'><strong>duliam</strong></span> 
     </span>
     <span class='ocr_line' id='line_1_18' title="bbox 243 1714 779 1797; baseline 0.045 -26"><span class='ocrx_word' id='word_1_75' title='bbox 243 1714 385 1776; x_wconf 79' lang='lat' dir='ltr'><strong>familiam</strong></span> <span class='ocrx_word' id='word_1_76' title='bbox 422 1725 584 1797; x_wconf 88' lang='lat' dir='ltr'><strong>adoptatus,</strong></span> <span class='ocrx_word' id='word_1_77' title='bbox 617 1732 647 1788; x_wconf 83' lang='lat' dir='ltr'><strong>G.</strong></span> <span class='ocrx_word' id='word_1_78' title='bbox 681 1736 779 1796; x_wconf 83' lang='lat' dir='ltr'><strong>Julius</strong></span> 
     </span>
     <span class='ocr_line' id='line_1_19' title="bbox 241 1804 778 1896; baseline 0.045 -37"><span class='ocrx_word' id='word_1_79' title='bbox 241 1804 335 1862; x_wconf 61' lang='lat' dir='ltr'><strong>wear</strong></span> <span class='ocrx_word' id='word_1_80' title='bbox 351 1809 418 1867; x_wconf 89' lang='lat' dir='ltr'><strong>lude</strong></span> <span class='ocrx_word' id='word_1_81' title='bbox 441 1814 538 1873; x_wconf 87' lang='lat' dir='ltr'><strong>dietus</strong></span> <span class='ocrx_word' id='word_1_82' title='bbox 557 1825 608 1876; x_wconf 84' lang='lat' dir='ltr'><strong>est.</strong></span> <span class='ocrx_word' id='word_1_83' title='bbox 631 1822 672 1879; x_wconf 84' lang='lat' dir='ltr'><strong>lix</strong></span> <span class='ocrx_word' id='word_1_84' title='bbox 686 1824 778 1896; x_wconf 78' lang='lat' dir='ltr'><strong>Apol-</strong></span> 
     </span>
     <span class='ocr_line' id='line_1_20' title="bbox 240 1893 776 1973; baseline 0.045 -22"><span class='ocrx_word' id='word_1_85' title='bbox 240 1893 321 1954; x_wconf 88' lang='lat' dir='ltr'><strong>louia</strong></span> <span class='ocrx_word' id='word_1_86' title='bbox 336 1899 367 1955; x_wconf 90' lang='lat' dir='ltr'><strong>in</strong></span> <span class='ocrx_word' id='word_1_87' title='bbox 380 1901 483 1962; x_wconf 85' lang='lat' dir='ltr'><strong>Urbem</strong></span> <span class='ocrx_word' id='word_1_88' title='bbox 497 1909 612 1968; x_wconf 85' lang='lat' dir='ltr'><strong>rediens</strong></span> <span class='ocrx_word' id='word_1_89' title='bbox 624 1913 702 1972; x_wconf 85' lang='lat' dir='ltr'><strong>eirea</strong></span> <span class='ocrx_word' id='word_1_90' title='bbox 714 1917 776 1973; x_wconf 82' lang='lat' dir='ltr'><strong>lia-</strong></span> 
     </span>
     <span class='ocr_line' id='line_1_21' title="bbox 239 1983 773 2066; baseline 0.043 -25"><span class='ocrx_word' id='word_1_91' title='bbox 239 1983 305 2043; x_wconf 89' lang='lat' dir='ltr'><strong>leud</strong></span> <span class='ocrx_word' id='word_1_92' title='bbox 335 1990 404 2047; x_wconf 82' lang='lat' dir='ltr'><strong>ldall</strong></span> <span class='ocrx_word' id='word_1_93' title='bbox 428 1988 505 2066; x_wconf 92' lang='lat' dir='ltr'><strong>[nam</strong></span> <span class='ocrx_word' id='word_1_94' title='bbox 533 2011 581 2055; x_wconf 85' lang='grc' dir='ltr'><strong>ιιι</strong></span> <span class='ocrx_word' id='word_1_95' title='bbox 616 2003 669 2059; x_wconf 80' lang='lat' dir='ltr'><strong>lial</strong></span> <span class='ocrx_word' id='word_1_96' title='bbox 692 2006 773 2064; x_wconf 88' lang='lat' dir='ltr'><strong>llaii.</strong></span> 
     </span>
    </p>
   </div>
   <div class='ocr_carea' id='block_1_7' title="bbox 237 2075 774 2256">
    <p class='ocr_par' dir='ltr' id='par_1_11' title="bbox 237 2075 774 2256">
     <span class='ocr_line' id='line_1_22' title="bbox 237 2075 774 2155; baseline 0.048 -26"><span class='ocrx_word' id='word_1_97' title='bbox 237 2075 368 2148; x_wconf 78' lang='lat' dir='ltr'><strong>Neapoli,</strong></span> <span class='ocrx_word' id='word_1_98' title='bbox 390 2085 419 2137; x_wconf 89' lang='lat' dir='ltr'><strong>et</strong></span> <span class='ocrx_word' id='word_1_99' title='bbox 442 2087 582 2153; x_wconf 81' lang='lat' dir='ltr'><strong>postridie</strong></span> <span class='ocrx_word' id='word_1_100' title='bbox 603 2090 633 2147; x_wconf 93' lang='lat' dir='ltr'><strong>in</strong></span> <span class='ocrx_word' id='word_1_101' title='bbox 647 2094 774 2155; x_wconf 88' lang='lat' dir='ltr'><strong>Cumano</strong></span> 
     </span>
     <span class='ocr_line' id='line_1_23' title="bbox 238 2167 771 2256; baseline 0.039 -36"><span class='ocrx_word' id='word_1_102' title='bbox 238 2177 303 2222; x_wconf 87' lang='lat' dir='ltr'><strong>oum</strong></span> <span class='ocrx_word' id='word_1_103' title='bbox 318 2167 453 2228; x_wconf 85' lang='lat' dir='ltr'><strong>Cioerone</strong></span> <span class='ocrx_word' id='word_1_104' title='bbox 464 2172 521 2232; x_wconf 83' lang='lat' dir='ltr'><strong>luit</strong></span> <span class='ocrx_word' id='word_1_105' title='bbox 537 2173 590 2251; x_wconf 92' lang='lat' dir='ltr'><strong>[lib</strong></span> <span class='ocrx_word' id='word_1_106' title='bbox 605 2195 664 2248; x_wconf 78' lang='lat' dir='ltr'><strong>xxv,</strong></span> <span class='ocrx_word' id='word_1_107' title='bbox 680 2184 771 2256; x_wconf 87' lang='lat' dir='ltr'><strong>Epist.</strong></span> 
     </span>
    </p>
   </div>
   <div class='ocr_carea' id='block_1_8' title="bbox 237 2251 770 2339">
    <p class='ocr_par' dir='ltr' id='par_1_12' title="bbox 237 2251 770 2339">
     <span class='ocr_line' id='line_1_24' title="bbox 237 2251 770 2339; baseline 0.047 -29"><span class='ocrx_word' id='word_1_108' title='bbox 237 2251 282 2326; x_wconf 80' lang='lat' dir='ltr'><strong>ib,</strong></span> <span class='ocrx_word' id='word_1_109' title='bbox 306 2259 341 2314; x_wconf 91' lang='lat' dir='ltr'><strong>ad</strong></span> <span class='ocrx_word' id='word_1_110' title='bbox 383 2261 472 2339; x_wconf 78' lang='lat' dir='ltr'><strong>Attio]</strong></span> <span class='ocrx_word' id='word_1_111' title='bbox 499 2271 578 2325; x_wconf 85' lang='lat' dir='ltr'><strong>tauta</strong></span> <span class='ocrx_word' id='word_1_112' title='bbox 612 2274 770 2335; x_wconf 83' lang='lat' dir='ltr'><strong>amicorum</strong></span> 
     </span>
    </p>
   </div>
   <div class='ocr_carea' id='block_1_9' title="bbox 236 2341 769 2434">
    <p class='ocr_par' dir='ltr' id='par_1_13' title="bbox 236 2341 769 2434">
     <span class='ocr_line' id='line_1_25' title="bbox 236 2341 769 2434; baseline 0.045 -34"><span class='ocrx_word' id='word_1_113' title='bbox 236 2341 398 2417; x_wconf 74' lang='lat' dir='ltr'><strong>frequentia</strong></span> <span class='ocrx_word' id='word_1_114' title='bbox 427 2352 542 2427; x_wconf 89' lang='lat' dir='ltr'><strong>stipari,</strong></span> <span class='ocrx_word' id='word_1_115' title='bbox 576 2365 604 2415; x_wconf 94' lang='lat' dir='ltr'><strong>et</strong></span> <span class='ocrx_word' id='word_1_116' title='bbox 637 2365 769 2434; x_wconf 90' lang='lat' dir='ltr'><strong>populari</strong></span> 
     </span>
    </p>
   </div>
   <div class='ocr_carea' id='block_1_10' title="bbox 232 2436 768 2608">
    <p class='ocr_par' dir='ltr' id='par_1_14' title="bbox 232 2436 768 2608">
     <span class='ocr_line' id='line_1_26' title="bbox 234 2436 767 2518; baseline 0.043 -28"><span class='ocrx_word' id='word_1_117' title='bbox 234 2436 328 2507; x_wconf 76' lang='lat' dir='ltr'><strong>qratia</strong></span> <span class='ocrx_word' id='word_1_118' title='bbox 357 2439 488 2500; x_wconf 82' lang='lat' dir='ltr'><strong>roborari</strong></span> <span class='ocrx_word' id='word_1_119' title='bbox 521 2449 609 2518; x_wconf 84' lang='lat' dir='ltr'><strong>eoepit</strong></span> <span class='ocrx_word' id='word_1_120' title='bbox 649 2453 767 2513; x_wconf 90' lang='lat' dir='ltr'><strong>Senatui</strong></span> 
     </span>
     <span class='ocr_line' id='line_1_27' title="bbox 232 2527 768 2608; baseline 0.043 -29"><span class='ocrx_word' id='word_1_121' title='bbox 232 2527 629 2608; x_wconf 79' lang='lat' dir='ltr'><strong>commendatusaCioerone,</strong></span> <span class='ocrx_word' id='word_1_122' title='bbox 646 2546 679 2597; x_wconf 93' lang='lat' dir='ltr'><strong>ut</strong></span> <span class='ocrx_word' id='word_1_123' title='bbox 690 2542 768 2602; x_wconf 87' lang='lat' dir='ltr'><strong>eirea</strong></span> 
     </span>
    </p>
   </div>
   <div class='ocr_carea' id='block_1_11' title="bbox 202 2611 767 5536">
    <p class='ocr_par' dir='ltr' id='par_1_15' title="bbox 217 2611 767 4002">
     <span class='ocr_line' id='line_1_28' title="bbox 231 2611 767 2699; baseline 0.041 -31"><span class='ocrx_word' id='word_1_124' title='bbox 231 2611 392 2686; x_wconf 76' lang='lat' dir='ltr'><strong>Angustum</strong></span> <span class='ocrx_word' id='word_1_125' title='bbox 417 2631 540 2678; x_wconf 87' lang='lat' dir='ltr'><strong>mensem</strong></span> <span class='ocrx_word' id='word_1_126' title='bbox 568 2621 647 2699; x_wconf 85' lang='lat' dir='ltr'><strong>[tnnc</strong></span> <span class='ocrx_word' id='word_1_127' title='bbox 672 2633 767 2689; x_wconf 88' lang='lat' dir='ltr'><strong>sexti·</strong></span> 
     </span>
     <span class='ocr_line' id='line_1_29' title="bbox 231 2698 766 2782; baseline 0.041 -26"><span class='ocrx_word' id='word_1_128' title='bbox 231 2698 420 2782; x_wconf 85' lang='lat' dir='ltr'><strong>lemdiutum]</strong></span> <span class='ocrx_word' id='word_1_129' title='bbox 431 2711 586 2770; x_wconf 85' lang='lat' dir='ltr'><strong>exercitum</strong></span> <span class='ocrx_word' id='word_1_130' title='bbox 597 2718 766 2778; x_wconf 84' lang='lat' dir='ltr'><strong>exeoloniis</strong></span> 
     </span>
     <span class='ocr_line' id='line_1_30' title="bbox 230 2794 763 2871; baseline 0.043 -26"><span class='ocrx_word' id='word_1_131' title='bbox 230 2803 330 2862; x_wconf 71' lang='lat' dir='ltr'><strong>eogere</strong></span> <span class='ocrx_word' id='word_1_132' title='bbox 345 2794 456 2864; x_wconf 84' lang='lat' dir='ltr'><strong>privata</strong></span> <span class='ocrx_word' id='word_1_133' title='bbox 471 2800 599 2871; x_wconf 89' lang='lat' dir='ltr'><strong>impensa</strong></span> <span class='ocrx_word' id='word_1_134' title='bbox 610 2805 763 2868; x_wconf 89' lang='lat' dir='ltr'><strong>institerit.</strong></span> 
     </span>
     <span class='ocr_line' id='line_1_31' title="bbox 230 2874 761 2973; baseline 0.041 -38"><span class='ocrx_word' id='word_1_135' title='bbox 230 2874 292 2952; x_wconf 85' lang='lat' dir='ltr'><strong>[biv</strong></span> <span class='ocrx_word' id='word_1_136' title='bbox 305 2881 348 2939; x_wconf 91' lang='lat' dir='ltr'><strong>lib</strong></span> <span class='ocrx_word' id='word_1_137' title='bbox 362 2896 449 2942; x_wconf 85' lang='lat' dir='ltr'><strong>exvn.</strong></span> <span class='ocrx_word' id='word_1_138' title='bbox 465 2888 567 2948; x_wconf 78' lang='lat' dir='ltr'><strong>lilorus</strong></span> <span class='ocrx_word' id='word_1_139' title='bbox 582 2893 625 2950; x_wconf 87' lang='lat' dir='ltr'><strong>lib</strong></span> <span class='ocrx_word' id='word_1_140' title='bbox 639 2909 678 2970; x_wconf 86' lang='grc' dir='ltr'><strong>ιι,</strong></span> <span class='ocrx_word' id='word_1_141' title='bbox 692 2914 723 2956; x_wconf 80' lang='grc' dir='ltr'><strong>ι.</strong></span> <span class='ocrx_word' id='word_1_142' title='bbox 734 2897 761 2973; x_wconf 80' lang='lat' dir='ltr'><strong>l,</strong></span> 
     </span>
     <span class='ocr_line' id='line_1_32' title="bbox 228 2968 763 3050; baseline 0.045 -27"><span class='ocrx_word' id='word_1_143' title='bbox 228 2968 509 3050; x_wconf 78' lang='lat' dir='ltr'><strong>etTabAneyranuJ.</strong></span> <span class='ocrx_word' id='word_1_144' title='bbox 519 2979 625 3039; x_wconf 82' lang='lat' dir='ltr'><strong>bellum</strong></span> <span class='ocrx_word' id='word_1_145' title='bbox 637 2987 763 3045; x_wconf 72' lang='lat' dir='ltr'><strong>Macedo</strong></span> 
     </span>
     <span class='ocr_line' id='line_1_33' title="bbox 227 3057 760 3152; baseline 0.051 -41"><span class='ocrx_word' id='word_1_146' title='bbox 227 3057 325 3115; x_wconf 90' lang='lat' dir='ltr'><strong>uleum</strong></span> <span class='ocrx_word' id='word_1_147' title='bbox 333 3062 534 3137; x_wconf 76' lang='lat' dir='ltr'><strong>contradens,</strong></span> <span class='ocrx_word' id='word_1_148' title='bbox 546 3075 575 3126; x_wconf 87' lang='lat' dir='ltr'><strong>et</strong></span> <span class='ocrx_word' id='word_1_149' title='bbox 584 3073 760 3152; x_wconf 81' lang='lat' dir='ltr'><strong>Parthicum,</strong></span> 
     </span>
     <span class='ocr_line' id='line_1_34' title="bbox 226 3147 758 3240; baseline 0.047 -39"><span class='ocrx_word' id='word_1_150' title='bbox 226 3149 254 3201; x_wconf 85' lang='lat' dir='ltr'><strong>et</strong></span> <span class='ocrx_word' id='word_1_151' title='bbox 274 3147 413 3220; x_wconf 62' lang='lat' dir='ltr'><strong>legiones</strong></span> <span class='ocrx_word' id='word_1_152' title='bbox 433 3151 497 3209; x_wconf 69' lang='lat' dir='ltr'><strong>aCss·</strong></span> <span class='ocrx_word' id='word_1_153' title='bbox 510 3155 619 3217; x_wconf 80' lang='lat' dir='ltr'><strong>casare</strong></span> <span class='ocrx_word' id='word_1_154' title='bbox 645 3173 758 3240; x_wconf 71' lang='lat' dir='ltr'><strong>paratae,</strong></span> 
     </span>
     <span class='ocr_line' id='line_1_35' title="bbox 225 3233 759 3326; baseline 0.047 -38"><span class='ocrx_word' id='word_1_155' title='bbox 225 3233 261 3288; x_wconf 90' lang='lat' dir='ltr'><strong>ll.</strong></span> <span class='ocrx_word' id='word_1_156' title='bbox 275 3235 403 3296; x_wconf 78' lang='lat' dir='ltr'><strong>Antonio</strong></span> <span class='ocrx_word' id='word_1_157' title='bbox 414 3240 534 3301; x_wconf 78' lang='lat' dir='ltr'><strong>decreta</strong></span> <span class='ocrx_word' id='word_1_158' title='bbox 545 3255 615 3305; x_wconf 89' lang='lat' dir='ltr'><strong>sunt</strong></span> <span class='ocrx_word' id='word_1_159' title='bbox 624 3263 688 3308; x_wconf 88' lang='lat' dir='ltr'><strong>eum</strong></span> <span class='ocrx_word' id='word_1_160' title='bbox 700 3269 759 3326; x_wconf 89' lang='lat' dir='ltr'><strong>quo</strong></span> 
     </span>
     <span class='ocr_line' id='line_1_36' title="bbox 224 3319 760 3400; baseline 0.045 -23"><span class='ocrx_word' id='word_1_161' title='bbox 224 3319 572 3391; x_wconf 77' lang='lat' dir='ltr'><strong>Octaviusreeonelliatus</strong></span> <span class='ocrx_word' id='word_1_162' title='bbox 580 3335 682 3397; x_wconf 87' lang='lat' dir='ltr'><strong>luerat.</strong></span> <span class='ocrx_word' id='word_1_163' title='bbox 695 3342 760 3400; x_wconf 85' lang='lat' dir='ltr'><strong>Pro·</strong></span> 
     </span>
     <span class='ocr_line' id='line_1_37' title="bbox 223 3411 757 3491; baseline 0.047 -25"><span class='ocrx_word' id='word_1_164' title='bbox 223 3411 325 3470; x_wconf 79' lang='lat' dir='ltr'><strong>rineiae</strong></span> <span class='ocrx_word' id='word_1_165' title='bbox 348 3419 513 3491; x_wconf 77' lang='lat' dir='ltr'><strong>assignata.</strong></span> <span class='ocrx_word' id='word_1_166' title='bbox 539 3424 608 3484; x_wconf 78' lang='lat' dir='ltr'><strong>Aeta</strong></span> <span class='ocrx_word' id='word_1_167' title='bbox 636 3428 757 3491; x_wconf 81' lang='lat' dir='ltr'><strong>casaris</strong></span> 
     </span>
     <span class='ocr_line' id='line_1_38' title="bbox 223 3498 756 3580; baseline 0.051 -26"><span class='ocrx_word' id='word_1_168' title='bbox 223 3498 357 3573; x_wconf 86' lang='lat' dir='ltr'><strong>pleraque</strong></span> <span class='ocrx_word' id='word_1_169' title='bbox 373 3507 550 3568; x_wconf 82' lang='lat' dir='ltr'><strong>coudrmata.</strong></span> <span class='ocrx_word' id='word_1_170' title='bbox 571 3515 756 3580; x_wconf 83' lang='lat' dir='ltr'><strong>Percussoree</strong></span> 
     </span>
     <span class='ocr_line' id='line_1_39' title="bbox 220 3585 755 3680; baseline 0.043 -36"><span class='ocrx_word' id='word_1_171' title='bbox 220 3585 350 3662; x_wconf 77' lang='lat' dir='ltr'><strong>cesaris,</strong></span> <span class='ocrx_word' id='word_1_172' title='bbox 369 3591 485 3668; x_wconf 87' lang='lat' dir='ltr'><strong>Brutus,</strong></span> <span class='ocrx_word' id='word_1_173' title='bbox 501 3604 530 3655; x_wconf 91' lang='lat' dir='ltr'><strong>et</strong></span> <span class='ocrx_word' id='word_1_174' title='bbox 551 3600 678 3678; x_wconf 86' lang='lat' dir='ltr'><strong>Cassius,</strong></span> <span class='ocrx_word' id='word_1_175' title='bbox 704 3623 755 3680; x_wconf 89' lang='lat' dir='ltr'><strong>spe</strong></span> 
     </span>
     <span class='ocr_line' id='line_1_40' title="bbox 219 3673 752 3768; baseline 0.047 -39"><span class='ocrx_word' id='word_1_176' title='bbox 219 3673 329 3746; x_wconf 70' lang='lat' dir='ltr'><strong>abioeta</strong></span> <span class='ocrx_word' id='word_1_177' title='bbox 343 3682 499 3742; x_wconf 83' lang='lat' dir='ltr'><strong>retinendae</strong></span> <span class='ocrx_word' id='word_1_178' title='bbox 516 3689 577 3759; x_wconf 87' lang='lat' dir='ltr'><strong>reip</strong></span> <span class='ocrx_word' id='word_1_179' title='bbox 593 3694 752 3768; x_wconf 89' lang='lat' dir='ltr'><strong>popularis,</strong></span> 
     </span>
     <span class='ocr_line' id='line_1_41' title="bbox 221 3763 752 3842; baseline 0.043 -23"><span class='ocrx_word' id='word_1_180' title='bbox 221 3763 251 3820; x_wconf 91' lang='lat' dir='ltr'><strong>in</strong></span> <span class='ocrx_word' id='word_1_181' title='bbox 263 3766 459 3829; x_wconf 76' lang='lat' dir='ltr'><strong>voluntarium</strong></span> <span class='ocrx_word' id='word_1_182' title='bbox 472 3777 610 3835; x_wconf 81' lang='lat' dir='ltr'><strong>exsilium</strong></span> <span class='ocrx_word' id='word_1_183' title='bbox 625 3782 752 3842; x_wconf 83' lang='lat' dir='ltr'><strong>dtbeuas</strong></span> 
     </span>
     <span class='ocr_line' id='line_1_42' title="bbox 220 3853 749 3932; baseline 0.045 -26"><span class='ocrx_word' id='word_1_184' title='bbox 220 3853 386 3913; x_wconf 78' lang='lat' dir='ltr'><strong>macedum.</strong></span> <span class='ocrx_word' id='word_1_185' title='bbox 410 3861 587 3922; x_wconf 85' lang='lat' dir='ltr'><strong>velleiuslib</strong></span> <span class='ocrx_word' id='word_1_186' title='bbox 608 3882 640 3932; x_wconf 86' lang='lat'><strong>11,</strong></span> <span class='ocrx_word' id='word_1_187' title='bbox 655 3883 679 3926; x_wconf 88' lang='lat' dir='ltr'><strong>o.</strong></span> <span class='ocrx_word' id='word_1_188' title='bbox 705 3871 749 3930; x_wconf 71' lang='grc'><strong>62.</strong></span> 
     </span>
     <span class='ocr_line' id='line_1_43' title="bbox 217 3938 429 4002; baseline 0.038 -8"><span class='ocrx_word' id='word_1_189' title='bbox 217 3938 268 3996; x_wconf 87' lang='lat' dir='ltr'><strong>bio</strong></span> <span class='ocrx_word' id='word_1_190' title='bbox 283 3939 327 3997; x_wconf 89' lang='lat' dir='ltr'><strong>lib</strong></span> <span class='ocrx_word' id='word_1_191' title='bbox 341 3957 429 4002; x_wconf 79' lang='lat' dir='ltr'><strong>xxvix.</strong></span> 
     </span>
    </p>

    <p class='ocr_par' dir='ltr' id='par_1_16' title="bbox 208 4029 751 4618">
     <span class='ocr_line' id='line_1_44' title="bbox 248 4029 751 4106; baseline 0.044 -21"><span class='ocrx_word' id='word_1_192' title='bbox 248 4029 348 4089; x_wconf 87' lang='lat' dir='ltr'><strong>Cioero</strong></span> <span class='ocrx_word' id='word_1_193' title='bbox 371 4034 423 4092; x_wconf 86' lang='lat' dir='ltr'><strong>boo</strong></span> <span class='ocrx_word' id='word_1_194' title='bbox 448 4050 523 4098; x_wconf 92' lang='lat' dir='ltr'><strong>anno</strong></span> <span class='ocrx_word' id='word_1_195' title='bbox 546 4043 601 4100; x_wconf 85' lang='lat' dir='ltr'><strong>iter</strong></span> <span class='ocrx_word' id='word_1_196' title='bbox 621 4046 650 4101; x_wconf 87' lang='lat' dir='ltr'><strong>in</strong></span> <span class='ocrx_word' id='word_1_197' title='bbox 668 4047 751 4106; x_wconf 80' lang='lat' dir='ltr'><strong>Gre-</strong></span> 
     </span>
     <span class='ocr_line' id='line_1_45' title="bbox 214 4115 749 4208; baseline 0.047 -37"><span class='ocrx_word' id='word_1_198' title='bbox 214 4115 287 4174; x_wconf 80' lang='lat' dir='ltr'><strong>olam</strong></span> <span class='ocrx_word' id='word_1_199' title='bbox 312 4130 503 4196; x_wconf 80' lang='lat' dir='ltr'><strong>suscepturus</strong></span> <span class='ocrx_word' id='word_1_200' title='bbox 528 4137 595 4189; x_wconf 89' lang='lat' dir='ltr'><strong>ante</strong></span> <span class='ocrx_word' id='word_1_201' title='bbox 618 4134 749 4208; x_wconf 73' lang='lat' dir='ltr'><strong>Olympia</strong></span> 
     </span>
     <span class='ocr_line' id='line_1_46' title="bbox 214 4196 746 4289; baseline 0.045 -30"><span class='ocrx_word' id='word_1_202' title='bbox 214 4196 259 4276; x_wconf 90' lang='lat' dir='ltr'><strong>[ad</strong></span> <span class='ocrx_word' id='word_1_203' title='bbox 271 4206 398 4267; x_wconf 78' lang='lat' dir='ltr'><strong>Attieum</strong></span> <span class='ocrx_word' id='word_1_204' title='bbox 414 4212 467 4269; x_wconf 91' lang='lat' dir='ltr'><strong>ltb.</strong></span> <span class='ocrx_word' id='word_1_205' title='bbox 482 4229 528 4282; x_wconf 79' lang='lat' dir='ltr'><strong>xv,</strong></span> <span class='ocrx_word' id='word_1_206' title='bbox 544 4231 588 4289; x_wconf 93' lang='lat' dir='ltr'><strong>ep.</strong></span> <span class='ocrx_word' id='word_1_207' title='bbox 604 4218 640 4278; x_wconf 74' lang='lat' dir='ltr'><strong>at</strong></span> <span class='ocrx_word' id='word_1_208' title='bbox 653 4231 682 4280; x_wconf 92' lang='lat' dir='ltr'><strong>et</strong></span> <span class='ocrx_word' id='word_1_209' title='bbox 695 4225 746 4282; x_wconf 90' lang='lat' dir='ltr'><strong>lib.</strong></span> 
     </span>
     <span class='ocr_line' id='line_1_47' title="bbox 214 4293 748 4380; baseline 0.049 -33"><span class='ocrx_word' id='word_1_210' title='bbox 214 4303 271 4366; x_wconf 80' lang='lat' dir='ltr'><strong>xxx,</strong></span> <span class='ocrx_word' id='word_1_211' title='bbox 279 4308 324 4367; x_wconf 84' lang='lat' dir='ltr'><strong>ep.</strong></span> <span class='ocrx_word' id='word_1_212' title='bbox 336 4293 365 4374; x_wconf 82' lang='lat'><strong>7]</strong></span> <span class='ocrx_word' id='word_1_213' title='bbox 375 4305 501 4360; x_wconf 86' lang='lat' dir='ltr'><strong>ostendit</strong></span> <span class='ocrx_word' id='word_1_214' title='bbox 509 4307 688 4380; x_wconf 79' lang='lat' dir='ltr'><strong>Olympiadis</strong></span> <span class='ocrx_word' id='word_1_215' title='bbox 696 4312 748 4373; x_wconf 79' lang='lat' dir='ltr'><strong>tal</strong></span> 
     </span>
     <span class='ocr_line' id='line_1_48' title="bbox 212 4380 747 4464; baseline 0.047 -28"><span class='ocrx_word' id='word_1_216' title='bbox 212 4380 747 4464; x_wconf 86' lang='lat' dir='ltr'><strong>ineuntisannurnplurimnmbuican·</strong></span> 
     </span>
     <span class='ocr_line' id='line_1_49' title="bbox 210 4475 746 4562; baseline 0.043 -37"><span class='ocrx_word' id='word_1_217' title='bbox 210 4481 247 4527; x_wconf 91' lang='lat' dir='ltr'><strong>uo</strong></span> <span class='ocrx_word' id='word_1_218' title='bbox 260 4475 350 4533; x_wconf 78' lang='lat' dir='ltr'><strong>cadis</strong></span> <span class='ocrx_word' id='word_1_219' title='bbox 367 4477 397 4535; x_wconf 87' lang='lat' dir='ltr'><strong>c.</strong></span> <span class='ocrx_word' id='word_1_220' title='bbox 409 4480 529 4542; x_wconf 75' lang='lat' dir='ltr'><strong>cesaris</strong></span> <span class='ocrx_word' id='word_1_221' title='bbox 540 4498 602 4543; x_wconf 85' lang='lat' dir='ltr'><strong>esse</strong></span> <span class='ocrx_word' id='word_1_222' title='bbox 614 4488 746 4562; x_wconf 73' lang='lat' dir='ltr'><strong>allegan-</strong></span> 
     </span>
     <span class='ocr_line' id='line_1_50' title="bbox 208 4557 288 4618; baseline 0.038 -3"><span class='ocrx_word' id='word_1_223' title='bbox 208 4557 288 4618; x_wconf 85' lang='lat' dir='ltr'><strong>dum.</strong></span> 
     </span>
    </p>

    <p class='ocr_par' dir='ltr' id='par_1_17' title="bbox 202 4654 742 5536">
     <span class='ocr_line' id='line_1_51' title="bbox 241 4654 742 4735; baseline 0.044 -27"><span class='ocrx_word' id='word_1_224' title='bbox 241 4654 387 4713; x_wconf 77' lang='lat' dir='ltr'><strong>Antonius</strong></span> <span class='ocrx_word' id='word_1_225' title='bbox 409 4659 525 4733; x_wconf 83' lang='lat' dir='ltr'><strong>consid,</strong></span> <span class='ocrx_word' id='word_1_226' title='bbox 552 4670 692 4735; x_wconf 76' lang='lat' dir='ltr'><strong>potestate</strong></span> <span class='ocrx_word' id='word_1_227' title='bbox 715 4674 742 4730; x_wconf 89' lang='lat' dir='ltr'><strong>el</strong></span> 
     </span>
     <span class='ocr_line' id='line_1_52' title="bbox 208 4736 741 4833; baseline 0.043 -38"><span class='ocrx_word' id='word_1_228' title='bbox 208 4736 282 4798; x_wconf 82' lang='lat' dir='ltr'><strong>laeta</strong></span> <span class='ocrx_word' id='word_1_229' title='bbox 297 4746 387 4814; x_wconf 89' lang='lat' dir='ltr'><strong>pers.</strong></span> <span class='ocrx_word' id='word_1_230' title='bbox 399 4749 429 4803; x_wconf 93' lang='grc' dir='ltr'><strong>Ρ.</strong></span> <span class='ocrx_word' id='word_1_231' title='bbox 443 4748 476 4818; x_wconf 82' lang='lat' dir='ltr'><strong>Q.</strong></span> <span class='ocrx_word' id='word_1_232' title='bbox 492 4753 526 4809; x_wconf 86' lang='lat' dir='ltr'><strong>n.</strong></span> <span class='ocrx_word' id='word_1_233' title='bbox 538 4759 741 4833; x_wconf 73' lang='lat' dir='ltr'><strong>cognoscendi,</strong></span> 
     </span>
     <span class='ocr_line' id='line_1_53' title="bbox 206 4832 739 4922; baseline 0.043 -38"><span class='ocrx_word' id='word_1_234' title='bbox 206 4832 235 4885; x_wconf 86' lang='lat' dir='ltr'><strong>et</strong></span> <span class='ocrx_word' id='word_1_235' title='bbox 253 4838 428 4906; x_wconf 78' lang='lat' dir='ltr'><strong>exsequendi</strong></span> <span class='ocrx_word' id='word_1_236' title='bbox 451 4839 487 4896; x_wconf 89' lang='lat' dir='ltr'><strong>de</strong></span> <span class='ocrx_word' id='word_1_237' title='bbox 509 4842 590 4900; x_wconf 78' lang='lat' dir='ltr'><strong>dotis</strong></span> <span class='ocrx_word' id='word_1_238' title='bbox 609 4846 739 4922; x_wconf 69' lang='lat' dir='ltr'><strong>Caesaris,</strong></span> 
     </span>
     <span class='ocr_line' id='line_1_54' title="bbox 207 4922 742 5008; baseline 0.041 -33"><span class='ocrx_word' id='word_1_239' title='bbox 207 4932 270 4990; x_wconf 77' lang='lat' dir='ltr'><strong>qua</strong></span> <span class='ocrx_word' id='word_1_240' title='bbox 293 4922 320 4980; x_wconf 89' lang='lat' dir='ltr'><strong>is</strong></span> <span class='ocrx_word' id='word_1_241' title='bbox 344 4925 491 5002; x_wconf 75' lang='lat' dir='ltr'><strong>jussisset,</strong></span> <span class='ocrx_word' id='word_1_242' title='bbox 515 4931 686 5008; x_wconf 84' lang='lat' dir='ltr'><strong>libertatem,</strong></span> <span class='ocrx_word' id='word_1_243' title='bbox 712 4947 742 4997; x_wconf 87' lang='lat' dir='ltr'><strong>et</strong></span> 
     </span>
     <span class='ocr_line' id='line_1_55' title="bbox 203 5006 742 5092; baseline 0.037 -28"><span class='ocrx_word' id='word_1_244' title='bbox 203 5006 252 5076; x_wconf 79' lang='lat' dir='ltr'><strong>lus</strong></span> <span class='ocrx_word' id='word_1_245' title='bbox 260 5009 394 5072; x_wconf 81' lang='lat' dir='ltr'><strong>Romanae</strong></span> <span class='ocrx_word' id='word_1_246' title='bbox 404 5017 547 5092; x_wconf 79' lang='lat' dir='ltr'><strong>Civitatis,</strong></span> <span class='ocrx_word' id='word_1_247' title='bbox 561 5025 742 5083; x_wconf 89' lang='lat' dir='ltr'><strong>etimmunl-</strong></span> 
     </span>
     <span class='ocr_line' id='line_1_56' title="bbox 205 5102 739 5189; baseline 0.043 -34"><span class='ocrx_word' id='word_1_248' title='bbox 205 5102 276 5158; x_wconf 85' lang='lat' dir='ltr'><strong>tates</strong></span> <span class='ocrx_word' id='word_1_249' title='bbox 291 5106 417 5180; x_wconf 82' lang='lat' dir='ltr'><strong>populis,</strong></span> <span class='ocrx_word' id='word_1_250' title='bbox 435 5123 468 5167; x_wconf 89' lang='lat' dir='ltr'><strong>ao</strong></span> <span class='ocrx_word' id='word_1_251' title='bbox 483 5113 616 5184; x_wconf 84' lang='lat' dir='ltr'><strong>oyuastts</strong></span> <span class='ocrx_word' id='word_1_252' title='bbox 631 5120 739 5189; x_wconf 87' lang='lat' dir='ltr'><strong>passim</strong></span> 
     </span>
     <span class='ocr_line' id='line_1_57' title="bbox 204 5191 737 5269; baseline 0.043 -25"><span class='ocrx_word' id='word_1_253' title='bbox 204 5191 357 5251; x_wconf 84' lang='lat' dir='ltr'><strong>vendebat:</strong></span> <span class='ocrx_word' id='word_1_254' title='bbox 370 5197 463 5269; x_wconf 85' lang='lat' dir='ltr'><strong>deque</strong></span> <span class='ocrx_word' id='word_1_255' title='bbox 477 5200 523 5257; x_wconf 89' lang='lat' dir='ltr'><strong>bis</strong></span> <span class='ocrx_word' id='word_1_256' title='bbox 532 5206 667 5264; x_wconf 90' lang='lat' dir='ltr'><strong>omnibus</strong></span> <span class='ocrx_word' id='word_1_257' title='bbox 678 5213 737 5266; x_wconf 89' lang='lat' dir='ltr'><strong>toto</strong></span> 
     </span>
     <span class='ocr_line' id='line_1_58' title="bbox 202 5276 735 5364; baseline 0.043 -31"><span class='ocrx_word' id='word_1_258' title='bbox 202 5276 345 5350; x_wconf 80' lang='lat' dir='ltr'><strong>capitolio</strong></span> <span class='ocrx_word' id='word_1_259' title='bbox 361 5285 466 5344; x_wconf 85' lang='lat' dir='ltr'><strong>tabulae</strong></span> <span class='ocrx_word' id='word_1_260' title='bbox 490 5288 659 5364; x_wconf 78' lang='lat' dir='ltr'><strong>dqebautur.</strong></span> <span class='ocrx_word' id='word_1_261' title='bbox 675 5299 735 5355; x_wconf 86' lang='lat' dir='ltr'><strong>cto.</strong></span> 
     </span>
     <span class='ocr_line' id='line_1_59' title="bbox 204 5365 734 5456; baseline 0.043 -35"><span class='ocrx_word' id='word_1_262' title='bbox 204 5365 309 5441; x_wconf 84' lang='lat' dir='ltr'><strong>Pbillp.</strong></span> <span class='ocrx_word' id='word_1_263' title='bbox 326 5371 443 5432; x_wconf 70' lang='lat' dir='ltr'><strong>bettio.</strong></span> <span class='ocrx_word' id='word_1_264' title='bbox 461 5381 550 5450; x_wconf 74' lang='lat' dir='ltr'><strong>tqad.</strong></span> <span class='ocrx_word' id='word_1_265' title='bbox 562 5380 628 5440; x_wconf 86' lang='lat' dir='ltr'><strong>lam.</strong></span> <span class='ocrx_word' id='word_1_266' title='bbox 646 5399 690 5456; x_wconf 87' lang='lat' dir='ltr'><strong>ep.</strong></span> <span class='ocrx_word' id='word_1_267' title='bbox 709 5385 734 5443; x_wconf 89' lang='lat' dir='ltr'><strong>l.</strong></span> 
     </span>
     <span class='ocr_line' id='line_1_60' title="bbox 205 5458 737 5536; baseline 0.039 -22"><span class='ocrx_word' id='word_1_268' title='bbox 205 5458 309 5518; x_wconf 84' lang='lat' dir='ltr'><strong>Patere.</strong></span> <span class='ocrx_word' id='word_1_269' title='bbox 326 5461 379 5519; x_wconf 90' lang='lat' dir='ltr'><strong>lib.</strong></span> <span class='ocrx_word' id='word_1_270' title='bbox 404 5479 425 5521; x_wconf 90' lang='lat' dir='ltr'><strong>n</strong></span> <span class='ocrx_word' id='word_1_271' title='bbox 441 5468 516 5524; x_wconf 88' lang='lat' dir='ltr'><strong>Plut.</strong></span> <span class='ocrx_word' id='word_1_272' title='bbox 545 5471 575 5527; x_wconf 91' lang='lat' dir='ltr'><strong>in</strong></span> <span class='ocrx_word' id='word_1_273' title='bbox 599 5472 666 5532; x_wconf 78' lang='lat' dir='ltr'><strong>Ant.</strong></span> <span class='ocrx_word' id='word_1_274' title='bbox 681 5478 737 5536; x_wconf 90' lang='lat' dir='ltr'><strong>bio</strong></span> 
     </span>
    </p>
   </div>
   <div class='ocr_carea' id='block_1_12' title="bbox 203 5545 736 5717">
    <p class='ocr_par' dir='ltr' id='par_1_18' title="bbox 203 5545 736 5717">
     <span class='ocr_line' id='line_1_61' title="bbox 203 5545 736 5634; baseline 0.039 -31"><span class='ocrx_word' id='word_1_275' title='bbox 203 5545 252 5605; x_wconf 92' lang='lat' dir='ltr'><strong>llb.</strong></span> <span class='ocrx_word' id='word_1_276' title='bbox 268 5563 348 5623; x_wconf 81' lang='lat' dir='ltr'><strong>xxiv,</strong></span> <span class='ocrx_word' id='word_1_277' title='bbox 365 5559 533 5625; x_wconf 73' lang='lat' dir='ltr'><strong>quaomnia</strong></span> <span class='ocrx_word' id='word_1_278' title='bbox 547 5563 736 5634; x_wconf 81' lang='lat' dir='ltr'><strong>comprobant</strong></span> 
     </span>
     <span class='ocr_line' id='line_1_62' title="bbox 203 5633 501 5717; baseline 0.037 -25"><span class='ocrx_word' id='word_1_279' title='bbox 203 5633 355 5699; x_wconf 81' lang='lat' dir='ltr'><strong>historiam</strong></span> <span class='ocrx_word' id='word_1_280' title='bbox 376 5643 501 5717; x_wconf 85' lang='lat' dir='ltr'><strong>iosepbi.</strong></span> 
     </span>
    </p>
   </div>
   <div class='ocr_carea' id='block_1_13' title="bbox 820 559 1113 643">
    <p class='ocr_par' dir='ltr' id='par_1_19' title="bbox 820 559 1113 643">
     <span class='ocr_line' id='line_1_63' title="bbox 820 559 1113 643; baseline 0.055 -30"><span class='ocrx_word' id='word_1_281' title='bbox 820 559 909 617; x_wconf 74' lang='lat' dir='ltr'><strong>Urbis</strong></span> <span class='ocrx_word' id='word_1_282' title='bbox 1005 567 1113 643; x_wconf 66' lang='lat' dir='ltr'><strong>Olym.</strong></span> 
     </span>
    </p>
   </div>
   <div class='ocr_carea' id='block_1_14' title="bbox 811 706 917 920">
    <p class='ocr_par' dir='ltr' id='par_1_20' title="bbox 811 706 917 920">
     <span class='ocr_line' id='line_1_64' title="bbox 829 706 893 758; baseline 0.031 -2"><span class='ocrx_word' id='word_1_283' title='bbox 829 706 893 758; x_wconf 85' lang='lat' dir='ltr'><strong>ante</strong></span> 
     </span>
     <span class='ocr_line' id='line_1_65' title="bbox 811 776 917 843; baseline 0.066 -18"><span class='ocrx_word' id='word_1_284' title='bbox 811 776 837 826; x_wconf 82' lang='lat' dir='ltr'><strong>et</strong></span> <span class='ocrx_word' id='word_1_285' title='bbox 854 779 917 843; x_wconf 84' lang='lat' dir='ltr'><strong>poet</strong></span> 
     </span>
     <span class='ocr_line' id='line_1_66' title="bbox 820 860 904 920; baseline 0.048 -4"><span class='ocrx_word' id='word_1_286' title='bbox 820 860 904 920; x_wconf 74' lang='lat' dir='ltr'><strong>Patet.</strong></span> 
     </span>
    </p>
   </div>
   <div class='ocr_carea' id='block_1_15' title="bbox 1763 388 1820 471">
    <p class='ocr_par' dir='ltr' id='par_1_21' title="bbox 1763 388 1820 471">
     <span class='ocr_line' id='line_1_67' title="bbox 1763 388 1820 471; baseline 0 -1"><span class='ocrx_word' id='word_1_287' title='bbox 1763 388 1820 471; x_wconf 76' lang='lat' dir='ltr'><strong>tie</strong></span> 
     </span>
    </p>
   </div>
   <div class='ocr_carea' id='block_1_16' title="bbox 1133 507 1786 668">
    <p class='ocr_par' dir='ltr' id='par_1_22' title="bbox 1133 507 1786 668">
     <span class='ocr_line' id='line_1_68' title="bbox 1133 507 1786 600; baseline 0.051 -39"><span class='ocrx_word' id='word_1_288' title='bbox 1133 507 1290 567; x_wconf 74' lang='lat' dir='ltr'><strong>iudeorum</strong></span> <span class='ocrx_word' id='word_1_289' title='bbox 1312 520 1339 570; x_wconf 77' lang='lat' dir='ltr'><strong>et</strong></span> <span class='ocrx_word' id='word_1_290' title='bbox 1363 520 1541 588; x_wconf 69' lang='lat' dir='ltr'><strong>finitimorum</strong></span> <span class='ocrx_word' id='word_1_291' title='bbox 1561 531 1677 600; x_wconf 84' lang='lat' dir='ltr'><strong>populo·</strong></span> <span class='ocrx_word' id='word_1_292' title='bbox 1707 534 1786 595; x_wconf 74' lang='lat' dir='ltr'><strong>Anaxi</strong></span> 
     </span>
     <span class='ocr_line' id='line_1_69' title="bbox 1166 585 1776 668; baseline 0.054 -36"><span class='ocrx_word' id='word_1_293' title='bbox 1166 595 1228 635; x_wconf 83' lang='lat' dir='ltr'><strong>rum</strong></span> <span class='ocrx_word' id='word_1_294' title='bbox 1256 585 1403 656; x_wconf 67' lang='lat' dir='ltr'><strong>Pontifices,</strong></span> <span class='ocrx_word' id='word_1_295' title='bbox 1428 593 1521 664; x_wconf 76' lang='lat' dir='ltr'><strong>nepes,</strong></span> <span class='ocrx_word' id='word_1_296' title='bbox 1534 613 1577 654; x_wconf 77' lang='lat' dir='ltr'><strong>res</strong></span> <span class='ocrx_word' id='word_1_297' title='bbox 1593 607 1673 668; x_wconf 84' lang='lat' dir='ltr'><strong>qestoe</strong></span> <span class='ocrx_word' id='word_1_298' title='bbox 1712 613 1776 665; x_wconf 78' lang='lat' dir='ltr'><strong>oute</strong></span> 
     </span>
    </p>
   </div>
   <div class='ocr_carea' id='block_1_17' title="bbox 1167 652 1376 713">
    <p class='ocr_par' dir='ltr' id='par_1_23' title="bbox 1167 652 1376 713">
     <span class='ocr_line' id='line_1_70' title="bbox 1167 652 1376 713; baseline 0.048 -9"><span class='ocrx_word' id='word_1_299' title='bbox 1167 655 1193 705; x_wconf 85' lang='lat' dir='ltr'><strong>et</strong></span> <span class='ocrx_word' id='word_1_300' title='bbox 1204 652 1376 713; x_wconf 75' lang='lat' dir='ltr'><strong>documenta.</strong></span> 
     </span>
    </p>
   </div>
   <div class='ocr_carea' id='block_1_18' title="bbox 1696 677 1789 735">
    <p class='ocr_par' dir='ltr' id='par_1_24' title="bbox 1696 677 1789 735">
     <span class='ocr_line' id='line_1_71' title="bbox 1696 677 1789 735; baseline 0.054 -4"><span class='ocrx_word' id='word_1_301' title='bbox 1696 677 1789 735; x_wconf 60' lang='lat' dir='ltr'><strong>&amp;em</strong></span> 
     </span>
    </p>
   </div>
   <div class='ocr_carea' id='block_1_19' title="bbox 1130 745 1789 838">
    <p class='ocr_par' dir='ltr' id='par_1_25' title="bbox 1130 745 1789 838">
     <span class='ocr_line' id='line_1_72' title="bbox 1130 745 1789 838; baseline 0.039 -38"><span class='ocrx_word' id='word_1_302' title='bbox 1130 758 1195 802; x_wconf 88' lang='lat' dir='ltr'><strong>eum</strong></span> <span class='ocrx_word' id='word_1_303' title='bbox 1205 749 1248 805; x_wconf 90' lang='lat' dir='ltr'><strong>eis</strong></span> <span class='ocrx_word' id='word_1_304' title='bbox 1259 765 1475 831; x_wconf 82' lang='lat' dir='ltr'><strong>renovaverunt,</strong></span> <span class='ocrx_word' id='word_1_305' title='bbox 1485 765 1663 838; x_wconf 87' lang='lat' dir='ltr'><strong>etquidquid</strong></span> <span class='ocrx_word' id='word_1_306' title='bbox 1686 745 1789 806; x_wconf 57' lang='lat' dir='ltr'><strong>cmm</strong></span> 
     </span>
    </p>
   </div>
   <div class='ocr_carea' id='block_1_20' title="bbox 1119 835 1668 1891">
    <p class='ocr_par' dir='ltr' id='par_1_26' title="bbox 1119 835 1668 1891">
     <span class='ocr_line' id='line_1_73' title="bbox 1134 835 1668 913; baseline 0.052 -26"><span class='ocrx_word' id='word_1_307' title='bbox 1134 835 1287 902; x_wconf 85' lang='lat' dir='ltr'><strong>petierunt.</strong></span> <span class='ocrx_word' id='word_1_308' title='bbox 1297 841 1551 909; x_wconf 76' lang='lat' dir='ltr'><strong>senatusconsulto</strong></span> <span class='ocrx_word' id='word_1_309' title='bbox 1562 854 1606 911; x_wconf 90' lang='lat' dir='ltr'><strong>eis</strong></span> <span class='ocrx_word' id='word_1_310' title='bbox 1613 855 1668 913; x_wconf 92' lang='lat' dir='ltr'><strong>de-</strong></span> 
     </span>
     <span class='ocr_line' id='line_1_74' title="bbox 1131 927 1667 1010; baseline 0.05 -36"><span class='ocrx_word' id='word_1_311' title='bbox 1131 927 1238 979; x_wconf 86' lang='lat' dir='ltr'><strong>cretum</strong></span> <span class='ocrx_word' id='word_1_312' title='bbox 1256 933 1307 983; x_wconf 87' lang='lat' dir='ltr'><strong>est.</strong></span> <span class='ocrx_word' id='word_1_313' title='bbox 1332 931 1478 992; x_wconf 85' lang='lat' dir='ltr'><strong>Dolabella</strong></span> <span class='ocrx_word' id='word_1_314' title='bbox 1497 939 1667 1010; x_wconf 72' lang='lat' dir='ltr'><strong>etiamad-</strong></span> 
     </span>
     <span class='ocr_line' id='line_1_75' title="bbox 1129 1010 1666 1102; baseline 0.047 -39"><span class='ocrx_word' id='word_1_315' title='bbox 1129 1010 1221 1080; x_wconf 89' lang='lat' dir='ltr'><strong>oeptls</strong></span> <span class='ocrx_word' id='word_1_316' title='bbox 1230 1012 1265 1068; x_wconf 86' lang='lat' dir='ltr'><strong>ab</strong></span> <span class='ocrx_word' id='word_1_317' title='bbox 1277 1015 1405 1087; x_wconf 84' lang='lat' dir='ltr'><strong>Hyrcano</strong></span> <span class='ocrx_word' id='word_1_318' title='bbox 1415 1022 1531 1097; x_wconf 85' lang='lat' dir='ltr'><strong>litteris,</strong></span> <span class='ocrx_word' id='word_1_319' title='bbox 1546 1030 1666 1102; x_wconf 81' lang='lat' dir='ltr'><strong>scripsit</strong></span> 
     </span>
     <span class='ocr_line' id='line_1_76' title="bbox 1129 1099 1665 1186; baseline 0.047 -36"><span class='ocrx_word' id='word_1_320' title='bbox 1129 1109 1180 1166; x_wconf 92' lang='lat' dir='ltr'><strong>per</strong></span> <span class='ocrx_word' id='word_1_321' title='bbox 1203 1099 1365 1162; x_wconf 68' lang='lat' dir='ltr'><strong>universam</strong></span> <span class='ocrx_word' id='word_1_322' title='bbox 1382 1106 1490 1182; x_wconf 78' lang='lat' dir='ltr'><strong>Asiam,</strong></span> <span class='ocrx_word' id='word_1_323' title='bbox 1514 1118 1542 1171; x_wconf 94' lang='lat' dir='ltr'><strong>et</strong></span> <span class='ocrx_word' id='word_1_324' title='bbox 1564 1117 1665 1186; x_wconf 83' lang='lat' dir='ltr'><strong>primu</strong></span> 
     </span>
     <span class='ocr_line' id='line_1_77' title="bbox 1127 1184 1664 1274; baseline 0.047 -35"><span class='ocrx_word' id='word_1_325' title='bbox 1127 1184 1190 1254; x_wconf 85' lang='lat' dir='ltr'><strong>ejus</strong></span> <span class='ocrx_word' id='word_1_326' title='bbox 1213 1189 1368 1258; x_wconf 77' lang='lat' dir='ltr'><strong>provincie</strong></span> <span class='ocrx_word' id='word_1_327' title='bbox 1383 1196 1497 1256; x_wconf 81' lang='lat' dir='ltr'><strong>civitati</strong></span> <span class='ocrx_word' id='word_1_328' title='bbox 1520 1201 1664 1274; x_wconf 84' lang='lat' dir='ltr'><strong>Ephesio-</strong></span> 
     </span>
     <span class='ocr_line' id='line_1_78' title="bbox 1127 1275 1662 1350; baseline 0.045 -23"><span class='ocrx_word' id='word_1_329' title='bbox 1127 1286 1190 1330; x_wconf 91' lang='lat' dir='ltr'><strong>rum</strong></span> <span class='ocrx_word' id='word_1_330' title='bbox 1218 1275 1348 1343; x_wconf 75' lang='lat' dir='ltr'><strong>inbono</strong></span> <span class='ocrx_word' id='word_1_331' title='bbox 1370 1284 1496 1344; x_wconf 90' lang='lat' dir='ltr'><strong>modum.</strong></span> <span class='ocrx_word' id='word_1_332' title='bbox 1520 1291 1662 1350; x_wconf 80' lang='lat' dir='ltr'><strong>Dolabella</strong></span> 
     </span>
     <span class='ocr_line' id='line_1_79' title="bbox 1126 1359 1662 1453; baseline 0.052 -39"><span class='ocrx_word' id='word_1_333' title='bbox 1126 1359 1281 1432; x_wconf 90' lang='lat' dir='ltr'><strong>imperator</strong></span> <span class='ocrx_word' id='word_1_334' title='bbox 1289 1369 1480 1440; x_wconf 83' lang='lat' dir='ltr'><strong>Ephesiorum</strong></span> <span class='ocrx_word' id='word_1_335' title='bbox 1488 1381 1662 1453; x_wconf 73' lang='lat' dir='ltr'><strong>magistrati-</strong></span> 
     </span>
     <span class='ocr_line' id='line_1_80' title="bbox 1124 1447 1661 1528; baseline 0.043 -25"><span class='ocrx_word' id='word_1_336' title='bbox 1124 1447 1178 1506; x_wconf 85' lang='lat' dir='ltr'><strong>bus</strong></span> <span class='ocrx_word' id='word_1_337' title='bbox 1205 1453 1234 1510; x_wconf 88' lang='lat' dir='ltr'><strong>S.</strong></span> <span class='ocrx_word' id='word_1_338' title='bbox 1258 1456 1289 1512; x_wconf 87' lang='lat' dir='ltr'><strong>P.</strong></span> <span class='ocrx_word' id='word_1_339' title='bbox 1315 1458 1348 1528; x_wconf 90' lang='lat' dir='ltr'><strong>Q.</strong></span> <span class='ocrx_word' id='word_1_340' title='bbox 1382 1461 1415 1518; x_wconf 83' lang='lat' dir='ltr'><strong>li.</strong></span> <span class='ocrx_word' id='word_1_341' title='bbox 1444 1464 1474 1521; x_wconf 77' lang='lat' dir='ltr'><strong>S·</strong></span> <span class='ocrx_word' id='word_1_342' title='bbox 1501 1467 1661 1528; x_wconf 77' lang='lat' dir='ltr'><strong>Alexander</strong></span> 
     </span>
     <span class='ocr_line' id='line_1_81' title="bbox 1123 1537 1658 1629; baseline 0.049 -37"><span class='ocrx_word' id='word_1_343' title='bbox 1123 1537 1203 1596; x_wconf 89' lang='lat' dir='ltr'><strong>illius</strong></span> <span class='ocrx_word' id='word_1_344' title='bbox 1224 1542 1366 1605; x_wconf 86' lang='lat' dir='ltr'><strong>Tbeodori</strong></span> <span class='ocrx_word' id='word_1_345' title='bbox 1393 1550 1504 1624; x_wconf 70' lang='lat' dir='ltr'><strong>legatus</strong></span> <span class='ocrx_word' id='word_1_346' title='bbox 1535 1557 1658 1629; x_wconf 82' lang='lat' dir='ltr'><strong>llyreaui</strong></span> 
     </span>
     <span class='ocr_line' id='line_1_82' title="bbox 1121 1629 1657 1706; baseline 0.045 -24"><span class='ocrx_word' id='word_1_347' title='bbox 1121 1629 1657 1706; x_wconf 78' lang='lat' dir='ltr'><strong>pontideisaeetbnarcbaeiudaeorum</strong></span> 
     </span>
     <span class='ocr_line' id='line_1_83' title="bbox 1121 1716 1656 1807; baseline 0.047 -37"><span class='ocrx_word' id='word_1_348' title='bbox 1121 1716 1193 1774; x_wconf 88' lang='lat' dir='ltr'><strong>mibi</strong></span> <span class='ocrx_word' id='word_1_349' title='bbox 1210 1721 1311 1779; x_wconf 90' lang='lat' dir='ltr'><strong>retulit</strong></span> <span class='ocrx_word' id='word_1_350' title='bbox 1319 1724 1355 1782; x_wconf 92' lang='lat' dir='ltr'><strong>de</strong></span> <span class='ocrx_word' id='word_1_351' title='bbox 1367 1727 1563 1804; x_wconf 73' lang='lat' dir='ltr'><strong>dibussem,</strong></span> <span class='ocrx_word' id='word_1_352' title='bbox 1579 1737 1656 1807; x_wconf 89' lang='lat' dir='ltr'><strong>quod</strong></span> 
     </span>
     <span class='ocr_line' id='line_1_84' title="bbox 1119 1804 1658 1891; baseline 0.045 -33"><span class='ocrx_word' id='word_1_353' title='bbox 1119 1804 1247 1864; x_wconf 88' lang='lat' dir='ltr'><strong>militare</strong></span> <span class='ocrx_word' id='word_1_354' title='bbox 1257 1823 1315 1867; x_wconf 92' lang='lat' dir='ltr'><strong>non</strong></span> <span class='ocrx_word' id='word_1_355' title='bbox 1328 1816 1449 1888; x_wconf 81' lang='lat' dir='ltr'><strong>possint,</strong></span> <span class='ocrx_word' id='word_1_356' title='bbox 1464 1832 1498 1876; x_wconf 89' lang='lat' dir='ltr'><strong>eo</strong></span> <span class='ocrx_word' id='word_1_357' title='bbox 1513 1823 1588 1891; x_wconf 90' lang='lat' dir='ltr'><strong>quod</strong></span> <span class='ocrx_word' id='word_1_358' title='bbox 1601 1835 1658 1880; x_wconf 89' lang='lat' dir='ltr'><strong>ue-</strong></span> 
     </span>
    </p>
   </div>
   <div class='ocr_carea' id='block_1_21' title="bbox 1116 1906 1656 2061">
    <p class='ocr_par' dir='ltr' id='par_1_27' title="bbox 1116 1906 1656 2061">
     <span class='ocr_line' id='line_1_85' title="bbox 1118 1906 1656 1979; baseline 0.041 -31"><span class='ocrx_word' id='word_1_359' title='bbox 1118 1907 1174 1963; x_wconf 90' lang='lat' dir='ltr'><strong>que</strong></span> <span class='ocrx_word' id='word_1_360' title='bbox 1186 1909 1265 1954; x_wconf 89' lang='lat' dir='ltr'><strong>arma</strong></span> <span class='ocrx_word' id='word_1_361' title='bbox 1286 1906 1407 1973; x_wconf 73' lang='lat' dir='ltr'><strong>gestare,</strong></span> <span class='ocrx_word' id='word_1_362' title='bbox 1423 1919 1517 1979; x_wconf 87' lang='lat' dir='ltr'><strong>neque</strong></span> <span class='ocrx_word' id='word_1_363' title='bbox 1538 1910 1594 1967; x_wconf 89' lang='lat' dir='ltr'><strong>iter</strong></span> <span class='ocrx_word' id='word_1_364' title='bbox 1607 1911 1656 1968; x_wconf 85' lang='lat' dir='ltr'><strong>ia-</strong></span> 
     </span>
     <span class='ocr_line' id='line_1_86' title="bbox 1116 1973 1652 2061; baseline 0.041 -34"><span class='ocrx_word' id='word_1_365' title='bbox 1116 1985 1180 2030; x_wconf 89' lang='lat' dir='ltr'><strong>eere</strong></span> <span class='ocrx_word' id='word_1_366' title='bbox 1193 1973 1238 2033; x_wconf 87' lang='lat' dir='ltr'><strong>las</strong></span> <span class='ocrx_word' id='word_1_367' title='bbox 1252 1979 1292 2036; x_wconf 90' lang='lat' dir='ltr'><strong>sit</strong></span> <span class='ocrx_word' id='word_1_368' title='bbox 1302 1982 1407 2042; x_wconf 90' lang='lat' dir='ltr'><strong>diebus</strong></span> <span class='ocrx_word' id='word_1_369' title='bbox 1420 1984 1583 2061; x_wconf 84' lang='lat' dir='ltr'><strong>sabbathis,</strong></span> <span class='ocrx_word' id='word_1_370' title='bbox 1597 2003 1652 2049; x_wconf 89' lang='lat' dir='ltr'><strong>ue·</strong></span> 
     </span>
    </p>
   </div>
   <div class='ocr_carea' id='block_1_22' title="bbox 1094 2066 1652 4100">
    <p class='ocr_par' dir='ltr' id='par_1_28' title="bbox 1094 2066 1652 4100">
     <span class='ocr_line' id='line_1_87' title="bbox 1115 2066 1652 2151; baseline 0.035 -33"><span class='ocrx_word' id='word_1_371' title='bbox 1115 2075 1172 2133; x_wconf 86' lang='lat' dir='ltr'><strong>que</strong></span> <span class='ocrx_word' id='word_1_372' title='bbox 1190 2066 1298 2127; x_wconf 85' lang='lat' dir='ltr'><strong>rictum</strong></span> <span class='ocrx_word' id='word_1_373' title='bbox 1319 2086 1398 2132; x_wconf 89' lang='lat' dir='ltr'><strong>more</strong></span> <span class='ocrx_word' id='word_1_374' title='bbox 1419 2079 1514 2148; x_wconf 89' lang='lat' dir='ltr'><strong>patrio</strong></span> <span class='ocrx_word' id='word_1_375' title='bbox 1537 2086 1652 2151; x_wconf 86' lang='lat' dir='ltr'><strong>possent</strong></span> 
     </span>
     <span class='ocr_line' id='line_1_88' title="bbox 1114 2150 1651 2250; baseline 0.056 -45"><span class='ocrx_word' id='word_1_376' title='bbox 1114 2150 1172 2208; x_wconf 88' lang='lat' dir='ltr'><strong>sibi</strong></span> <span class='ocrx_word' id='word_1_377' title='bbox 1208 2173 1344 2230; x_wconf 80' lang='lat' dir='ltr'><strong>querere.</strong></span> <span class='ocrx_word' id='word_1_378' title='bbox 1377 2167 1566 2237; x_wconf 81' lang='lat' dir='ltr'><strong>Quamobrem</strong></span> <span class='ocrx_word' id='word_1_379' title='bbox 1598 2191 1651 2250; x_wconf 71' lang='lat' dir='ltr'><strong>eqo</strong></span> 
     </span>
     <span class='ocr_line' id='line_1_89' title="bbox 1113 2260 1649 2327; baseline 0.043 -22"><span class='ocrx_word' id='word_1_380' title='bbox 1113 2264 1237 2323; x_wconf 80' lang='lat' dir='ltr'><strong>quoque,</strong></span> <span class='ocrx_word' id='word_1_381' title='bbox 1254 2260 1492 2327; x_wconf 85' lang='lat' dir='ltr'><strong>quemadmodum</strong></span> <span class='ocrx_word' id='word_1_382' title='bbox 1514 2266 1567 2323; x_wconf 91' lang='lat' dir='ltr'><strong>alil</strong></span> <span class='ocrx_word' id='word_1_383' title='bbox 1583 2275 1649 2327; x_wconf 88' lang='lat' dir='ltr'><strong>aute</strong></span> 
     </span>
     <span class='ocr_line' id='line_1_90' title="bbox 1113 2345 1650 2420; baseline 0.037 -23"><span class='ocrx_word' id='word_1_384' title='bbox 1113 2356 1157 2398; x_wconf 88' lang='lat' dir='ltr'><strong>me</strong></span> <span class='ocrx_word' id='word_1_385' title='bbox 1192 2345 1388 2420; x_wconf 86' lang='lat' dir='ltr'><strong>imperatores,</strong></span> <span class='ocrx_word' id='word_1_386' title='bbox 1423 2351 1567 2412; x_wconf 89' lang='lat' dir='ltr'><strong>immunes</strong></span> <span class='ocrx_word' id='word_1_387' title='bbox 1599 2372 1650 2416; x_wconf 90' lang='lat' dir='ltr'><strong>eos</strong></span> 
     </span>
     <span class='ocr_line' id='line_1_91' title="bbox 1110 2431 1650 2520; baseline 0.035 -34"><span class='ocrx_word' id='word_1_388' title='bbox 1110 2431 1202 2490; x_wconf 84' lang='lat' dir='ltr'><strong>voloa</strong></span> <span class='ocrx_word' id='word_1_389' title='bbox 1216 2434 1333 2509; x_wconf 83' lang='lat' dir='ltr'><strong>militia,</strong></span> <span class='ocrx_word' id='word_1_390' title='bbox 1347 2441 1540 2514; x_wconf 90' lang='lat' dir='ltr'><strong>permittoque</strong></span> <span class='ocrx_word' id='word_1_391' title='bbox 1549 2450 1582 2501; x_wconf 91' lang='lat' dir='ltr'><strong>ut</strong></span> <span class='ocrx_word' id='word_1_392' title='bbox 1593 2461 1650 2520; x_wconf 90' lang='lat' dir='ltr'><strong>pa-</strong></span> 
     </span>
     <span class='ocr_line' id='line_1_92' title="bbox 1110 2521 1647 2602; baseline 0.041 -27"><span class='ocrx_word' id='word_1_393' title='bbox 1110 2521 1284 2584; x_wconf 87' lang='lat' dir='ltr'><strong>triisviraut</strong></span> <span class='ocrx_word' id='word_1_394' title='bbox 1299 2527 1449 2602; x_wconf 80' lang='lat' dir='ltr'><strong>moribus3</strong></span> <span class='ocrx_word' id='word_1_395' title='bbox 1470 2537 1647 2596; x_wconf 80' lang='lat' dir='ltr'><strong>convenien-</strong></span> 
     </span>
     <span class='ocr_line' id='line_1_93' title="bbox 1109 2613 1647 2700; baseline 0.033 -34"><span class='ocrx_word' id='word_1_396' title='bbox 1109 2613 1152 2667; x_wconf 85' lang='lat' dir='ltr'><strong>tes</strong></span> <span class='ocrx_word' id='word_1_397' title='bbox 1173 2624 1319 2672; x_wconf 86' lang='lat' dir='ltr'><strong>saerorum</strong></span> <span class='ocrx_word' id='word_1_398' title='bbox 1343 2630 1440 2689; x_wconf 88' lang='lat' dir='ltr'><strong>causa,</strong></span> <span class='ocrx_word' id='word_1_399' title='bbox 1469 2621 1546 2680; x_wconf 86' lang='lat' dir='ltr'><strong>sieut</strong></span> <span class='ocrx_word' id='word_1_400' title='bbox 1570 2626 1647 2700; x_wconf 78' lang='lat' dir='ltr'><strong>leges</strong></span> 
     </span>
     <span class='ocr_line' id='line_1_94' title="bbox 1107 2706 1646 2777; baseline 0.037 -23"><span class='ocrx_word' id='word_1_401' title='bbox 1107 2711 1205 2757; x_wconf 88' lang='lat' dir='ltr'><strong>eorum</strong></span> <span class='ocrx_word' id='word_1_402' title='bbox 1235 2706 1391 2777; x_wconf 86' lang='lat' dir='ltr'><strong>postulant,</strong></span> <span class='ocrx_word' id='word_1_403' title='bbox 1414 2715 1443 2766; x_wconf 89' lang='lat' dir='ltr'><strong>et</strong></span> <span class='ocrx_word' id='word_1_404' title='bbox 1467 2711 1646 2773; x_wconf 80' lang='lat' dir='ltr'><strong>conterentes</strong></span> 
     </span>
     <span class='ocr_line' id='line_1_95' title="bbox 1108 2786 1644 2868; baseline 0.035 -25"><span class='ocrx_word' id='word_1_405' title='bbox 1108 2786 1138 2843; x_wconf 91' lang='lat' dir='ltr'><strong>in</strong></span> <span class='ocrx_word' id='word_1_406' title='bbox 1165 2791 1307 2851; x_wconf 85' lang='lat' dir='ltr'><strong>odereuda</strong></span> <span class='ocrx_word' id='word_1_407' title='bbox 1337 2798 1443 2868; x_wconf 90' lang='lat' dir='ltr'><strong>templo</strong></span> <span class='ocrx_word' id='word_1_408' title='bbox 1482 2803 1644 2861; x_wconf 77' lang='lat' dir='ltr'><strong>sacrificia:</strong></span> 
     </span>
     <span class='ocr_line' id='line_1_96' title="bbox 1105 2878 1642 2965; baseline 0.034 -32"><span class='ocrx_word' id='word_1_409' title='bbox 1105 2878 1227 2951; x_wconf 84' lang='lat' dir='ltr'><strong>voloque</strong></span> <span class='ocrx_word' id='word_1_410' title='bbox 1242 2887 1274 2939; x_wconf 90' lang='lat' dir='ltr'><strong>nt</strong></span> <span class='ocrx_word' id='word_1_411' title='bbox 1285 2883 1344 2940; x_wconf 85' lang='lat' dir='ltr'><strong>baeo</strong></span> <span class='ocrx_word' id='word_1_412' title='bbox 1360 2885 1423 2956; x_wconf 86' lang='lat' dir='ltr'><strong>ipsa</strong></span> <span class='ocrx_word' id='word_1_413' title='bbox 1441 2888 1577 2949; x_wconf 80' lang='lat' dir='ltr'><strong>scribatis</strong></span> <span class='ocrx_word' id='word_1_414' title='bbox 1591 2908 1642 2965; x_wconf 91' lang='lat' dir='ltr'><strong>per</strong></span> 
     </span>
     <span class='ocr_line' id='line_1_97' title="bbox 1106 2967 1643 3049; baseline 0.034 -26"><span class='ocrx_word' id='word_1_415' title='bbox 1106 2967 1643 3049; x_wconf 76' lang='lat' dir='ltr'><strong>urbesprorineiusingulas,stolu-</strong></span> 
     </span>
     <span class='ocr_line' id='line_1_98' title="bbox 1103 3054 1640 3141; baseline 0.035 -31"><span class='ocrx_word' id='word_1_416' title='bbox 1103 3054 1277 3114; x_wconf 83' lang='lat' dir='ltr'><strong>eiueantem</strong></span> <span class='ocrx_word' id='word_1_417' title='bbox 1302 3061 1440 3121; x_wconf 80' lang='lat' dir='ltr'><strong>lentulus</strong></span> <span class='ocrx_word' id='word_1_418' title='bbox 1463 3068 1565 3125; x_wconf 88' lang='lat' dir='ltr'><strong>consul</strong></span> <span class='ocrx_word' id='word_1_419' title='bbox 1588 3085 1640 3141; x_wconf 89' lang='lat' dir='ltr'><strong>pro</strong></span> 
     </span>
     <span class='ocr_line' id='line_1_99' title="bbox 1103 3145 1641 3217; baseline 0.033 -18"><span class='ocrx_word' id='word_1_420' title='bbox 1103 3145 1244 3203; x_wconf 89' lang='lat' dir='ltr'><strong>sententia</strong></span> <span class='ocrx_word' id='word_1_421' title='bbox 1256 3146 1292 3205; x_wconf 89' lang='lat' dir='ltr'><strong>de</strong></span> <span class='ocrx_word' id='word_1_422' title='bbox 1304 3149 1412 3209; x_wconf 73' lang='lat' dir='ltr'><strong>iudaeis</strong></span> <span class='ocrx_word' id='word_1_423' title='bbox 1421 3153 1513 3212; x_wconf 83' lang='lat' dir='ltr'><strong>dixit:</strong></span> <span class='ocrx_word' id='word_1_424' title='bbox 1526 3157 1641 3217; x_wconf 84' lang='lat' dir='ltr'><strong>Judaeos</strong></span> 
     </span>
     <span class='ocr_line' id='line_1_100' title="bbox 1102 3232 1640 3314; baseline 0.032 -26"><span class='ocrx_word' id='word_1_425' title='bbox 1102 3232 1180 3290; x_wconf 84' lang='lat' dir='ltr'><strong>eires</strong></span> <span class='ocrx_word' id='word_1_426' title='bbox 1214 3235 1357 3296; x_wconf 81' lang='lat' dir='ltr'><strong>Romanos</strong></span> <span class='ocrx_word' id='word_1_427' title='bbox 1393 3242 1498 3314; x_wconf 89' lang='lat' dir='ltr'><strong>templa</strong></span> <span class='ocrx_word' id='word_1_428' title='bbox 1519 3245 1640 3305; x_wconf 84' lang='lat' dir='ltr'><strong>iudaice</strong></span> 
     </span>
     <span class='ocr_line' id='line_1_101' title="bbox 1102 3319 1638 3407; baseline 0.034 -31"><span class='ocrx_word' id='word_1_429' title='bbox 1102 3319 1248 3392; x_wconf 85' lang='lat' dir='ltr'><strong>babentes,</strong></span> <span class='ocrx_word' id='word_1_430' title='bbox 1269 3330 1298 3381; x_wconf 92' lang='lat' dir='ltr'><strong>et</strong></span> <span class='ocrx_word' id='word_1_431' title='bbox 1312 3326 1449 3386; x_wconf 81' lang='lat' dir='ltr'><strong>iacientes</strong></span> <span class='ocrx_word' id='word_1_432' title='bbox 1467 3333 1572 3404; x_wconf 79' lang='lat' dir='ltr'><strong>Ephesi</strong></span> <span class='ocrx_word' id='word_1_433' title='bbox 1586 3350 1638 3407; x_wconf 91' lang='lat' dir='ltr'><strong>pro</strong></span> 
     </span>
     <span class='ocr_line' id='line_1_102' title="bbox 1101 3399 1635 3481; baseline 0.034 -27"><span class='ocrx_word' id='word_1_434' title='bbox 1101 3399 1253 3466; x_wconf 82' lang='lat' dir='ltr'><strong>tribunati,</strong></span> <span class='ocrx_word' id='word_1_435' title='bbox 1270 3404 1423 3477; x_wconf 74' lang='lat' dir='ltr'><strong>religionis</strong></span> <span class='ocrx_word' id='word_1_436' title='bbox 1438 3422 1515 3481; x_wconf 79' lang='lat' dir='ltr'><strong>erqo,</strong></span> <span class='ocrx_word' id='word_1_437' title='bbox 1533 3413 1635 3471; x_wconf 89' lang='lat' dir='ltr'><strong>immu·</strong></span> 
     </span>
     <span class='ocr_line' id='line_1_103' title="bbox 1099 3488 1637 3564; baseline 0.028 -23"><span class='ocrx_word' id='word_1_438' title='bbox 1099 3498 1178 3542; x_wconf 88' lang='lat' dir='ltr'><strong>nesa</strong></span> <span class='ocrx_word' id='word_1_439' title='bbox 1200 3488 1307 3547; x_wconf 88' lang='lat' dir='ltr'><strong>militia</strong></span> <span class='ocrx_word' id='word_1_440' title='bbox 1321 3494 1505 3564; x_wconf 85' lang='lat' dir='ltr'><strong>pronuntiari</strong></span> <span class='ocrx_word' id='word_1_441' title='bbox 1520 3510 1561 3554; x_wconf 80' lang='grc' dir='ltr'><strong>ιιι</strong></span> <span class='ocrx_word' id='word_1_442' title='bbox 1576 3499 1637 3556; x_wconf 83' lang='lat' dir='ltr'><strong>Ka-</strong></span> 
     </span>
     <span class='ocr_line' id='line_1_104' title="bbox 1099 3573 1634 3657; baseline 0.024 -26"><span class='ocrx_word' id='word_1_443' title='bbox 1099 3573 1200 3634; x_wconf 83' lang='lat' dir='ltr'><strong>lendas</strong></span> <span class='ocrx_word' id='word_1_444' title='bbox 1213 3578 1359 3638; x_wconf 77' lang='lat' dir='ltr'><strong>Octobres.</strong></span> <span class='ocrx_word' id='word_1_445' title='bbox 1369 3584 1425 3640; x_wconf 85' lang='lat' dir='ltr'><strong>los.</strong></span> <span class='ocrx_word' id='word_1_446' title='bbox 1440 3584 1492 3640; x_wconf 90' lang='lat' dir='ltr'><strong>ibi.</strong></span> <span class='ocrx_word' id='word_1_447' title='bbox 1512 3587 1563 3657; x_wconf 91' lang='lat' dir='ltr'><strong>qui</strong></span> <span class='ocrx_word' id='word_1_448' title='bbox 1575 3587 1634 3644; x_wconf 82' lang='lat' dir='ltr'><strong>baeo</strong></span> 
     </span>
     <span class='ocr_line' id='line_1_105' title="bbox 1097 3664 1633 3733; baseline 0.026 -15"><span class='ocrx_word' id='word_1_449' title='bbox 1097 3664 1211 3721; x_wconf 83' lang='lat' dir='ltr'><strong>decreta</strong></span> <span class='ocrx_word' id='word_1_450' title='bbox 1235 3675 1332 3725; x_wconf 88' lang='lat' dir='ltr'><strong>narrat</strong></span> <span class='ocrx_word' id='word_1_451' title='bbox 1359 3670 1390 3726; x_wconf 90' lang='lat' dir='ltr'><strong>in</strong></span> <span class='ocrx_word' id='word_1_452' title='bbox 1416 3674 1499 3729; x_wconf 82' lang='lat' dir='ltr'><strong>aereis</strong></span> <span class='ocrx_word' id='word_1_453' title='bbox 1524 3674 1633 3733; x_wconf 91' lang='lat' dir='ltr'><strong>tabulis</strong></span> 
     </span>
     <span class='ocr_line' id='line_1_106' title="bbox 1097 3749 1628 3839; baseline 0.036 -35"><span class='ocrx_word' id='word_1_454' title='bbox 1097 3749 1152 3805; x_wconf 85' lang='lat' dir='ltr'><strong>dxa</strong></span> <span class='ocrx_word' id='word_1_455' title='bbox 1181 3753 1212 3808; x_wconf 90' lang='lat' dir='ltr'><strong>in</strong></span> <span class='ocrx_word' id='word_1_456' title='bbox 1243 3755 1396 3827; x_wconf 85' lang='lat' dir='ltr'><strong>Capitolio.</strong></span> <span class='ocrx_word' id='word_1_457' title='bbox 1433 3761 1628 3839; x_wconf 80' lang='lat' dir='ltr'><strong>sudraqantu.</strong></span> 
     </span>
     <span class='ocr_line' id='line_1_107' title="bbox 1094 3837 1633 3911; baseline 0.039 -20"><span class='ocrx_word' id='word_1_458' title='bbox 1094 3837 1217 3910; x_wconf 86' lang='lat' dir='ltr'><strong>losepbo</strong></span> <span class='ocrx_word' id='word_1_459' title='bbox 1243 3843 1377 3903; x_wconf 86' lang='lat' dir='ltr'><strong>bistorioi</strong></span> <span class='ocrx_word' id='word_1_460' title='bbox 1394 3848 1514 3908; x_wconf 81' lang='lat' dir='ltr'><strong>Romani</strong></span> <span class='ocrx_word' id='word_1_461' title='bbox 1531 3853 1561 3909; x_wconf 91' lang='lat' dir='ltr'><strong>iu</strong></span> <span class='ocrx_word' id='word_1_462' title='bbox 1576 3854 1633 3911; x_wconf 91' lang='lat' dir='ltr'><strong>ad-</strong></span> 
     </span>
     <span class='ocr_line' id='line_1_108' title="bbox 1096 3925 1630 4014; baseline 0.037 -33"><span class='ocrx_word' id='word_1_463' title='bbox 1096 3925 1220 3986; x_wconf 82' lang='lat' dir='ltr'><strong>baerente</strong></span> <span class='ocrx_word' id='word_1_464' title='bbox 1252 3935 1387 3993; x_wconf 86' lang='lat' dir='ltr'><strong>oolumua</strong></span> <span class='ocrx_word' id='word_1_465' title='bbox 1418 3939 1551 4014; x_wconf 81' lang='lat' dir='ltr'><strong>indicati,</strong></span> <span class='ocrx_word' id='word_1_466' title='bbox 1579 3944 1630 4014; x_wconf 89' lang='lat' dir='ltr'><strong>qui</strong></span> 
     </span>
     <span class='ocr_line' id='line_1_109' title="bbox 1094 4019 1630 4100; baseline 0.035 -30"><span class='ocrx_word' id='word_1_467' title='bbox 1094 4019 1203 4086; x_wconf 89' lang='lat' dir='ltr'><strong>passim</strong></span> <span class='ocrx_word' id='word_1_468' title='bbox 1216 4019 1385 4082; x_wconf 75' lang='lat' dir='ltr'><strong>ablutonio</strong></span> <span class='ocrx_word' id='word_1_469' title='bbox 1397 4027 1484 4084; x_wconf 88' lang='lat' dir='ltr'><strong>etiam</strong></span> <span class='ocrx_word' id='word_1_470' title='bbox 1495 4028 1630 4100; x_wconf 86' lang='lat' dir='ltr'><strong>pluribus</strong></span> 
     </span>
    </p>
   </div>
   <div class='ocr_carea' id='block_1_23' title="bbox 987 4105 1736 4284">
    <p class='ocr_par' dir='ltr' id='par_1_29' title="bbox 987 4105 1736 4284">
     <span class='ocr_line' id='line_1_110' title="bbox 987 4105 1681 4202; baseline 0.033 -45"><span class='ocrx_word' id='word_1_471' title='bbox 987 4178 992 4186; x_wconf 26' lang='grc' dir='ltr'>Ι</span> <span class='ocrx_word' id='word_1_472' title='bbox 1092 4105 1162 4164; x_wconf 88' lang='lat' dir='ltr'><strong>aliis</strong></span> <span class='ocrx_word' id='word_1_473' title='bbox 1188 4112 1314 4181; x_wconf 77' lang='lat' dir='ltr'><strong>vendita,</strong></span> <span class='ocrx_word' id='word_1_474' title='bbox 1342 4115 1461 4175; x_wconf 91' lang='lat' dir='ltr'><strong>obtentu</strong></span> <span class='ocrx_word' id='word_1_475' title='bbox 1493 4120 1629 4178; x_wconf 80' lang='lat' dir='ltr'><strong>Actorum</strong></span> <span class='ocrx_word' id='word_1_476' title='bbox 1677 4196 1681 4202; x_wconf 19' lang='grc' dir='ltr'>ι</span> 
     </span>
     <span class='ocr_line' id='line_1_111' title="bbox 1092 4196 1736 4284; baseline 0.033 -32"><span class='ocrx_word' id='word_1_477' title='bbox 1092 4196 1223 4270; x_wconf 77' lang='lat' dir='ltr'><strong>cesaris,</strong></span> <span class='ocrx_word' id='word_1_478' title='bbox 1240 4201 1407 4273; x_wconf 72' lang='lat' dir='ltr'><strong>hujusmodi</strong></span> <span class='ocrx_word' id='word_1_479' title='bbox 1429 4210 1583 4284; x_wconf 77' lang='lat' dir='ltr'><strong>privilegia</strong></span> <span class='ocrx_word' id='word_1_480' title='bbox 1597 4212 1628 4270; x_wconf 93' lang='lat' dir='ltr'><strong>iu</strong></span> <span class='ocrx_word' id='word_1_481' title='bbox 1732 4224 1736 4230; x_wconf 85' lang='grc'><em>“</em></span> 
     </span>
    </p>
   </div>
   <div class='ocr_carea' id='block_1_24' title="bbox 1091 4288 1629 4564">
    <p class='ocr_par' dir='ltr' id='par_1_30' title="bbox 1091 4288 1629 4564">
     <span class='ocr_line' id='line_1_112' title="bbox 1091 4288 1629 4369; baseline 0.033 -28"><span class='ocrx_word' id='word_1_482' title='bbox 1091 4288 1179 4344; x_wconf 74' lang='lat' dir='ltr'><strong>aneis</strong></span> <span class='ocrx_word' id='word_1_483' title='bbox 1192 4289 1300 4349; x_wconf 89' lang='lat' dir='ltr'><strong>tabulis</strong></span> <span class='ocrx_word' id='word_1_484' title='bbox 1321 4293 1414 4352; x_wconf 85' lang='lat' dir='ltr'><strong>ineisa</strong></span> <span class='ocrx_word' id='word_1_485' title='bbox 1427 4304 1514 4369; x_wconf 89' lang='lat' dir='ltr'><strong>atque</strong></span> <span class='ocrx_word' id='word_1_486' title='bbox 1530 4299 1560 4356; x_wconf 90' lang='lat' dir='ltr'><strong>in</strong></span> <span class='ocrx_word' id='word_1_487' title='bbox 1571 4300 1629 4357; x_wconf 82' lang='lat' dir='ltr'><strong>Ca-</strong></span> 
     </span>
     <span class='ocr_line' id='line_1_113' title="bbox 1091 4377 1572 4447; baseline 0.027 -14"><span class='ocrx_word' id='word_1_488' title='bbox 1091 4377 1195 4447; x_wconf 89' lang='lat' dir='ltr'><strong>pitolio</strong></span> <span class='ocrx_word' id='word_1_489' title='bbox 1216 4381 1272 4440; x_wconf 86' lang='lat' dir='ltr'><strong>dxa</strong></span> <span class='ocrx_word' id='word_1_490' title='bbox 1288 4380 1379 4442; x_wconf 86' lang='lat' dir='ltr'><strong>tuisse</strong></span> <span class='ocrx_word' id='word_1_491' title='bbox 1392 4387 1572 4447; x_wconf 81' lang='lat' dir='ltr'><strong>ooutlrmaut</strong></span> 
     </span>
     <span class='ocr_line' id='line_1_114' title="bbox 1125 4487 1628 4564; baseline 0.016 -24"><span class='ocrx_word' id='word_1_492' title='bbox 1125 4487 1238 4544; x_wconf 77' lang='lat' dir='ltr'><strong>bienno</strong></span> <span class='ocrx_word' id='word_1_493' title='bbox 1253 4487 1403 4544; x_wconf 77' lang='lat' dir='ltr'><strong>Ptolemae</strong></span> <span class='ocrx_word' id='word_1_494' title='bbox 1417 4488 1479 4546; x_wconf 86' lang='lat' dir='ltr'><strong>sola</strong></span> <span class='ocrx_word' id='word_1_495' title='bbox 1494 4488 1524 4545; x_wconf 91' lang='lat' dir='ltr'><strong>in</strong></span> <span class='ocrx_word' id='word_1_496' title='bbox 1538 4489 1628 4564; x_wconf 74' lang='lat' dir='ltr'><strong>dipy-</strong></span> 
     </span>
    </p>
   </div>
   <div class='ocr_carea' id='block_1_25' title="bbox 1088 4579 1623 4734">
    <p class='ocr_par' dir='ltr' id='par_1_31' title="bbox 1088 4579 1623 4734">
     <span class='ocr_line' id='line_1_115' title="bbox 1090 4579 1623 4720; baseline 0.024 -90"><span class='ocrx_word' id='word_1_497' title='bbox 1090 4579 1259 4720; x_wconf 48' lang='lat' dir='ltr'><strong>pto⁴reqnat</strong></span> <span class='ocrx_word' id='word_1_498' title='bbox 1279 4581 1429 4656; x_wconf 81' lang='lat' dir='ltr'><strong>Cleopatra</strong></span> <span class='ocrx_word' id='word_1_499' title='bbox 1448 4586 1498 4645; x_wconf 83' lang='lat' dir='ltr'><strong>los</strong></span> <span class='ocrx_word' id='word_1_500' title='bbox 1521 4586 1563 4644; x_wconf 95' lang='lat' dir='ltr'><strong>lib</strong></span> <span class='ocrx_word' id='word_1_501' title='bbox 1574 4601 1623 4656; x_wconf 77' lang='grc' dir='ltr'>ιι,</span> 
     </span>
     <span class='ocr_line' id='line_1_116' title="bbox 1088 4675 1178 4734; baseline 0.011 -16"><span class='ocrx_word' id='word_1_502' title='bbox 1088 4675 1141 4734; x_wconf 88' lang='lat' dir='ltr'><strong>oap</strong></span> <span class='ocrx_word' id='word_1_503' title='bbox 1170 4705 1178 4719; x_wconf 89' lang='lat'><strong>.</strong></span> 
     </span>
    </p>
   </div>
   <div class='ocr_carea' id='block_1_26' title="bbox 0 0 1950 6136">
    <p class='ocr_par' dir='ltr' id='par_1_32' title="bbox 0 0 1950 6136">
     <span class='ocr_line' id='line_1_117' title="bbox 0 0 1950 6136; baseline 0 17"><span class='ocrx_word' id='word_1_504' title='bbox 0 0 1950 6136; x_wconf 95' lang='lat' dir='ltr'><strong> </strong></span> 
     </span>
    </p>
   </div>
  </div>
 </body>
</html>
