3892 6136
123 310 191 369 torti

731 309 909 366 uhtstusti
930 311 1202 375 hiutthittiiduttii

1757 310 1825 368 toth

122 441 200 491 tatur
213 434 293 498 tides,
319 443 351 490 ut
367 435 396 490 in
419 437 519 492 dubiis
533 438 697 500 decurrant,
713 454 724 484 a
750 433 796 487 his
813 432 861 502 qui
877 432 984 491 scic-A
1001 437 1028 484 ct
1040 431 1193 498 primitivae
1205 420 1528 502 Ecclesiadiligentiam
1542 432 1572 487 iri
1589 432 1755 487 retinendis
1769 447 1824 502 sps

122 507 279 562 cessionem
296 507 400 561 habent
410 509 445 561 ah
459 510 608 577 apiostolis,
622 509 671 576 qui
687 521 751 562 cum
765 505 946 574 episcopatus

123 578 305 633 siiccessioue
338 580 481 634 charisma
504 580 634 633 ueritatis
656 585 764 635 eertum
787 575 944 655 secuudum

124 648 259 718 placitum
283 651 375 704 l‘atris
394 657 573 718 aeceperunt,
597 651 724 718 reliques
740 661 815 713 vero,
830 659 879 715 qui
891 643 946 697 ah-

123 720 258 774 slstunta
273 721 427 789 principali
445 723 637 777 successione.
654 728 681 775 et
696 730 869 791 quoeunque
882 715 944 771 loco

122 790 299 861 colligantur
313 798 471 861 suspectos,
488 792 530 847 rel
544 795 626 860 44444
644 792 804 854 haereticos,
819 796 847 843 et
863 786 942 870 44444

123 863 308 916 sententiae.»
332 862 393 931 Quo
409 871 586 934 argumento,
603 870 630 918 et
652 870 756 918 tessera
777 864 943 916 4444444444-

124 947 187 987 rurn
202 935 403 989 schismaticos
415 935 533 1005 44444444
546 943 677 995 coir-itus,
689 942 716 988 et
730 931 941 1004 phantasticum

123 1005 280 1059 Romanum
297 1006 520 1075 4444444444
535 1007 692 1061 Donatistis
709 1008 737 1059 in
752 1004 825 1059 Urbe
837 1002 942 1056 consti

125 1080 217 1129 tutum
229 1079 349 1144 Optatus
362 1076 382 1130 l.
401 1077 486 1131 idum
503 1076 543 1132 sic
559 1094 565 1130 :
585 1098 597 1127 4
612 1077 698 1132 44444
708 1084 734 1131 44
746 1077 839 1131 adbuc
856 1075 942 1137 4444-

124 1158 186 1200 rare
206 1147 331 1201 schisma
359 1159 374 1200 a
398 1148 434 1202 ud
450 1148 682 1218 Cartbaginciua
704 1147 807 1202 rostris
830 1143 943 1213 princi-

124 1215 209 1286 pihus
238 1217 352 1272 lactum.
373 1162 472 1286 84444
494 1218 595 1273 harum
621 1219 762 1288 originem
789 1229 893 1274 rerum,
916 1219 943 1267 et

125 1287 254 1343 inuenies
276 1288 349 1344 hauc
375 1290 418 1342 sic
435 1290 463 1343 iii
481 1302 529 1344 uos
544 1289 652 1344 dixisse
676 1289 856 1353 senteutiam,
877 1298 940 1367 cum

123 1358 319 1413 schismaticis
346 1358 495 1415 haereticos
515 1361 658 1414 sociastis.
680 1363 740 1416 hou
754 1359 830 1413 euim
851 1357 941 1410 Caeci-

123 1427 221 1484 lianus
243 1429 535 1485 recessitaeathedra
561 1432 644 1495 Petri,
666 1432 708 1487 uel
730 1429 876 1500 Cypariaui.
893 1424 941 1480 sed

123 1499 294 1567 haiminus,
309 1501 393 1570 culus
408 1508 439 1555 tu
450 1501 611 1556 cathedram
631 1504 722 1569 sedes,
737 1515 800 1571 quae
815 1506 879 1552 ruite
896 1499 943 1579 ip-

124 1584 186 1624 sum
200 1570 371 1640 lllajoiinum
392 1573 534 1643 originem
557 1587 612 1627 nori
636 1574 767 1629 habehat.
783 1592 794 1620 n
808 1572 840 1624 Et
854 1572 941 1624 buci-

124 1638 245 1696 lerianis
271 1642 388 1698 alteram
415 1644 644 1699 communionem
674 1653 754 1700 44444
769 1641 941 1698 catholicam

120 1711 276 1767 Ecclesiam
291 1713 779 1784 propugnantibus.utostendereut
795 1713 940 1783 puriorem

1001 501 1070 556 ciali
1090 504 1221 559 custodia
1237 518 1433 559 successorum
1447 506 1472 557 S.
1494 505 1570 559 l‘ctri
1584 504 1821 574 muloetsjiquod

1000 588 1031 627 ex
1042 588 1072 628 ea
1084 577 1265 630 successione
1276 576 1381 630 veritas
1389 577 1568 631 ostendatur.
1581 574 1738 645 assignata
1751 576 1822 631 euim

1001 644 1168 712 pontillcuni
1183 646 1266 711 serie,
1280 656 1309 701 et
1324 647 1545 703 velitationibus
1559 648 1595 702 dc
1605 648 1714 702 ordine
1726 661 1823 702 suere-

1000 716 1128 770 dentium
1147 719 1186 772 ita
1198 718 1410 773 remconcludit
1426 718 1707 774 :aheneminisane
1723 719 1821 774 miruu

999 787 1140 853 videatur,
1152 803 1204 843 cur
1217 789 1332 860 singula
1343 796 1420 844 tauta
1432 804 1497 845 curu
1509 790 1669 859 diligentia
1683 802 1822 857 percurro·

999 858 1063 911 rim.
1083 861 1133 913 444
1148 860 1205 914 hae
1216 860 1293 914 enim
1310 869 1445 929 perpetuo
1460 867 1547 926 certa,
1565 866 1764 930 :iecturataque
1777 875 1822 915 re·

998 930 1069 982 ritas
1082 931 1254 985 ostenditur.
1270 949 1284 980 4
1297 933 1413 1000 Deccpit
1425 931 1547 986 forsitan
1565 931 1657 1000 baius
1676 932 1821 1000 opinionis

996 1006 1127 1056 auctores
1148 1009 1285 1059 vetustos.
1314 1004 1388 1057 4444
1402 1003 1437 1057 ab
1458 1004 1615 1070 impostore
1641 1002 1766 1057 caudata
1783 1012 1821 1058 est

996 1071 1118 1139 epistola
1133 1074 1166 1127 ad
1190 1074 1336 1137 iacobum,
1353 1075 1519 1129 institutum
1540 1072 1752 1142 apostolicum,
1768 1088 1819 1144 quo

999 1142 1096 1211 plures
1105 1144 1192 1199 simul
1202 1145 1509 1213 episcoposordiuatos
1519 1144 1552 1198 ad
1565 1144 1683 1199 easdem
1696 1145 1820 1213 regiones

999 1216 1221 1278 transmittebat,
1235 1222 1267 1269 ut
1277 1222 1379 1284 praesto
1388 1224 1482 1271 essent
1496 1215 1531 1269 ad
1547 1216 1755 1270 ordinationes
1767 1217 1821 1272 sire

997 1284 1651 1356 clericorum,sireepiscoporumageudasdta
1667 1286 1819 1342 coneilium

1000 1355 1302 1426 hierosolymitanum,
1313 1357 1442 1423 Paulum,
1455 1364 1483 1412 et
1498 1357 1659 1412 barnabam
1673 1358 1820 1426 episcopos

997 1425 1148 1481 direxitad
1163 1429 1490 1497 intimandaapostoliea
1502 1437 1655 1496 praecepta.
1670 1430 1822 1484 Petrusiti·

997 1497 1059 1551 deiri
1084 1499 1196 1564 Linum,
1218 1499 1339 1558 Cletuui,
1356 1507 1384 1554 44
1398 1500 1570 1554 Clementem
1586 1501 1621 1555 ad
1644 1500 1746 1555 eadem
1761 1514 1820 1555 mu·

998 1580 1064 1622 nera
1076 1569 1253 1625 ordinandos
1263 1572 1470 1636 censuit,sicut
1480 1577 1577 1642 egerat
1590 1570 1818 1635 4444444444ὴί

997 1640 1135 1695 Evodium
1150 1641 1324 1712 4444444444
1336 1643 1499 1697 constituit.
1511 1641 1724 1696 ludeeondata
1738 1641 1818 1698 histo

997 1712 1042 1765 ria
1057 1712 1092 1765 de
1107 1725 1272 1766 successore
1286 1713 1465 1782 4444444444
1490 1712 1582 1782 Petro,
1603 1712 1711 1767 itidem
1725 1712 1817 1768 electo.

121 1795 182 1837 esse
194 1797 292 1839 eorum
308 1785 471 1840 societatem
487 1787 545 1840 hec
561 1787 751 1856 hieronymus
765 1786 829 1840 adv.
847 1782 939 1864 Lucil}
956 1799 979 1858 Β
994 1780 1166 1836 Ordinatum
1179 1783 1295 1852 quidem
1311 1784 1415 1838 asserit
1428 1783 1630 1839 Tertullianus
1646 1797 1663 1839 a
1677 1785 1759 1839 Petro
1769 1784 1819 1839 Cic

121 1868 146 1908 c.
162 1852 189 1918 9,
204 1855 340 1924 opponit:
360 1878 373 1907 4
388 1856 500 1911 Breuem
511 1857 577 1924 tibi,
587 1866 770 1928 apertamque
783 1856 873 1910 animi
886 1866 939 1908 mei

121 1926 293 1981 sententiam
309 1926 459 1994 proleram.
474 1930 503 1982 ln
530 1928 579 1982 illa
606 1928 733 1984 Ecclesia
749 1941 811 1984 esse
828 1938 941 1995 perma-

122 1997 257 2061 nendum,
279 2012 342 2067 444
358 1998 393 2054 ab
418 2000 557 2068 apostolis
580 1998 696 2055 lundata
712 1999 850 2070 usquead
864 1997 938 2051 diem

122 2066 304 2123 huncdurat.
322 2087 335 2118 »
351 2072 392 2125 Ex
405 2083 461 2139 qua
476 2073 621 2127 communi
637 2072 792 2141 primitiva
809 2068 941 2123 Ecclesiae

122 2139 309 2206 persuasione
323 2147 427 2203 motus,
453 2143 502 2211 qui
528 2143 557 2197 44
586 2141 852 2210 444444444444444
865 2151 941 2208 444-

121 2209 411 2267 4444444444444444
426 2212 611 2281 interposuit,
621 2227 717 2269 rerum
732 2209 938 2283 putantquod

123 2277 494 2338 inclementisadtacobum
503 2283 817 2355 supposititiaepistola
830 2280 939 2337 intonit

121 2348 157 2403 de
175 2350 354 2406 successoris
367 2352 521 2410 Clementis
546 2356 686 2412 electione
715 2369 763 2426 per
779 2356 807 2408 S.
824 2355 937 2407 Petrum

121 2418 209 2476 lacta.
225 2422 265 2476 Ex
285 2434 400 2478 cavero
425 2429 534 2481 tantuna
549 2435 708 2497 permotum
724 2425 847 2495 epistola
862 2422 937 2477 adid

122 2489 282 2547 44444444
304 2494 408 2549 docent
428 2495 496 2561 duo,
516 2503 608 2566 primo
628 2498 702 2566 quod
724 2498 796 2552 hauc
812 2506 939 2550 comme-

125 2567 222 2628 moret,
233 2565 471 2634 etiusuperquod
490 2569 518 2623 in
532 2570 655 2638 reliquis
666 2566 939 2624 additionibuscon·

122 2632 283 2689 sarcinator
305 2636 436 2702 nuspiam
454 2639 509 2693 uisi
530 2638 578 2693 hic
603 2640 700 2694 444444
723 2642 938 2693 monumentum

125 2703 200 2757 4444
213 2702 376 2775 desumpsit
388 2706 576 2776 additionem,
594 2711 731 2774 inquiens
742 2711 797 2764 liu.
812 2707 830 2763 9
844 2714 871 2762 44
885 2703 936 2761 th:

124 2773 255 2829 «Tamen
270 2776 299 2830 iii
321 2778 453 2847 epistola,
471 2794 533 2850 quie
549 2781 583 2836 ad
599 2781 732 2836 iacobum
754 2780 861 2847 scripta
883 2784 937 2841 est,

123 2843 249 2925 qualiter
262 2847 288 2900 ei
304 2861 320 2901 a
333 2849 414 2907 beato
431 2852 511 2907 l‘ctro
524 2854 677 2907 cormnissa
695 2853 733 2906 sit
748 2850 875 2907 Ecclesia
890 2863 935 2904 re-

125 2927 225 2996 peries.
241 2934 254 2966 4
270 2918 349 2974 Unde
365 2921 455 2990 liquet
467 2923 619 2992 posteriori
634 2937 730 2984 mauu,
746 2932 774 2978 et
786 2936 849 2977 seru
866 2921 938 2975 hauc

123 2985 299 3043 additionem
324 3000 450 3048 assutam
476 2996 550 3050 actis
570 2997 589 3051 S
611 2994 695 3062 Petri,
709 3009 772 3050 cum
791 3006 891 3061 nempe
905 3006 939 3047 cii

121 3055 231 3113 Graecia
246 3059 411 3119 istiusmodi
430 3067 738 3138 pseudepigraphoruin
766 3079 871 3120 merces
892 3077 941 3134 per

123 3126 222 3210 Urbem
239 3137 266 3185 et
283 3146 332 3200 per
345 3135 457 3191 ltaliam
471 3138 657 3193 disseminata
671 3143 720 3193 est.

157 3201 243 3256 Linea
268 3200 429 3260 tt-uuo
454 3209 538 3262 Linus
556 3215 580 3264 et
601 3211 690 3264 Clctus
715 3215 777 3263 orate
801 3225 860 3262 eum
875 3223 939 3260 ‹tott-

121 3273 937 3336 scribuntur.Conciliaresiccouaturecusarciuatorlibri

122 3342 297 3426 Pontificalis
312 3349 467 3406 dissidium
479 3351 514 3406 de
530 3353 631 3406 ordine
646 3348 939 3419 successionispontl·

123 3412 212 3469 licia:
227 3417 348 3474 electum
359 3433 457 3490 nempe
468 3436 659 3478 successorem
672 3424 853 3488 Clementem,
866 3434 938 3475 uerae

122 3486 939 3564 pacisstudioreliquissesedem‚quousqueelectusClc·

124 3570 226 3612 mensa
238 3561 315 3616 lfleto
327 3564 421 3618 sedem
435 3567 556 3634 accepit.
571 3566 698 3621 Celebris
708 3573 768 3620 erat
784 3564 938 3633 Epipbauii

121 3640 179 3682 acro
202 3635 400 3689 controversia
418 3636 453 3691 de
477 3637 643 3692 immediato
666 3639 740 3692 Petri
763 3649 938 3700 successore,

121 3701 189 3754 dum
206 3701 337 3773 plerique
359 3706 458 3760 Litium
482 3714 510 3762 et
527 3708 636 3764 Cletum
661 3723 714 3763 uoti
732 3709 805 3763 Petri
822 3720 940 3761 succes-

94 3838 97 3842 ,
122 3784 210 3853 sores,
232 3787 283 3829 uec
296 3777 461 3832 ordinarios
478 3779 635 3846 pontillces,
648 3780 694 3833 sed
717 3780 936 3848 chorepiscopos

122 3843 271 3898 exstitisse
288 3846 436 3912 putabant.
451 3848 487 3901 ab
501 3862 592 3917 eoque
605 3850 665 3904 uice
678 3863 740 3911 sua,
753 3865 810 3920 444
826 3863 939 3919 444444-

123 3912 175 3966 tim
187 3918 313 3994 tetnpore
322 3915 444 3978 abesset,
456 3918 550 3973 Eumae
560 3919 715 3989 praelectus.
728 3921 786 3976 Alii
795 3922 939 3991 legitimos

122 3987 150 4037 ct
165 3984 330 4065 ordinarios
352 3986 472 4042 iaciunt.
496 3991 667 4060 onuphrius
695 4006 817 4062 sequens
831 3992 939 4047 librum

122 4053 317 4110 Pontrllcalcm
329 4056 432 4114 scribit
446 4073 461 4114 a
474 4061 554 4115 Petro
565 4063 658 4118 adbuc
671 4064 826 4132 superstite
837 4062 941 4118 chore-

124 4124 255 4194 piscopos
269 4125 343 4182 duos
356 4131 530 4186 constitutos
551 4133 652 4187 Linum
667 4142 754 4202 atque
767 4134 888 4203 Cletum,
915 4142 943 4189 et

123 4194 239 4263 quidem
256 4199 440 4264 pontificatus
456 4203 502 4255 sui
515 4216 590 4258 anuo
605 4201 645 4258 ll.
660 4203 768 4259 Deinde
780 4206 863 4273 paulo
876 4214 942 4260 aute

997 1860 1127 1915 mentem,
1153 1855 1200 1908 sed
1230 1868 1284 1909 444
1310 1869 1502 1910 successorem
1528 1854 1817 1924 constitiitumzqoo

998 1925 1079 1979 modo
1090 1924 1259 1987 Antiochiae,
1269 1924 1317 1979 uhi
1329 1927 1356 1980 S.
1373 1927 1502 1993 44444444
1513 1926 1741 1981 etsiordinatus
1752 1927 1817 1981 dica

996 2001 1044 2048 tur
1058 2007 1073 2048 a
1092 1993 1304 2063 Chrysostorno,
1322 2003 1457 2051 constans
1471 2003 1565 2051 444444
1580 2003 1629 2052 444
1641 1997 1746 2064 444444
1760 1998 1817 2051 Ero

995 2065 1591 2134 diurnPetrohirtioehitesuccessisse,nou
1609 2068 1816 2135 4444444444·

997 2138 1815 2210 postoriutiquededitoccasionemconllgendiepistolam

995 2208 1138 2277 talemque
1150 2222 1212 2263 4444
1220 2210 1337 2276 prodere
1346 2208 1618 2270 observatl'hotius,
1634 2211 1749 2265 dumde
1759 2209 1816 2278 444-

995 2279 1066 2333 stola
1084 2278 1237 2334 Clementis
1257 2281 1290 2334 ad
1314 2280 1450 2335 iacchum
1463 2281 1549 2335 hocce
1561 2281 1716 2349 judiciuin
1733 2280 1815 2336 llrtnat

993 2350 1069 2417 (Cori.
1089 2348 1149 2412 444,
1169 2348 1246 2419 ltili:
1263 2373 1276 2401 a
1295 2353 1357 2406 llaec
1373 2365 1463 2421 neque
1484 2351 1596 2416 44444,
1613 2365 1711 2421 ireque
1725 2354 1814 2406 abeo-

993 2420 1055 2473 dem
1074 2419 1208 2488 prolecto,
1225 2423 1272 2477 sed
1289 2423 1317 2477 iu
1340 2422 1424 2477 libris
1444 2422 1599 2478 nonnullis
1613 2423 1697 2478 velut
1714 2424 1813 2478 al’ciro

993 2492 1122 2558 apostolo
1133 2493 1166 2547 ad
1179 2495 1313 2549 lacnhum
1328 2495 1423 2548 missa.
1438 2495 1467 2548 iu
1480 2493 1549 2547 aliis
1565 2509 1674 2550 rursus
1688 2500 1812 2565 tanquam

993 2574 1008 2614 a
1024 2561 1167 2616 Clemente
1182 2564 1216 2618 ad
1235 2563 1370 2620 iacobum
1392 2564 1459 2627 alia,
1478 2571 1565 2634 atque
1579 2565 1652 2620 alia.
1673 2566 1743 2621 444
1758 2578 1812 2619 raro

995 2633 1093 2687 l¹elrus
1103 2633 1164 2689 slve
1176 2637 1278 2694 4444444.
1290 2638 1351 2689 sive
1367 2636 1528 2690 Antiochiae
1542 2636 1622 2690 duos
1632 2635 1811 2692 constituerit

992 2704 1151 2772 episcopos,
1168 2720 1243 2761 unus
1254 2708 1303 2777 qui
1317 2714 1449 2775 praecssct
1459 2707 1612 2761 conuersis
1625 2707 1810 2775 4464444444,

991 2774 1064 2828 44444
1089 2777 1138 2844 qui
1164 2790 1197 2831 cit
1216 2779 1322 2833 444444
1338 2780 1421 2847 jutta
1436 2777 1462 2831 id
1484 2779 1560 2847 quod
1580 2779 1665 2834 Petro
1692 2787 1721 2834 et
1736 2777 1810 2832 Paulo

991 2826 1181 2902 4444444544
1196 2848 1368 2917 illeludaais,
1383 2849 1430 2903 hie
1442 2849 1587 2904 Gentibus
1599 2850 1808 2920 evangelizaret,

994 2925 1103 2971 nonest
1116 2920 1376 2975 disserendiloeus.
1392 2921 1507 2975 luterim
1518 2921 1691 2976 ordiuatum
1704 2922 1739 2975 ab
1749 2920 1809 2975 alus

994 2991 1134 3056 apostolis
1146 2995 1312 3060 episcopum
1328 2993 1357 3046 iu
1371 2992 1466 3046 eadem
1480 2992 1621 3047 cathedra
1634 2995 1807 3055 successisse,

996 3060 1092 3127 proult
1108 3064 1335 3131 patriarcharum
1353 3063 1619 3118 Alexandrinorum
1637 3065 1738 3135 series,
1758 3075 1808 3132 qua

961 3133 1165 3215 Cananiama
1186 3135 1279 3189 Marco
1304 3141 1502 3189 consecratum
1523 3135 1700 3204 episcopum
1729 3135 1807 3190 eidem

993 3202 1088 3257 Marco
1102 3216 1298 3260 successorem
1320 3205 1411 3261 luisse
1434 3203 1531 3260 444444.

1361 3331 1451 3385 utsii.

1029 3436 1115 3491 Linea
1159 3433 1185 3490 l.
1210 3467 1247 3477 -
1273 3440 1372 3492 Multos
1407 3439 1502 3492 libros.
1541 3439 1654 3496 Praeter
1688 3439 1807 3507 epistota

996 3509 1808 3579 scripsitcoustitutiouesapostolurum.Cauonesaposto

997 3579 1089 3634 lorum
1098 3593 1153 3633 uoti
1164 3580 1278 3649 quidem
1286 3582 1427 3647 condidit,
1440 3582 1487 3635 scil
1502 3582 1676 3637 traditosab
1690 3581 1807 3656 apostolis

995 3651 1091 3705 Gracc
1101 3652 1284 3719 conscripsit.
1297 3653 1444 3707 Circuitus
1455 3653 1530 3707 Petri
1542 3650 1577 3707 th
1586 3654 1802 3718 librisdescripti

997 3722 1071 3776 inter
1085 3722 1246 3792 apocrypha
1262 3737 1278 3777 a
1292 3724 1406 3779 Gelasio
1421 3724 1609 3792 reiiciuntur.

1309 3850 1503 3905 BLANClllNl.

1261 3970 1338 4010 4444·
1358 3968 1567 4011 cunoaotoetm.

1032 4062 1355 4135 Notaschrouologlcas,
1365 4064 1481 4132 utrique
1492 4064 1626 4130 pontiflci
1645 4077 1802 4125 communes.

995 4135 1132 4191 Clementi
1148 4141 1177 4188 et
1188 4135 1268 4190 Cleto
1280 4135 1416 4202 superius
1433 4134 1519 4190 retuli
1535 4150 1618 4191 nuru.
1636 4136 1665 4205 3,
1682 4146 1713 4194 ut
1727 4144 1805 4193 ostea-

996 4208 1090 4262 derem
1108 4207 1134 4259 tt.
1160 4206 1330 4261 Clementem
1350 4207 1475 4260 Itomauo
1498 4207 1675 4274 pontilleatu
1696 4208 1804 4264 sunctum

124 4272 243 4321 iuortcm
258 4282 452 4326 successorem
470 4264 621 4328 o'rdiuasse
634 4275 815 4329 Clementem.
832 4277 870 4330 lle
885 4291 942 4346 qua
997 4277 1088 4332 luisse
1099 4284 1164 4330 autc
1178 4277 1206 4331 B.
1230 4278 1339 4332 Cletum
1355 4295 1361 4330 :
1378 4276 1454 4330 bunc
1470 4291 1536 4332 vero
1554 4291 1632 4334 uouu
1640 4283 1676 4335 isi
1694 4294 1725 4335 eit
1741 4278 1805 4333 illius

123 4338 261 4406 opinione
276 4340 319 4394 sic
332 4343 512 4410 Epiphanius
523 4342 644 4411 barat,
660 4359 722 4416 444.
737 4343 804 4401 toi:
822 4368 834 4398 «
851 4352 941 4413 44444-
997 4348 1179 4402 abdicatione
1197 4355 1316 4403 vacante
1330 4347 1463 4403 cathedra
1478 4349 1555 4402 Petri
1567 4351 1603 4405 ad
1617 4353 1743 4406 eamdem
1754 4361 1805 4402 ere-

125 4422 208 4478 quam
223 4410 266 4465 rel
288 4410 340 4468 bac
360 4415 475 4483 quidem
505 4416 616 4471 ratione
634 4424 763 4485 poterant
778 4418 942 4473 uiuentibus
997 4429 1074 4474 ctum
1090 4419 1159 4473 cleri
1177 4420 1294 4473 ltomaui
1306 4418 1463 4489 4444444444,
1480 4418 1623 4489 illamque
1639 4420 1805 4477 4444444444-

122 4480 372 4553 adbucapostolis,
382 4486 462 4541 Petro
475 4486 624 4542 scilicetae
638 4488 735 4551 Paulo,
749 4490 877 4558 episcopi
889 4489 940 4543 alii
999 4504 1050 4545 nec
1061 4497 1166 4560 martyr
1178 4489 1356 4545 occumberet
1367 4492 1420 4544 sub
1434 4490 1614 4555 Domitiano,
1634 4494 1805 4560 pluribusau·

123 4552 286 4624 subrogari,
304 4556 379 4623 quod
409 4556 495 4612 iidem
522 4558 566 4613 illi
591 4560 764 4627 praedicandi
795 4562 941 4627 4444444444
958 4545 1120 4616 Dnisante
1133 4561 1664 4629 uiartprlumClementis.reservatum
1677 4566 1804 4620 4444444

123 4625 225 4692 qratia,
243 4626 270 4680 in
284 4626 358 4682 alias
375 4627 457 4683 urbes
470 4630 657 4701 regionesque
666 4631 868 4699 prolectlonem
883 4647 943 4686 siis·
997 4632 1110 4699 'trajani
1127 4633 1246 4687 tertium
1267 4637 1315 4686 :et
1340 4633 1448 4688 idcirco
1466 4632 1580 4687 Cletum
1599 4637 1744 4692 maturius
1754 4631 1804 4686 Cle·

122 4693 263 4765 ciperent.
279 4708 375 4753 carere
393 4705 487 4755 autem
503 4701 637 4770 episcopo
654 4703 739 4757 ltoma
764 4716 819 4757 444
838 4710 941 4768 posset.
999 4709 1091 4758 niente
1106 4702 1225 4757 relatum
1244 4703 1273 4758 in
1289 4704 1441 4773 diptychus
1455 4709 1631 4772 martyrum.
1648 4714 1679 4763 et
1693 4710 1720 4762 in
1734 4715 1803 4777 canu·¹

121 4765 270 4836 Siquidem
288 4768 865 4841 Paulusiuhtspantampervenissemus
877 4788 942 4829 uero
998 4787 1059 4829 444
1079 4774 1308 4842 missarumque
1323 4775 1351 4827 iu
1368 4775 1429 4830 loco
1444 4776 1573 4844 praeponi
1590 4777 1751 4834 Clementi:
1766 4785 1801 4827 cut

122 4836 242 4893 Pontum
258 4847 286 4893 et
315 4841 475 4910 llitbyniam
495 4856 700 4912 saepenumero
717 4845 887 4916 4444444444.
904 4848 942 4899 hc
998 4851 1091 4900 tamen
1105 4847 1133 4900 ln
1148 4845 1223 4900 serie
1236 4847 1402 4912 poutrhcum
1418 4846 1615 4902 homanorum
1628 4846 1802 4905 uetustissima

123 4907 184 4963 lieri
199 4923 268 4964 sarie
284 4913 389 4978 potuit,
417 4921 447 4967 ut
464 4914 588 4982 primum
608 4916 749 4970 Clemente
770 4917 939 4979 constituto,
996 4917 1140 4986 (Catalopn
1160 4916 1272 4971 scilicet
1288 4916 1449 4988 tiberiano>
1461 4919 1527 4986 jure
1548 4923 1801 4990 postposuissem

122 4994 185 5035 cum
203 4982 227 5035 is
238 4980 397 5053 4444444444
411 4985 446 5052 (44
469 4987 507 5040 ita
524 4992 616 5041 tamen
629 4988 783 5058 contingit,
800 4988 875 5056 quod
890 5000 941 5057 ego
996 4988 1126 5042 Clemens
1136 4989 1243 5041 sederit
1258 4989 1330 5041 l‘etri
1342 4988 1439 5043 ettlni
1453 5001 1619 5049 successor.
1634 4987 1802 5062 atquescdca

122 5053 268 5119 opinando
279 5056 376 5121 potios
390 5060 670 5125 quamassevcrando
685 5059 829 5123 dixerim),
844 5065 941 5127 postea
997 5060 1142 5114 dimiserit
1155 5069 1219 5111 4444
1232 5058 1301 5113 Cleti
1326 5059 1536 5126 pontificatum.
1549 5059 1690 5129 Exempla
1702 5073 1750 5116 non
1763 5058 1803 5135 dc·

122 5124 193 5179 Lino
218 5121 354 5194 Cletoque
376 5129 508 5191 mortuis,
537 5142 677 5184 annoruui
707 5127 740 5183 44
759 5131 853 5198 spatio
876 5129 943 5184 sin-
997 5136 1066 5185 4444
1083 5129 1252 5183 4444444444
1270 5130 1356 5186 istius
1371 5132 1570 5197 dimissionis
1591 5130 1803 5189 etsuecessiuuis

123 5193 242 5262 4444444
253 5196 450 5264 episcopatum
461 5199 653 5254 obtinuerunt
668 5207 731 5268 post
745 5201 940 5269 apostolorum
997 5201 1125 5270 plurium
1142 5201 1343 5270 episcoporum
1356 5201 1496 5266 44444444
1513 5213 1584 5260 aute
1600 5204 1712 5260 obitum
1726 5201 1803 5257 diuit-

124 5266 198 5319 l'etri
214 5265 354 5336 Paulique
368 5281 474 5336 necem,
493 5271 541 5340 qui
559 5272 587 5324 44
602 5283 708 5325 44444
721 5273 842 5326 Neronis
857 5269 890 5326 td
901 5272 943 5325 iu·
998 5272 1095 5330 tentis,
1112 5272 1197 5327 ctiam
1220 5274 1247 5327 iu
1270 5273 1339 5327 aliis
1353 5273 1472 5328 sedibus
1490 5277 1651 5345 praecipuis
1667 5273 1768 5346 qualern
1780 5270 1801 5321 44

122 5339 225 5405 currit,
245 5344 304 5393 tuni
321 5340 435 5394 deinum
452 5341 648 5408 pontilicalum
674 5356 821 5411 capessere
840 5344 941 5398 sitco-
997 5343 1619 5412 hierosolymitanarecensetEtisebiusllist.
1632 5348 1706 5403 Ecel.
1720 5344 1802 5400 liliu-

123 5412 214 5461 actus.
237 5428 249 5458 4
274 5409 455 5478 Epiphanius
472 5412 568 5482 itaque
582 5412 706 5468 alllrmat
729 5413 801 5467 hauc
816 5429 868 5468 suu
882 5429 941 5471 aevo
998 5429 1060 5484 cap.
1075 5413 1117 5481 th,
1137 5416 1184 5470 obi
1197 5416 1340 5489 Narcisso.
1354 5417 1404 5484 qui
1421 5415 1489 5487 4444
1505 5433 1535 5474 44
1548 5419 1738 5474 subtraaerat
1749 5415 1803 5489 hius

123 5482 345 5556 controversiam
359 5483 506 5551 44444444Ὶ
528 5484 562 5537 44
578 5498 633 5553 qua
663 5492 755 5539 tamea
783 5486 941 5553 ipsejudi-
1000 5489 1134 5555 primum.
1158 5486 1262 5541 deinde
1287 5487 1450 5551 heririanio,
1481 5495 1540 5544 turu
1558 5491 1689 5546 Gordius
1702 5488 1802 5544 4444444

124 5560 199 5625 cium
212 5548 309 5605 ellerre
323 5554 480 5606 iiouaudet.
495 5556 536 5607 hu
546 5557 740 5611 chleincutis
752 5558 941 5625 supposititia
998 5566 1065 5611 suut
1075 5572 1255 5613 successores
1275 5566 1321 5612 :et
1337 5573 1400 5613 cum
1419 5560 1508 5615 redux
1521 5575 1554 5616 et
1576 5561 1735 5617 solitudine
1746 5559 1801 5634 Nau·

123 5618 255 5699 epistola,
279 5629 329 5675 aut
342 5623 432 5678 altero
455 5625 572 5679 certiori
591 5635 774 5682 iuouuineuto
795 5628 821 5681 id
838 5629 942 5695 44444-
997 5630 1093 5683 cissus
1105 5637 1205 5698 rogatu
1219 5628 1340 5684 44444444
1357 5632 1392 5684 ad
1411 5632 1614 5688 resuiiicudaui
1632 5627 1805 5687 scelestadt·

125 5685 276 5743 lieuderint
289 5694 588 5758 opiiiiouisauctorcs.
603 5696 783 5765 Epiphanius
800 5713 853 5754 uou
867 5699 944 5766 judi·
999 5700 1200 5754 missas-mam
1213 5701 1804 5768 4444444444.444444444444444444444

123 5764 189 5824 cal,
209 5760 235 5813 id
255 5772 346 5814 tatueu
365 5764 516 5821 iudubium
543 5780 605 5822 esse
624 5772 726 5822 :isserat
744 5770 828 5838 (quod
853 5772 943 5841 inagis
998 5769 1146 5825 troiiluctus
1165 5771 1281 5840 (antium.
1304 5775 1410 5843 quippe
1423 5775 1524 5843 rigebat
1539 5781 1656 5832 seituiu
1679 5773 1802 5831 decimum

110 5837 243 5889 nostram
255 5831 554 5897 hartcsuecessionein
564 5839 743 5913 poutillciam
755 5843 947 5913 commendat,
998 5854 1086 5912 supra
1106 5843 1305 5913 centesimum)
1322 5845 1454 5900 obtinuit
1469 5846 1611 5917 leuamen,
1629 5859 1684 5903 non
1696 5846 1804 5901 sinere·
