3892 6136
113 303 167 361 249
209 327 215 337 ·

514 307 560 363 an
578 306 796 364 nnnsrtsruu
815 282 1072 364 rnoueednaaa
1090 308 1179 363 666.
1200 303 1416 362 666-(6616.

1767 303 1822 362 aab

115 431 224 488 ritibus
236 432 383 494 sacrificii,
399 433 448 502 qui
460 434 519 502 jam
536 433 602 489 inde
614 448 630 489 a
644 435 747 503 primis
763 434 940 504 temporibus
952 434 981 492 A
998 431 1050 487 to:
1079 453 1092 483 r
1117 433 1289 501 scriptorem
1317 430 1390 486 torte
1412 444 1466 485 non
1484 430 1589 486 malurn
1613 443 1685 486 esse.
1703 448 1716 479 a
1742 428 1821 483 Alibi

114 526 281 591 coeperunt3
306 521 331 575 si
351 520 386 576 (16
403 521 639 577 ordinationibus
656 524 868 591 episcoporum,
891 537 941 577 sa-

114 608 273 678 cerdotum,
286 609 485 679 diaconorum,
498 609 741 666 subdiaconorum
754 617 781 665 et
792 610 940 666 interioris

114 695 195 762 cleri,
213 709 369 766 eorumque
385 698 515 768 muniis,
533 698 604 753 side
622 699 758 768 reliquiis
773 704 939 769 martyrum,

114 783 150 838 de
169 784 349 840 inuocatione
367 791 542 841 sanctorum.
566 787 601 841 de
614 786 734 854 psalmis
748 791 776 840 et
795 787 941 841 orationi-

31 856 36 868 *
115 870 169 926 bus
187 873 217 926 in
230 871 356 927 Ecclesia
372 873 487 928 recitari
511 873 624 943 solitis,
639 875 663 928 si
685 874 721 928 de
743 875 821 928 varia
836 875 940 929 summi

116 959 262 1029 pontilicis
275 959 430 1029 electione,
445 961 515 1017 side
530 963 673 1017 sexcentis
685 962 754 1017 aliis
766 961 939 1032 disciplinae.

114 1045 226 1102 rituum
256 1055 284 1102 et
311 1047 477 1119 dogmatum
510 1049 772 1105 ecclesiasticorum
796 1049 942 1119 capitibus

115 1148 243 1207 agamus,
266 1136 442 1206 reperiemus
463 1136 589 1206 prolecto
609 1139 640 1193 in
665 1139 717 1194 hoc
735 1137 821 1193 Libro
840 1139 943 1193 Ponti-

115 1222 192 1279 ticali
207 1223 283 1279 unde
300 1224 414 1279 cunctis
429 1224 552 1281 satisfiat
567 1244 573 1279 :
597 1231 758 1295 perspectos
772 1225 942 1282 habebimus

116 1310 317 1367 haeretieorum
334 1325 446 1368 errores
466 1317 493 1369 et
515 1327 720 1383 cognoscemus
745 1314 859 1384 quando
876 1319 904 1369 et
926 1327 943 1369 a

116 1400 224 1473 quibus
236 1401 365 1457 damnati
380 1402 457 1471 sint,
472 1402 662 1459 conciliorum
676 1402 852 1474 generalium
868 1410 940 1475 acta,

116 1489 283 1559 pontihcum
295 1489 420 1560 decreta,
435 1490 608 1560 synodorum
622 1490 815 1546 nationalium
828 1499 856 1546 et
873 1505 942 1559 pro-

114 1576 285 1634 vincialium
300 1584 405 1634 statuta
418 1578 635 1635 observabimus
650 1597 657 1649 ς
678 1588 707 1635 61
719 1579 827 1649 quibus
848 1579 942 1634 modis

114 1664 250 1737 Ecclesiae
270 1665 395 1736 regimen
409 1673 474 1721 octo
488 1667 647 1735 primorum
660 1667 832 1723 saeculorum
847 1668 941 1736 spatio

996 522 1112 591 latetur,
1128 534 1161 576 eo
1176 527 1284 577 veteres
1298 520 1432 574 Ecclesia
1448 520 1580 574 Itomanae
1594 518 1709 574 tabulas
1723 518 1825 573 conti-

996 611 1068 678 neri,
1082 608 1215 679 nihilque
1225 622 1258 663 eo
1271 609 1378 677 scripto
1393 607 1591 676 incorruptius
1600 607 1722 670 editum,
1736 604 1825 660 nihil-

996 712 1050 766 que
1064 711 1080 751 a
1096 696 1161 751 lalsi
1179 697 1343 766 suspicione
1355 696 1481 751 alienius
1498 696 1617 764 reperiri
1634 708 1726 765 posse.
1746 696 1826 750 Hanc

995 785 1134 841 Blendelli
1163 784 1333 841 sententiam
1360 789 1475 839 secutus
1501 790 1545 838 est
1572 782 1742 849 Salmasius,
1772 782 1824 852 qui

996 874 1102 930 latetur
1117 888 1181 929 cunt
1203 873 1358 944 blondello,
1382 879 1526 928 auctorem
1548 872 1631 942 quasi
1655 872 1728 927 solis
1742 871 1826 927 radio

996 963 1158 1032 scripsisse,
1185 976 1306 1032 quorum
1335 961 1517 1023 seutentiam,
1541 961 1610 1016 dum
1633 960 1663 1015 in
1686 958 1825 1028 operibus

998 1051 1161 1120 posthumis
1173 1050 1382 1105 Dissertatione
1397 1051 1451 1105 ide
1464 1049 1538 1104 serie
1552 1048 1747 1105 homanorum
1759 1060 1827 1117 pon·

998 1139 1119 1206 1111666,
1139 1139 1232 1208 capite
1262 1136 1305 1205 ta,
1332 1138 1494 1207 improbare
1518 1135 1615 1192 studet
1639 1136 1823 1206 Pearsenius,

997 1228 1136 1283 rationem
1153 1240 1230 1282 num.
1245 1229 1257 1281 l
1263 1224 1281 1280 11
1295 1226 1431 1281 adducit:
1447 1247 1459 1277 u
1476 1223 1550 1293 Quia
1563 1230 1664 1281 auctor
1677 1224 1825 1293 6166666-

997 1329 1100 1385 nymus
1111 1322 1140 1370 et
1151 1315 1278 1370 incertus
1290 1315 1362 1370 sexti
1375 1313 1472 1369 saculi
1484 1314 1617 1383 scriptor,
1626 1319 1654 1368 et
1662 1317 1757 1368 status
1770 1313 1826 1382 pri·

998 1402 1104 1458 mttirae
1118 1403 1252 1458 Ecclesiae
1268 1403 1386 1473 ignarus
1402 1400 1469 1457 luit.
1488 1420 1501 1449 a
1524 1400 1664 1473 Adiungit
1685 1400 1827 1456 nonnulla

997 1506 1060 1561 quae
1081 1491 1378 1560 666666666611661661
1405 1490 1513 1546 indicia
1539 1491 1659 1558 spirant,
1676 1496 1705 1543 et
1721 1501 1827 1544 aversae

997 1579 1189 1656 religionibus
1204 1580 1315 1635 bostem
1336 1578 1482 1650 produnt:
1502 1578 1577 1633 unde
1592 1577 1699 1633 mirum
1715 1578 1825 1634 nemini

996 1666 1151 1728 ridebitur.
1162 1668 1237 1738 quod
1250 1667 1431 1722 narrationes
1448 1669 1476 1721 ln
1489 1665 1573 1721 libro
1586 1664 1748 1722 Pontidealt
1762 1679 1828 1722 cou-

115 1752 259 1813 censtttit.
277 1751 362 1808 tacite
372 1753 570 1823 conjiciemus.
588 1755 628 1808 lta
641 1759 674 1808 ut
688 1755 735 1809 vix
751 1754 841 1809 sciam
862 1768 898 1809 an
911 1755 940 1810 tn
957 1758 983 1818 Β
997 1755 1339 1825 tentaeipsidisplteeant,
1348 1755 1423 1809 ritus
1431 1754 1563 1809 Romanae
1575 1752 1827 1809 Ecclesiaeibidem

115 1844 174 1897 tota
187 1841 363 1911 antiquitate
383 1855 456 1912 opus
470 1841 550 1897 aliud
569 1842 740 1911 reperiatur,
756 1855 791 1897 ex
808 1857 865 1912 quo
883 1851 941 1898 tam

116 1928 253 1985 66611666
272 1942 306 1985 ex
320 1928 406 1985 Libro
418 1929 580 1985 Pontificali
596 1929 707 1985 addisci
723 1930 843 1999 possint.

151 2014 177 2070 9.
189 2017 282 2087 Atque
297 2017 356 2072 haec
371 2016 515 2072 sufficiant
530 2017 565 2072 de
578 2017 657 2072 Libri
673 2018 850 2074 Pontilicalis
867 2032 942 2087 666-

118 2104 226 2159 stantia
238 2111 267 2159 et
280 2105 461 2175 auctoritate,
479 2119 564 2174 quarn
580 2105 706 2162 haeretici
722 2106 777 2175 ipsi
800 2120 854 2162 non
868 2119 942 2162 uon-

119 2193 299 2248 temnendam
317 2206 378 2248 esse
394 2192 588 2249 declararunt.
599 2194 764 2250 blondellus
772 2196 859 2264 enim,
872 2196 940 2250 dum

117 2286 217 2335 contra
232 2279 408 2336 Turrianum
428 2281 529 2335 scribit
544 2282 579 2336 de
596 2283 729 2352 epistolis
748 2283 942 2338 decretalibus

118 2368 276 2440 primorum
303 2368 483 2437 pontiacum,
504 2369 634 2424 observat
662 2372 691 2424 in
719 2371 940 2442 prolegomenis,

117 2456 212 2527 eapite
223 2454 266 2521 ta,
284 2455 361 2510 Libri
378 2455 555 2512 Pontidealis
571 2457 740 2526 scriptorem
755 2458 863 2512 vixisse
877 2462 942 2511 ante

80 2576 83 2583 ·
117 2558 226 2601 annum
239 2544 525 2616 septingentesimum
540 2551 569 2600 et
587 2545 672 2600 citari
687 2559 704 2599 a
722 2565 735 2597 c
750 2546 835 2615 Beda,
855 2551 944 2600 Ama-

119 2633 193 2689 Iario
207 2633 372 2698 Fortunato,
389 2630 550 2688 Walatrido
569 2632 717 2703 Strabone,
734 2640 761 2689 et
776 2633 844 2689 aliis
864 2635 945 2689 Ana-

119 2720 208 2778 stasio
223 2719 447 2776 bibliothecario
462 2720 689 2791 antiquioribus.
703 2739 716 2771 »
729 2722 870 2793 Adiungit
880 2737 941 2793 cap.

590 3064 944 3168 FRANCISCI¹

996 1841 1680 1912 exhibitoscontemnat,doctrinassivedogmata
1694 1841 1829 1911 primiti-

992 1919 1037 1985 'vae
1051 1930 1184 1986 Ecclesia
1197 1932 1226 1986 tn
1238 1945 1270 1986 eo
1285 1943 1418 1999 expressa
1434 1930 1572 2001 suggillet
1586 1936 1615 1985 et
1626 1929 1770 1998 repudiet.
1780 1928 1829 1986 Os

997 2020 1143 2075 tendimus
1164 2033 1232 2074 sane
1244 2033 1277 2073 ex
1293 2018 1400 2088 quibus
1421 2018 1551 2073 lontibus
1563 2031 1595 2074 ca
1609 2032 1672 2087 quae
1692 2018 1723 2073 in
1740 2017 1829 2073 libre

997 2106 1564 2175 1661116611166116616611666666166161.
1576 2105 1734 2176 Exquibus
1743 2104 1829 2162 166116

998 2196 1122 2265 quisque
1134 2196 1287 2262 discernet,
1301 2196 1484 2251 I‘earsontum
1498 2194 1616 2250 humani
1628 2194 1697 2264 quid
1709 2208 1826 2263 passum

998 2298 1070 2352 esse,
1086 2285 1268 2339 cumcontra
1284 2283 1362 2338 Libri
1381 2283 1557 2338 pontificalis
1572 2289 1718 2338 auctorem
1735 2283 1830 2340 insur-

997 2375 1050 2445 git,
1063 2386 1146 2442 quern
1157 2372 1226 2427 durn
1238 2372 1342 2427 seculo
1354 2372 1476 2440 septimo
1488 2370 1639 2440 scripsisse
1647 2369 1754 2426 latetur
1766 2385 1831 2427 tne-

997 2460 1057 2517 lius
1069 2462 1104 2516 de
1120 2461 1245 2516 11661666
1255 2460 1393 2529 Ecclesia,
1408 2460 1528 2529 eiusque
1541 2458 1710 2529 disciplina,
1719 2459 1830 2517 ritibus

996 2555 1025 2605 et
1040 2549 1094 2604 tide
1110 2549 1284 2605 instructum
1299 2547 1401 2609 luisse,
1416 2562 1501 2618 quam
1515 2548 1681 2603 novissimis
1698 2547 1827 2603 histem·

998 2636 1119 2706 poribus
1131 2642 1222 2705 natos,
1232 2650 1386 2709 agnoscere
1395 2635 1551 2691 debuisset.
1565 2637 1657 2706 Atque
1668 2636 1722 2692 hoc
1733 2649 1828 2691 meum

998 2723 1033 2779 de
1049 2724 1133 2780 Libro
1149 2724 1308 2780 Pontifieali
1323 2724 1469 2794 judicium
1484 2729 1538 2779 est.

999 3064 1361 3167 BLANCHINI

736 3259 909 3330 BIIEVIS
954 3257 1207 3328 aaranbtx

119 3415 166 3470 Ab
191 3413 491 3471 DISSEIITATIONEII
517 3416 742 3472 EMIIANUELIS
768 3418 790 3471 Λ
816 3415 1078 3543 ὃΟΗὲἓῧῖἓὲἶςΕ
1106 3419 1151 3471 DE
1179 3415 1337 3486 natradis
1366 3410 1588 3470 nentnnenen
1614 3408 1826 3466 PONTIFICUII

328 3732 731 3790 SECTIONESAPPENDICIS.

121 3874 143 3923 1.
160 3874 295 3935 Appendix
312 3871 368 3921 haec
380 3873 476 3935 duplici
487 3874 592 3920 inservit
602 3874 785 3931 dissertationi,
795 3877 849 3920 turn
864 3873 946 3922 Sche-

150 3936 304 3984 leslrattanae
317 3935 369 3991 iarn
377 3934 469 3991 allatae,
485 3938 540 3981 turn
551 3938 644 3983 nostrie
653 3948 713 3981 mox
729 3935 862 3982 alterorum
872 3940 897 3982 et
907 3937 946 3982 tn·

152 3998 253 4057 scriptae
264 3997 295 4045 de
306 3997 482 4044 Romanorum
495 3998 646 4055 trontitteum
659 3996 834 4055 catalogis-
848 3997 946 4044 11616-

152 4059 257 4107 ctoritas
274 4057 343 4107 Libri
361 4058 518 4106 Pontillealts
534 4059 630 4120 petitur
646 4059 809 4119 potissimum
823 4072 853 4105 ex
870 4059 946 4105 docn-

152 4121 245 4170 mentis
260 4118 437 4180 autographis,
454 4119 498 4167 illa
512 4123 586 4168 aetnte
600 4121 714 4167 nondum
730 4120 880 4181 deperditis,
895 4134 946 4182 qua

154 4181 231 4232 Liber
247 4183 302 4236 iste,
319 4196 363 4229 seu
380 4181 446 4229 vitae
462 4182 488 4228 tn
505 4182 596 4229 eodem
612 4181 727 4229 collectae¹
746 4181 947 4229 contexebantur

153 4244 184 4293 ab
197 4243 414 4293 oculatisillorum
425 4246 570 4304 temporum
580 4243 779 4305 inspectoribus.
794 4271 824 4279 -
836 4243 880 4292 III.
894 4246 946 4291 An·

152 4307 224 4368 11666
239 4305 356 4366 exempla
370 4304 441 4353 Libri
460 4305 627 4364 Pontilicalis,
645 4308 732 4366 utpote
742 4309 815 4354 (61616
829 4307 946 4367 proxuma

153 4368 251 4416 eisdem
266 4367 429 4415 documentis
439 4366 614 4428 autographis,
626 4381 656 4414 su
676 4367 744 4425 plent
755 4368 946 4429 quodammodo

153 4381 704 4479 vteeseornmdemdocumentorum-iv.
719 4429 948 4477 Variantesleelio·

154 4503 200 4538 nea
217 4491 335 4539 codicum
351 4491 519 4538 velitationem
536 4492 614 4540 editio
626 4491 948 4552 nostraenmpleetitur.-

153 4552 190 4599 V.
203 4553 349 4615 Antiquitas
359 4554 479 4601 codicum
496 4566 526 4600 ex
542 4551 644 4600 illorurn
660 4554 947 4614 scripturaespecimtnt-

152 4613 203 4662 bus
213 4614 402 4676 comprobatur.
412 4640 441 4650 -
454 4615 503 4663 vt.
514 4615 613 4664 Idcirco
624 4614 788 4662 lucrantante
800 4618 872 4663 notos
894 4614 947 4663 hauc

153 4677 295 4738 specimina
311 4676 472 4738 proterenda.
490 4703 520 4712 -
542 4676 600 4724 Vll.
624 4677 661 4724 De
678 4681 788 4739 utroque
805 4678 947 4738 specimine

154 4738 251 4786 codicis
267 4738 590 4801 Faenesiarri,prioreja1n
606 4738 682 4786 allato
709 4741 734 4786 et
748 4740 827 4786 attero
838 4753 896 4786 uror
912 4737 948 4786 61-

152 4799 305 4850 16666616.-
318 4800 389 4859 VIII,
401 4800 446 4856 tx,
458 4801 489 4849 x.
503 4801 638 4863 Spectmen
650 4802 795 4848 donationis
806 4800 949 4851 (1666116116-

154 4864 199 4924 gni
216 4877 246 4912 ex
263 4864 419 4913 Farnestano
428 4864 519 4912 codice
531 4863 609 4911 lernae
620 4862 711 4924 aequalt
722 4863 816 4911 saeculo
831 4864 948 4911 donatiu-

154 4926 194 4972 nis
210 4926 321 4974 tndtcata
335 4926 366 4973 de
381 4939 457 4973 eattsa
472 4925 583 4974 maxime
598 4925 623 4973 in
640 4927 722 4986 pretio
738 4924 894 4983 habendum,
907 4926 948 4972 inc

154 4985 290 5036 exhibetur
300 5015 330 5023 —
339 4988 387 5039 XI.
405 4987 553 5049 Spectmina
564 4987 697 5049 scripturae
710 4989 818 5035 duorum
828 4988 948 5035 codicum

961 3733 985 3794 C
1032 3749 1062 3783 ex
1082 3734 1247 3785 Florentinis.
1265 3762 1295 3771 -
1313 3729 1383 3782 XIX.
1404 3734 1548 3795 Antiquitas
1564 3732 1663 3780 codicis
1679 3730 1830 3780 Farnesiani

1032 3797 1216 3858 comprobatur
1232 3798 1307 3845 etiarn
1328 3811 1357 3844 ex
1375 3796 1529 3854 trnagintbns
1554 3795 1654 3856 aliquot
1672 3793 1827 3855 pontificum

1032 3857 1127 3905 ibidem
1145 3859 1262 3918 depictis,
1279 3859 1403 3919 praecipue
1420 3873 1452 3904 ex
1467 3857 1577 3913 imagine
1594 3856 1621 3905 S.
1640 3856 1713 3904 Pauli
1723 3868 1798 3916 papa*
1809 3854 1828 3913 I,

1033 3920 1163 3966 simillima
1179 3921 1285 3979 picturis
1296 3921 1319 3966 tn
1334 3920 1440 3967 basilica
1457 3919 1483 3967 S.
1497 3919 1570 3967 Pauli
1588 3919 1681 3967 seriem
1694 3919 1828 3966 Romano·

1031 3994 1089 4029 runt
1106 3982 1254 4041 pontiticurn
1274 3980 1461 4030 exhibentibus.
1483 4008 1513 4016 -
1534 3982 1591 4029 XX.
1610 3982 1675 4038 Quat
1690 3981 1785 4028 desunt
1801 3980 1827 4026 in

1032 4044 1121 4089 coelice
1144 4043 1300 4090 Faenestano
1314 4044 1426 4104 suppleri
1454 4048 1563 4104 possunt
1585 4057 1631 4103 per
1647 4042 1697 4090 alta
1712 4041 1826 4102 genuina

1031 4104 1193 4161 documenta,
1207 4105 1242 4152 uti
1258 4106 1372 4165 proxima
1389 4105 1533 4153 dissertatio
1559 4104 1685 4152 ostendet.

1038 4357 1057 4409 1.
1071 4354 1263 4423 Appendicem
1285 4359 1409 4409 attexere
1429 4367 1484 4408 non
1500 4352 1637 4424 gatvabor
1651 4354 1730 4409 docti
1751 4368 1829 4424 prae-

1001 4443 1076 4499 sulta
1090 4442 1287 4498 dissertationi
1307 4444 1340 4495 dr
1353 4443 1485 4511 Anllqrtt's
1504 4446 1689 4497 homirnorum
1710 4443 1824 4511 Pontifi-

1001 4549 1061 4586 cum
1072 4532 1218 4599 Cototopis,
1230 4546 1293 4602 quae
1307 4531 1503 4586 lucubrationi
1514 4531 1599 4585 etiam
1612 4537 1716 4585 nostrae
1729 4531 1827 4586 eodem

1000 4622 1036 4676 de
1051 4629 1219 4691 argumente
1234 4619 1412 4688 conscriptae,
1429 4626 1457 4673 et
1473 4619 1602 4688 proximo
1618 4617 1681 4673 loco
1702 4618 1828 4673 atteren-

1002 4710 1054 4777 dae,
1071 4722 1127 4764 non
1149 4709 1205 4764 erit
1220 4709 1424 4776 inopportuna.
1437 4707 1473 4761 Ut
1487 4707 1562 4760 eninr
1580 4712 1724 4774 postremo
1738 4707 1827 4775 capiti

1002 4797 1124 4854 laudata.
1138 4796 1353 4852 dissertationis
1367 4800 1431 4863 apte
1447 4794 1618 4863 respondent
1632 4806 1664 4848 66
1675 4807 1739 4863 quae
1756 4794 1828 4849 hanc

1003 4886 1033 4939 in
1049 4888 1215 4939 mantissam
1231 4882 1391 4952 relerimns,
1410 4883 1448 4937 ita
1468 4896 1523 4937 nou
1539 4883 1634 4936 minus
1650 4881 1827 4937 commodam

1002 4975 1076 5029 riam
1093 4974 1229 5028 muniunt
1242 4972 1276 5026 ad
1293 4971 1344 5025 illa
1360 4971 1475 5040 planius
1489 4970 1665 5039 pervadenda
1681 4984 1745 5040 qnae
1761 4982 1828 5025 con·

155 5047 363 5096 Florentiuorum
376 5050 569 5099 exbibltetheea
586 5049 614 5098 S.
629 5049 708 5098 1116661
719 5049 895 5109 superioribus
905 5050 987 5120 ad-IJ
1003 5063 1146 5133 gessimus
1181 5061 1210 5115 iti
1239 5059 1410 5128 opuseulum
1437 5060 1564 5128 prngme
1591 5064 1825 5113 consecuturum,

155 5109 258 5155 duntur.
270 5135 299 5143 —
309 5110 369 5163 xli,
380 5111 452 5170 xttt,
471 5112 540 5161 xlv.
555 5112 626 5159 AEtas
645 5112 791 5159 vctusttnrts
808 5124 838 5157 ea
848 5112 948 5158 (1661166

156 5169 310 5219 Florentinis
320 5171 451 5219 codicibus
461 5173 608 5220 memoratis
618 5173 799 5232 comprobatur
807 5186 910 5234 quoque
919 5186 948 5220 ex

156 5232 275 5290 catalogo
294 5231 443 5280 Antiatitum
460 5233 685 5294 Neapolitanorum
709 5233 736 5278 tn
762 5233 850 5279 eadem
869 5234 949 5281 terme

155 5296 272 5354 tempora
294 5293 434 5348 desinente,
453 5297 484 5341 ad
502 5309 559 5356 quar
576 5294 721 5342 referuntur
742 5296 877 5353 postremae
893 5296 950 5343 vitat

157 5354 234 5402 hu'us
250 5353 321 5404 Libri
332 5353 501 5404 pontificatis.
512 5356 605 5407 -XV.
622 5354 760 5414 Catalogus
772 5355 814 5403 ille
831 5356 862 5404 ad
875 5357 950 5405 chro-

157 5429 191 5463 66
203 5416 441 5478 ogiampontillcum
451 5417 667 5476 comprobandam
675 5417 814 5464 admodum
826 5417 950 5475 uttlis‚bte

157 5475 293 5538 protertur.
304 5505 334 5513 —
345 5477 417 5532 XVI,
432 5477 588 5538 Desurnptus
601 5478 694 5525 dicitur
706 5493 735 5526 66
749 5479 860 5527 Historia
871 5481 950 5529 loan-

157 5539 197 5586 nis
206 5537 323 5587 Diaeoni.
336 5567 365 5574 —
376 5538 461 5587 xvtt.
471 5538 608 5600 Spectmen
621 5540 759 5588 litterarum
770 5541 886 5600 ejusdem
898 5543 949 5592 Ca-

156 5599 245 5661 talogt.
263 5627 293 5636 -
302 5601 398 5653 XVIII.
416 5602 553 5664 Spectmen
566 5602 719 5652 characteris
733 5604 830 5652 codicis
840 5606 948 5654 secundi

1002 5152 1095 5220 errtre
1109 5151 1181 5205 banc
1195 5149 1379 5217 appendicem
1394 5147 1717 5218 utriqoedissertationi
1734 5146 1829 5201 inter-

1004 5225 1151 5295 serendam
1180 5235 1273 5291 suasit
1299 5236 1461 5291 eommunis
1487 5236 1627 5291 utilitatis
1653 5236 1739 5303 ratio,
1767 5247 1829 5305 qnae

1004 5341 1089 5383 unani
1105 5332 1133 5381 et
1147 5325 1264 5379 alteram
1284 5324 1452 5394 attingebat.

1039 5418 1072 5471 II.
1089 5412 1310 5469 schelestratius
1333 5413 1425 5479 capite
1442 5426 1516 5467 nono
1538 5426 1597 5468 suae
1611 5409 1829 5467 dissertationis

1003 5518 1020 5559 a
1036 5504 1128 5572 primo
1144 5512 1262 5555 numero
1274 5500 1308 5554 ad
1328 5501 1354 5563 6,
1368 5499 1451 5553 docet
1462 5513 1495 5554 ea
1508 5515 1570 5569 (6616
1587 5501 1615 5553 16
1629 5497 1831 5554 [1166116611-

1003 5592 1079 5647 licali
1094 5594 1265 5645 enarrantur
1280 5601 1295 5643 a
1313 5589 1344 5643 B.
1359 5590 1440 5643 Petro
1458 5589 1492 5643 ad
1506 5589 1681 5656 Zachariam,
1709 5588 1831 5643 desum-
