3892 6136
135 311 204 369 ilii
520 314 679 369 HISTORIA
698 315 743 369 DE
762 314 851 369 VlTlS
869 314 952 370 boll.
975 312 1074 368 PONT.
1093 343 1129 353 -
1150 315 1177 367 a.
1202 314 1448 369 tlaltccttlnds.
1768 313 1837 372 itis

128 436 303 500 preceperat.
323 430 514 502 intelligimus
536 433 633 502 itaque
651 439 782 488 vexatum
808 432 898 488 luisse
911 433 955 487 lo-
970 434 997 490 A
1013 433 1164 502 poenilens.
1181 431 1663 489 3131113131333133133333111333
1678 435 1794 502 stiterit,
1809 440 1837 489 31

131 515 196 557 333
212 516 245 557 cx
261 503 340 556 31113
355 502 548 559 diversimode
560 503 707 559 breviatis.
724 505 791 559 Cum
812 518 877 560 vero
895 517 957 558 me·
1011 517 1108 558 ansam
1124 504 1238 559 dederit
1260 505 1333 558 seris
1348 504 1469 572 posteris
1483 505 1610 571 ejusdem
1626 511 1720 560 errata
1733 513 1761 560 et
1774 521 1836 574 333-

133 581 258 626 moretur
274 572 302 626 in
317 573 528 642 exemplaribus
542 575 678 630 indicatis
689 577 716 630 S.
733 577 829 629 Patras
843 576 957 630 electio·
1013 576 1162 629 nitentiam
1178 575 1356 630 attribuendi
1369 575 1496 628 Romano
1508 575 1636 643 pontifici
1651 576 1834 646 blancellin03

133 656 193 698 nem
213 643 298 711 buius
314 643 368 698 loci
388 647 558 713 precipiens,
575 646 637 700 sive
648 648 730 714 juxta
743 646 816 701 alios
831 647 953 712 codices,
1011 647 1221 715 anreveraipse
1232 645 1419 700 Marcellinus
1431 646 1557 714 papaqui
1571 645 1700 701 bumana
1717 647 1836 702 inbrmi·

129 730 293 784 preparans
313 717 497 768 1333333313
512 717 641 770 Priscillae
654 720 699 771 oia
714 718 846 784 8331313,-
868 726 895 771 31
910 718 955 771 si-
1011 719 1079 771 tatis
1093 717 1169 771 vices
1184 722 1318 785 expertus
1334 717 1361 769 in
1378 717 1574 783 persecutione
1589 718 1786 782 succubuerit,
1808 725 1836 774 31

131 785 284 868 gniilectnr
308 788 487 853 paeniteniia3
515 787 664 855 legendum
680 789 815 854 arbitror,
843 789 916 857 qaod
931 793 955 840 ct

130 872 186 924 epse
202 856 230 909 S.
251 857 341 908 Petrus
354 872 521 926 3333333331
530 863 558 911 31
573 860 774 927 prevalentibus,
788 860 953 913 313313333-

129 934 207 979 33113·
222 927 259 979 311
280 929 437 979 occisionem
452 930 482 980 in
495 934 601 998 crypta,
617 938 671 983 etc.
692 930 838 998 Quomodo
859 937 953 984 aulem

129 997 231 1051 tumS.
260 998 367 1059 l‘etrus,
392 1002 451 1051 133
475 999 660 1054 113333111333
680 1014 748 1069 3333
776 1014 953 1070 praeparave-

130 1069 189 1122 rint
202 1067 295 1122 locum
312 1068 518 1138 pmnitcotibus
532 1071 560 1124 13
576 1072 672 1125 33333
688 1079 785 1141 crypta
796 1072 952 1127 3333313311

131 1138 269 1193 Priscillae
283 1140 328 1193 via
346 1139 464 1208 Salaria,
482 1140 531 1194 ubi
549 1148 611 1209 post
625 1143 793 1212 martyrium
807 1142 953 1198 llarcclli·

130 1224 185 1264 nus
204 1210 334 1278 sepultus
347 1208 413 1276 luit,
428 1210 484 1279 jam
502 1225 650 1281 exponam.

166 1282 300 1348 llepeterc
319 1287 439 1350 oportet,
458 1284 626 1351 martyrium
650 1285 678 1338 b.
699 1283 859 1338 Marcellini
876 1298 953 1352 3333

128 1353 286 1421 contigisse
300 1352 376 1406 circa
389 1352 466 1406 diem
483 1350 633 1422 13313313,
651 1362 682 1410 ut
695 1367 781 1423 snpra
794 1356 905 1409 ostendi
924 1356 952 1410 13

128 1423 211 1476 Notis
238 1421 463 1493 chronologicis
488 1425 696 1494 depositionem
719 1424 954 1481 veroluisscdi-

128 1492 616 1565 13133313333111111311331133
639 1495 728 1567 xxxx)
741 1495 848 1565 quibas
861 1498 952 1565 jacuit

124 1564 210 1631 jussu
234 1571 445 1632 persecutorum
464 1566 636 1635 insepultus,
656 1574 734 1622 utex
750 1569 953 1622 331133333-

128 1635 209 1689 rabat
224 1634 607 1706 111333133333133,3331333
624 1641 730 1707 pariari
748 1639 870 1693 333313
884 1648 950 1693 xxvi

1009 788 1108 842 divina
1118 788 1225 842 Cbristi
1237 787 1328 857 gratia
1344 788 1483 841 relevatus
1495 790 1543 847 sit,
1560 788 1627 841 dum
1640 787 1755 854 publica
1765 802 1836 842 con-

1010 856 1134 913 sessione
1150 859 1258 913 veniam
1275 858 1330 914 sibi
1353 858 1499 925 impetrari
1514 872 1529 911 a
1548 859 1604 912 Deo
1621 871 1669 926 per
1682 859 1835 913 Ecclesiam

1011 929 1185 997 postulatio
1210 933 1386 984 sacramento
1410 929 1604 997 poenitcntiae3
1629 943 1694 984 cum
1721 928 1837 986 libratis

1010 1001 1145 1069 utrinque
1161 1001 1324 1055 rationibus
1338 999 1485 1054 asserendi
1505 1013 1537 1053 ac
1552 1001 1673 1068 negandi
1687 1002 1766 1055 card.
1781 1001 1838 1056 Ba-

1010 1072 1212 1125 roniasvalide
1224 1077 1361 1139 proponat
1374 1070 1498 1137 eiusdem
1515 1070 1686 1124 innocentia
1696 1078 1837 1127 momenta

1009 1142 1166 1211 Augustini
1185 1142 1349 1196 testimonio
1360 1139 1488 1205 snlinlta,
1501 1153 1592 1210 neque
1606 1154 1622 1195 a
1637 1141 1777 1197 Petiliana
1787 1144 1837 1197 Do·

1011 1211 1838 1280 3311313333331333313331113,3131331333113,33333-
1913 1245 1921 1266 .

1011 1281 1096 1337 nibus
1110 1283 1254 1349 btarcello,
1265 1282 1427 1342 llelcbiadi,
1441 1296 1474 1337 ac
1485 1282 1633 1352 silvestro,
1646 1290 1837 1407 quosconstat

1010 1351 1101 1408 luisse
1116 1353 1151 1407 ab
1168 1355 1308 1423 13331313
1327 1354 1449 1407 3313133
1474 1355 1633 1410 1333333;
1677 1355 1758 1424 isque
1775 1368 1839 1411 uvo-

1009 1425 1112 1478 333113
1122 1425 1305 1493 productisin
1318 1425 1591 1487 medium,modeste
1600 1423 1731 1480 cobibeat
1741 1431 1838 1480 tantus

1008 1496 1165 1550 cardinalis
1179 1497 1214 1550 de
1233 1496 1351 1550 veritate
1371 1494 1449 1560 13311,
1470 1496 1588 1549 3311113
1607 1497 1741 1551 Actorum
1763 1494 1836 1551 terre

1008 1567 1194 1630 3331331133;
1206 1580 1260 1621 non
1273 1567 1363 1620 audeo
1378 1567 1452 1621 ultra
1465 1565 1601 1620 3313333
1615 1567 1677 1634 1333
1692 1568 1838 1623 33331113-

1009 1645 1053 1690 tas
1075 1650 1236 1692 excurrere.
1254 1639 1475 1691 contentusero
1503 1638 1530 1691 id
1554 1639 1696 1705 perlicere,
1713 1640 1786 1708 quod
1802 1638 1835 1692 ad

126 1705 238 1772 Aprilis
250 1721 303 1773 qna
314 1707 429 1761 colitur.
444 1709 544 1762 Eodem
559 1711 752 1765 annoCbristi
768 1706 831 1772 30i,
848 1710 951 1764 Pascba
1008 1706 1133 1762 olllcium
1157 1709 1357 1763 commentarii
1374 1708 1463 1762 nostri
1482 1717 1509 1762 31
1522 1707 1752 1762 observationum
1770 1723 1838 1778 per-

126 1776 328 1830 celebrandum
345 1784 405 1831 3331
419 1778 466 1832 313
485 1777 633 1846 93331113.
650 1781 743 1848 Quare
757 1794 805 1848 333
818 1794 865 1834 333
877 1780 950 1846 dies,
969 1797 995 1856 Β
1009 1778 1092 1832 11331.
1109 1792 1207 1848 nempe
1221 1779 1349 1833 indicare
1360 1777 1499 1846 quantula
1512 1779 1550 1832 sit
1563 1779 1607 1833 vis
1622 1780 1684 1847 ejus
1699 1781 1837 1835 vocisaut

126 1847 235 1915 quibus
254 1847 438 1902 liarrellinns
457 1850 570 1903 delatus
584 1851 617 1903 ad
635 1850 762 1905 tribunal
779 1851 950 1905 Diocletiani
1010 1849 1160 1904 commatis
1189 1851 1338 1918 33331333
1360 1856 1567 1917 preparaverat
1581 1853 1734 1918 paraticas:
1756 1852 1830 1920 quod

124 1917 237 1986 (utique
248 1918 459 1986 postlialendas
470 1921 575 1985 llartii,
589 1922 695 1990 quibas
706 1922 866 1990 soprimum
880 1935 953 1977 con-
1010 1918 1133 1974 forsitan
1143 1920 1353 1975 inconsiderate
1365 1921 1570 1988 transcriptum
1584 1934 1617 1975 ex
1629 1921 1688 1975 alio
1700 1921 1833 1976 itaenun

125 1989 306 2056 spicieudnm
320 1989 437 2043 dederat
449 1990 603 2058 imperator
611 2006 643 2046 ex
657 1994 796 2047 diuturna
807 1993 954 2055 333311331-
1009 1992 1099 2044 113313
1115 1993 1187 2059 quod
1201 1995 1258 2059 ipsc
1271 1997 1475 2059 preparaverat
1487 1992 1687 2059 pandentibus,
1706 1992 1830 2047 occasio

124 2072 160 2113 ne
171 2072 225 2113 non
238 2061 309 2113 satis
320 2061 515 2127 condrmatus,
528 2067 560 2115 ut
575 2062 768 2133 intelligimus
780 2076 814 2117 ex
827 2058 854 2117 L.
868 2065 952 2118 Caci·
1009 2075 1071 2115 nem
1087 2063 1155 2116 dare
1183 2063 1277 2130 331311
1303 2061 1480 2117 attribuendi
1497 2061 1618 2117 aliorum
1636 2063 1779 2131 criminis,
1802 2076 1834 2117 33

126 2128 166 2183 113
178 2130 579 2199 33313311333333333313333
597 2134 952 2204 tastcssyncbronolcogi-
1010 2133 1194 2200 paenitentia,
1222 2139 1319 2187 nostro
1337 2133 1464 2200 pontilici
1482 2133 1657 2187 blancellvno.

124 2201 242 2255 tandum
261 2202 305 2255 illi
322 2201 388 2269 luit,
405 2216 461 2271 <qno
477 2202 539 2257 loco
552 2205 651 2259 tutiori
667 2213 770 2273 posset,
783 2206 951 2260 adveniente
1044 2206 1191 2258 Paraverat
1214 2205 1313 2274 igitur,
1333 2207 1457 2258 instante
1473 2203 1601 2258 Pascbali
1617 2202 1696 2258 lesio.
1713 2204 1835 2259 lilarcel-

124 2271 252 2326 Pascbali
265 2272 347 2336 testo,
359 2273 867 2345 aduvinistraredemorebaptismum
880 2285 951 2332 cate·
1007 2273 1085 2328 linus
1102 2288 1174 2344 papa
1190 2274 1241 2329 boc
1261 2277 1465 2338 coemeterium,
1479 2273 1589 2329 celebre
1604 2276 1678 2342 3333
1692 2274 1788 2330 fideles
1802 2289 1833 2330 es·

124 2341 276 2397 ebnmenis
293 2344 320 2395 in
344 2350 414 2397 aestu
441 2347 658 2413 persecutionis.
683 2348 804 2402 Oblatas
829 2347 872 2402 illi
896 2346 950 2402 1311
1006 2343 1159 2413 baptismo,
1176 2360 1190 2399 a
1209 2346 1340 2414 principe
1359 2345 1553 2413 apostolorum
1579 2345 1713 2414 pluribus
1728 2345 1832 2400 ibidem

125 2413 250 2467 celebris
279 2413 327 2467 ille
357 2414 437 2469 locus
461 2416 495 2471 ad
520 2419 713 2473 coemeterium
745 2418 882 2473 l’riscillm
903 2420 948 2472 via
1005 2416 1217 2481 administrato,
1239 2418 1305 2471 dnm
1324 2418 1425 2484 nospes
1442 2417 1578 2471 Pudentis
1596 2429 1628 2469 ac
1651 2417 1789 2471 Priscillae
1805 2418 1832 2471 in

125 2484 248 2549 Salaria,
267 2485 315 2538 ubi
341 2486 536 2541 memorabant
551 2502 614 2542 cum
631 2489 842 2543 vetustioribus
856 2490 950 2545 docn-
1005 2487 1066 2553 ejas
1078 2500 1147 2557 agro
1171 2486 1346 2554 saburbano,
1365 2487 1482 2555 perinde
1494 2501 1527 2541 ac
1547 2487 1624 2541 domi
1643 2487 1718 2541 intra
1732 2487 1833 2542 Urbem

124 2557 231 2610 mentis
253 2557 445 2624 apostolorum
476 2559 634 2627 principem
668 2559 838 2629 baptizasse,
865 2574 947 2629 quem
1004 2558 1038 2610 ad
1056 2557 1447 2627 Esquilias.protempornm
1461 2560 1675 2626 opportunitate
1688 2560 1836 2613 conversis

122 2626 216 2680 locum
231 2630 315 2680 etiam
332 2627 862 2695 3333113333131333133133(13131331.
875 2632 950 2685 Uele·
1005 2629 1039 2682 ad
1066 2629 1148 2682 iidem
1174 2629 1300 2683 salutare
1323 2629 1432 2683 Cbristi
1458 2629 1601 2683 lavacrum
1625 2628 1835 2697 aperiebat:et

122 2696 194 2763 bris,
210 2698 336 2767 inquam,
352 2698 508 2754 nabebatur
519 2699 608 2768 locus,
622 2702 687 2755 3113
700 2702 949 2770 persecutionibus
1007 2706 1117 2753 mature
1132 2700 1251 2755 collecto
1267 2697 1834 2769 3333331333,1331333133113333331113
1863 2733 1864 2736 =

121 2768 213 2821 videri
238 2774 347 2836 poterat
370 2770 611 2825 131333333333.
634 2773 662 2827 ld
683 2773 758 2826 enim
776 2780 888 2828 cunstat
913 2787 948 2827 ex
1004 2771 1214 2893 Bvoximiornm
1228 2770 1294 2825 Urbi
1307 2772 1517 2840 episcoporum.
1530 2784 1653 2825 canones
1666 2770 1836 2839 3333333133-

119 2838 322 2893 331133133311
353 2853 439 2908 popm,
468 2855 550 2910 quern
577 2856 592 2895 a
616 2842 785 2899 Constantio
818 2846 948 2916 Augusto
1023 2847 1053 2895 31
1066 2841 1835 2910 pccrvitentiaclapsisadEcclesiaepacemadmittendis

119 2914 146 2963 et
161 2909 196 2963 ab
208 2910 322 2964 arianis
336 2912 453 2980 perinde
469 2913 621 2981 quasitum
636 2915 670 2968 ad
686 2928 792 2983 nectem,
806 2917 874 2971 dum
895 2930 948 2970 ex·
1002 2912 1083 2979 juxta
1099 2913 1280 2982 singulorum
1299 2912 1487 2981 indigentiam
1509 2912 1538 2965 in
1556 2913 1684 2980 proximo
1700 2911 1772 2967 festo
1789 2915 1834 2967 13-

121 2985 164 3033 133
180 2980 280 3034 Urbem
293 2994 322 3035 33
339 2984 491 3050 recepisset
506 2984 534 3037 in
549 2993 664 3054 cryptas
677 2986 719 3040 via
732 2986 841 3041 salaria
857 3001 947 3057 appe·
1003 2982 1106 3037 scbali.
1129 2984 1198 3035 Dum
1218 2983 1275 3037 333
1291 2987 1412 3050 3333331,
1427 2981 1561 3035 13133133
1575 2996 1591 3036 3
1603 2983 1834 3049 persecutoribus

119 3056 197 3105 13313
213 3052 340 3106 Pascbali
357 3050 437 3116 13313,
449 3055 519 3109 ncta
535 3057 690 3111 ostendunt
702 3058 821 3113 collecto
833 3057 946 3127 presby·
1004 3053 1217 3121 produciturad
1230 3051 1356 3107 tribunal
1372 3051 1555 3126 Diocletiani,
1569 3059 1598 3106 el
1612 3052 1714 3106 11111130
1724 3053 1832 3122 3113311-

120 3122 193 3176 13313
208 3122 330 3176 33331113
343 3127 467 3193 agitasse
478 3125 627 3184 cnmclero
637 3128 672 3182 de
685 3127 827 3197 baptismo
841 3129 944 3183 ibidem
1002 3123 1187 3178 cioaddictus
1200 3129 1314 3177 mortem
1325 3135 1374 3189 333
1385 3121 1499 3176 Ebristo
1507 3120 1621 3177 13311133
1630 3124 1830 3190 3313333133

120 3194 360 3260 administrando,
380 3197 417 3250 ita
434 3197 600 3252 consulente
618 3200 798 3267 praecaeteris
812 3200 944 3261 Damaso,
1000 3193 1075 3248 diem
1094 3192 1127 3247 16
1146 3192 1188 3246 131
1214 3191 1246 3246 19
1262 3193 1357 3247 1133111
1379 3205 1444 3247 333
1460 3193 1589 3257 sociis,a
1611 3192 1832 3251 Bibliotbecaria

119 3268 188 3317 tnnc
220 3264 383 3333 presbytero
405 3272 434 3319 et
453 3267 693 3323 vicariobiberii.
724 3270 826 3322 Locum
849 3276 943 3323 antem
1001 3263 1197 3319 etabauctore
1210 3262 1336 3332 Catalogi
1352 3264 1526 3317 memoratis.
1540 3264 1664 3332 Corpora
1677 3271 1830 3334 martyrum

120 3334 160 3387 ita
173 3334 300 3402 amplum
318 3337 345 3388 in
371 3349 402 3389 33
422 3343 519 3405 crypta
543 3335 670 3392 Oslriani
686 3340 842 3394 caemeterii
855 3339 945 3408 (parte
1000 3348 1064 3389 333
1079 3335 1240 3402 jacuissent
1261 3348 1294 3388 ex
1305 3335 1390 3402 jussu
1404 3334 1547 3403 principis
1564 3335 1707 3404 insepulta
1724 3337 1753 3391 in
1770 3335 1832 3391 loro

119 3404 233 3458 scilicet
259 3406 414 3460 caemeterii
442 3407 590 3474 Priscilla,
611 3415 644 3463 ut
671 3410 767 3464 videre
788 3409 855 3464 licet
869 3411 943 3479 apud
1000 3407 1034 3460 33
1048 3404 1450 3473 exemplumeristianorum
1467 3403 1737 3474 33331333613110,
1754 3407 1830 3462 intra

118 3475 291 3543 Aringbinm
311 3477 402 3529 11333
416 3476 539 3531 subterr.
556 3481 681 3547 133311,
698 3479 749 3532 lib.
769 3493 807 3547 vv,
823 3494 884 3549 cap.
901 3478 945 3548 31)
1001 3491 1073 3547 qnos
1085 3476 1358 3546 contigitabdicatio
1369 3476 1540 3531 Diocletiani
1554 3476 1616 3532 Kal.
1631 3477 1751 3544 3331113,
1767 3492 1831 3534 mox
1911 3508 1914 3515 ν

119 3548 769 3611 31333333133333333331131333311331133.
792 3552 944 3608 utiisdem
1000 3548 1086 3602 etiam
1116 3561 1243 3601 recessus
1260 3547 1296 3602 ab
1320 3545 1403 3613 Urbe,
1433 3554 1616 3617 posteaquam
1636 3549 1699 3616 ejus
1720 3548 1827 3619 collega

121 3614 237 3668 1333113
249 3614 860 3686 Liberiiquinquebominummilliaibidem
874 3623 946 3691 bap-
1001 3619 1192 3674 Maximianus
1203 3615 1597 3673 Herculeusdiel’alilinmEl
1612 3619 1739 3686 ejusdem
1754 3633 1832 3674 men·

120 3686 313 3740 tizataluisse
333 3688 742 3746 uuoinl’ascbatedicantur.
771 3695 836 3747 Erat
858 3695 944 3748 31133
1000 3690 1042 3744 313
1066 3689 1175 3758 Aprilis
1201 3691 1321 3758 imperio
1344 3689 1482 3743 similiter
1511 3696 1657 3758 cesserat3
1679 3690 1830 3759 praelectus

119 3769 205 3810 causa
223 3756 385 3812 Marcellino
400 3758 564 3814 destinandi
578 3762 719 3828 ejusmodi
737 3762 829 3817 13333
857 3779 945 3833 capa·
1001 3759 1068 3815 Urbi
1084 3760 1483 3829 noviqueprincipesominis
1498 3773 1584 3814 causa
1602 3763 1718 3830 purgari
1736 3761 1828 3816 lorum

120 3841 180 3881 cem
196 3828 229 3879 ad
245 3831 489 3897 congregrandum
505 3832 724 3901 presbyterium,
737 3835 796 3889 sive
809 3836 894 3890 etiam
909 3838 944 3893 33
1000 3833 1048 3886 313
1058 3830 1147 3886 331311
1159 3830 1242 3885 Urbis
1253 3838 1281 3885 31
1293 3829 1459 3899 1333311331
1472 3831 1681 3886 3331111333133
1691 3832 1832 3901 33313133-

120 3897 260 3967 synodum
276 3902 474 3967 episcoporum
491 3901 679 3972 colligendam
696 3917 711 3959 e
727 3906 868 3973 proximis
883 3909 943 3963 sal·
1001 3910 1053 3970 133,
1069 3909 1100 3956 31
1122 3902 1361 3971 3333313333333,
1382 3902 1467 3956 tacite
1482 3902 1829 3970 333313333311113333113,

119 3975 174 4023 133
192 3968 336 4031 Ecclesiis,
354 3971 430 4025 3133
442 3974 586 4026 3333331
601 3976 741 4030 sententia
757 3983 942 4043 statueretur,
1002 3980 1033 4028 ut
1049 3973 1189 4042 reliquias
1201 3986 1338 4028 cesorum
1359 3972 1827 4042 3311133331,1113113313311113

119 4040 189 4109 quid
206 4047 280 4094 esset
299 4041 326 4094 in
356 4043 485 4109 proximo
502 4044 637 4099 Pascbate
657 4049 846 4116 peragendum
868 4051 944 4105 circa
1000 4045 1132 4099 ccnderet
1150 4045 1179 4098 in
1204 4044 1367 4099 caemeterio
1383 4044 1531 4106 Priscillae,
1552 4052 1602 4100 11111
1617 4051 1693 4099 certe
1708 4057 1764 4099 11011
1779 4059 1826 4100 ve-

120 4110 314 4178 ponitentiam
327 4111 416 4179 lapsis
425 4114 683 4171 administrandam
699 4132 748 4186 per
761 4121 873 4174 eosdem
883 4122 945 4176 dies
1001 4121 1133 4170 luerunt.
1154 4116 1230 4168 lianc
1245 4115 1347 4169 scriem
1362 4121 1506 4185 gestorum
1519 4128 1553 4169 ex
1567 4116 1695 4171 indicata
1710 4116 1765 4171 loci
1781 4115 1829 4172 de·

121 4181 237 4248 majoris
261 4181 453 4248 hebdomadae,
479 4183 515 4239 de
538 4199 614 4241 more
642 4187 800 4244 destinatos
826 4196 885 4245 tum
909 4193 944 4247 ad
1001 4187 1175 4258 signatione,
1192 4192 1219 4241 31
1235 4187 1310 4241 Ρ3131
1331 4187 1447 4240 333133
1467 4187 1496 4240 13
1512 4185 1664 4256 aliquibus
1678 4187 1830 4242 codicibus

119 4250 297 4319 baptismum
310 4254 750 4324 catccbumenisconierendnm,
762 4266 822 4314 tum
837 4262 870 4315 ad
889 4278 945 4331 pn·
1002 4263 1168 4321 memorato,
1184 4270 1235 4312 nee
1251 4271 1306 4312 non
1319 4270 1353 4311 ex
1369 4257 1516 4311 Pascbalis
1531 4258 1596 4312 testi
1609 4258 1829 4325 3313133113-

120 4321 212 4376 311333
237 4324 406 4391 3331133133
429 4327 665 4393 33333311133333,
698 4344 804 4399 eosque
830 4334 859 4388 in
881 4334 945 4401 pri·
1001 4331 1072 4384 teris
1089 4328 1392 4397 Ecclesiaedisoiplina
1413 4328 1468 4382 sub
1489 4328 1623 4387 Cornelio
1637 4328 1830 4384 3333313333-

120 4395 185 4449 313.
205 4396 254 4462 qui
282 4398 696 4459 1333331333311,3313313
718 4402 831 4469 perciti,
848 4405 942 4460 311331
1001 4409 1075 4455 mata
1094 4401 1245 4456 occasione
1264 4399 1454 4454 dissidiorum
1475 4412 1539 4453 cum
1554 4399 1681 4453 Ecclesia
1695 4397 1829 4453 Africana

118 4465 290 4519 Christianae
306 4465 386 4520 cultu
410 4466 581 4523 deiecerant.
599 4470 655 4524 333
673 4483 772 4542 33333
787 4474 942 4529 333311133
958 4506 985 4566 D
1000 4471 1144 4540 delapsis,
1162 4470 1295 4525 videmur
1316 4483 1397 4539 posse
1414 4471 1507 4524 tatius
1523 4469 1669 4536 colligere,
1687 4477 1827 4538 quantum

120 4532 176 4588 1311
195 4537 238 4603 (ex
259 4537 428 4603 peritiorum
449 4540 600 4609 sententia)
616 4541 644 4594 in
669 4551 768 4613 crypta
780 4544 942 4614 collectum,
1000 4543 1140 4609 conjicere
1155 4541 1223 4596 licet
1237 4554 1270 4594 ex
1288 4540 1404 4595 concise
1420 4538 1527 4594 indicio
1540 4546 1669 4594 actorum
1685 4551 1733 4604 per
1747 4546 1828 4594 cata-

119 4615 256 4674 prasente
268 4620 300 4661 ac
318 4609 485 4675 presidente
501 4610 666 4666 Marcellino
685 4616 810 4671 Romano
825 4617 944 4685 333113-
1000 4613 1081 4682 logos
1098 4612 1301 4667 breviatoram.
1322 4613 1421 4664 llostes
1440 4622 1507 4663 vero
1526 4608 1660 4664 Ecclesia
1682 4610 1826 4678 Romanae,

118 4689 167 4738 ce·,
183 4691 239 4731 non
254 4679 367 4747 quiden
382 4681 411 4734 in
427 4687 523 4750 crypta
535 4683 730 4751 Cleopatriensi
741 4687 815 4755 apnd
826 4689 944 4743 Sinves-
1000 4686 1155 4754 praesertim
1178 4683 1210 4748 11,
1232 4681 1281 4751 qni
1295 4681 1508 4735 Donatistarum
1522 4680 1620 4735 baeresi
1634 4681 1827 4749 patrocinium

118 4760 178 4800 sam
194 4755 235 4810 {nt
250 4749 342 4818 aliqui
354 4751 515 4822 antumant)
526 4755 660 4808 vetustati
674 4758 904 4828 penitasignota,
915 4765 943 4815 31
998 4753 1259 4818 3333333333331,
1276 4749 1383 4806 frustra
1398 4751 1493 4805 conati
1509 4757 1578 4806 sunt
1601 4753 1774 4806 calumniam
1787 4752 1827 4807 in·

119 4833 175 4887 quo
188 4820 358 4875 3333333331
373 4835 546 4893 congregare
560 4825 709 4892 ducentos,
735 4832 784 4881 aut
802 4834 942 4885 trecentos
999 4832 1108 4881 tentare
1124 4823 1349 4878 tburilicationis
1363 4836 1395 4877 33
1405 4821 1573 4877 traditionis
1589 4823 1697 4877 nostris
1708 4823 1828 4877 sanctis·

120 4890 269 4958 episcopos
280 4893 355 4946 intra
367 4893 429 4946 dies
444 4906 480 4946 xv
497 4895 609 4950 illenon
626 4904 732 4964 poterat
748 4899 776 4953 in
788 4906 859 4955 13313
876 4915 943 4969 333-
997 4896 1083 4952 31313
1099 4893 1286 4965 pontilicibus
1300 4893 1475 4952 tlarcellino.
1500 4893 1646 4960 1113333113,
1661 4894 1825 4961 3131331331,
1914 4952 1917 4957 ,

120 4963 280 5015 secationis
307 4970 339 5016 ut
372 4965 498 5032 prudens
527 4968 650 5036 quisque
677 4967 761 5024 lacile
786 4970 941 5039 intelligit;
997 4967 1141 5030 Silvestre,
1167 4972 1236 5020 teste
1260 4965 1825 5035 33333113333333333333333133

119 5044 211 5099 neque
232 5034 406 5101 yroevvitentrm
429 5049 515 5091 causa
540 5040 733 5108 suscipiendae
747 5054 763 5095 a
779 5042 943 5099 blanceltino
998 5047 1026 5096 et
1045 5040 1180 5108 quintum
1204 5037 1341 5092 saeculum
1356 5034 1575 5091 accusatoribus
1592 5035 1723 5090 baesisset
1737 5048 1824 5105 aqua,

119 5101 674 5174 1333331113.313313313131133313133
693 5112 775 5183 longe
792 5113 896 5177 alieno,
913 5120 943 5171 nt
1000 5108 1281 5179 33333331333133
1306 5112 1513 5176 promoverent,
1530 5106 1564 5161 ab
1577 5107 1751 5176 Augustino,
1768 5113 1826 5162 eta

116 5175 145 5227 S.
163 5175 342 5244 augustinus
355 5190 370 5230 3
385 5178 464 5232 3333.
481 5179 601 5235 baronio
618 5182 725 5237 relatus
741 5192 833 5240 monct
848 5203 855 5249 ;
874 5186 942 5240 Vide
999 5179 1255 5252 publicaEcclesiae
1266 5177 1421 5233 lamasatis
1433 5177 1592 5246 depulsam,
1604 5179 1697 5232 visum
1709 5183 1752 5232 est
1764 5185 1826 5245 post

116 5247 218 5299 Ilaron.
244 5248 280 5298 ad
301 5263 405 5300 annam
427 5246 488 5315 302,
515 5265 590 5304 aum.
619 5249 669 5307 cc:
691 5255 738 5309 sed
768 5257 943 5323 3331133113
997 5254 1117 5308 alterum
1147 5250 1283 5305 saeculum
1316 5248 1529 5305 transformatis
1560 5255 1689 5304 actorum
1717 5246 1825 5305 tabulis

116 5329 204 5370 33333
218 5330 251 5370 ex
264 5317 395 5372 Ecclesiae
408 5319 645 5391 indulgentiaper
657 5326 855 5381 Marcellinum
870 5340 943 5397 pon·
996 5322 1195 5379 Marcellinum
1221 5321 1356 5376 exbibere
1385 5320 1496 5388 lapsum
1523 5332 1555 5374 ac
1585 5319 1767 5389 pmnitentem
1794 5318 1824 5375 in

118 5386 222 5440 tillcem
235 5388 480 5457 administranda,
494 5399 567 5446 etex
584 5395 752 5463 disciplina,
766 5411 856 5465 nuper
870 5411 943 5452 con-
996 5394 1123 5450 concilio
1133 5394 1322 5448 ducentorum
1337 5398 1389 5446 331
1404 5397 1596 5446 13333313333
1611 5392 1822 5459 episcoporum,

120 5459 231 5513 lirmata
247 5458 300 5511 sub
315 5461 457 5525 Cornelio,
474 5461 563 5530 lapsis
575 5471 629 5517 tam
647 5466 739 5529 laicis,
753 5481 837 5536 quam
851 5469 941 5523 cleri·
997 5467 1159 5536 1333313133
1185 5476 1290 5530 paucos
1306 5464 1368 5518 dies
1381 5477 1396 5515 a
1413 5462 1549 5517 Kalendis
1564 5462 1660 5516 llartii
1677 5468 1742 5516 3313
1756 5463 1825 5518 1333

117 5531 171 5586 313,
190 5531 246 5583 irno
259 5536 286 5582 et
300 5532 497 5586 sacerdotibus
512 5541 540 5586 31
554 5535 708 5604 331333313,
730 5552 942 5606 (313333333-
996 5538 1124 5606 ejusdem
1141 5535 1249 5589 mensis
1270 5536 1298 5588 in
1323 5534 1520 5602 persecutione
1536 5532 1668 5588 Ecclesia
1680 5533 1824 5589 citissime

118 5602 216 5655 nullos
232 5600 259 5653 in
274 5600 390 5655 1313331
406 5601 454 5656 illa
471 5607 669 5671 persecutione
681 5608 873 5669 tbnrilicasse.
891 5617 940 5665 aut
996 5619 1183 5677 congregasse
1208 5605 1349 5659 dicendus
1372 5610 1468 5664 esset;
1495 5618 1560 5659 cum
1577 5611 1669 5658 tamen
1694 5603 1746 5658 3¹8
1769 5605 1823 5659 Pa-

119 5672 776 5733 sacvnscodicestradidisseconstatextincilii
787 5682 937 5745 lactantii,
996 5687 1054 5734 tres
1070 5682 1099 5732 13
1117 5691 1183 5746 3333
1199 5677 1330 5731 Ecclesia,
1346 5677 1446 5730 Nicaeae
1458 5677 1644 5730 convenerint
1657 5675 1746 5730 multo
1758 5674 1823 5729 len-

118 5743 299 5813 aliorumque
310 5746 483 5813 scriptorum
498 5748 673 5804 testimonio.
687 5751 820 5806 l'ueritne
830 5753 939 5822 aliquis
996 5754 1065 5814 tias,
1083 5750 1151 5805 licet
1165 5749 1249 5817 equis
1273 5747 1386 5816 publice
1398 5747 1553 5816 dispositis
1567 5746 1608 5801 311
1622 5746 1729 5801 313333
1756 5758 1823 5813 333-

120 5820 194 5869 liutei·
210 5815 260 5869 bos
275 5816 390 5870 333133
406 5818 599 5890 blarcellinus,
617 5823 667 5890 331
686 5823 807 5879 admissi
821 5824 939 5895 33313313
996 5826 1122 5878 mitteret
1134 5821 1297 5890 imperator,
1311 5817 1573 5875 Eusebiotestelib.
1591 5817 1666 5872 vnde
1679 5818 1830 5870 vitamus.
