3884 6126
83 305 156 368 letti

477 305 638 365 HISTORIA
653 310 698 364 DE
723 306 809 365 liliis
824 309 906 365 hou.
929 309 1027 365 PONT.
1042 340 1079 350 —
1092 312 1120 366 S.
1138 313 1385 371 ELEUTHERIUSL

1711 317 1779 380 ⁴258

78 448 108 495 et
123 454 172 510 pei·
186 453 235 495 eos
249 439 371 509 Augusti
386 450 486 505 annos,
503 439 610 509 quibus
621 441 744 495 edictum
758 440 903 511 vulgatum
918 443 948 503 A
961 442 1102 510 principis
1117 444 1281 500 vanitatem.
1298 448 1322 496 et
1337 443 1503 497 Gaianarum
1518 445 1717 568 easseditiouom
1733 448 1781 500 io-

77 511 172 566 luerat
188 510 336 564 abeodem
360 510 478 575 Caesare,
495 516 525 563 td
545 511 741 565 describeretur
760 514 904 565 uniuersos

76 584 160 647 orbis,
172 580 319 636 ordinatio
337 580 549 648 provinciarum
563 581 618 636 sub
633 595 689 637 uno
707 583 835 651 principe
847 595 903 637 non

78 653 162 708 niodo
172 652 283 706 facilem
296 651 406 706 aditum
422 653 537 719 parabat
550 652 707 723 designatis
724 652 903 719 praeconibus

75 723 237 794 Evangelii,
249 734 345 776 verum
360 721 443 776 etiam
459 723 626 777 ordiebatur
643 725 671 777 in
682 724 762 779 civili
772 724 902 792 disposi-

74 796 155 849 tione
175 794 334 864 regionum.
362 805 493 862 nexuque
516 795 674 861 oppidatim
700 808 748 863 per
764 808 811 849 eas
827 808 901 850 coii-

74 871 164 929 texto,
182 863 324 933 quoddam
339 864 480 931 specimen
494 864 620 919 ordinati
634 865 845 933 sanctiorispue
861 878 902 920 re·

73 935 207 1061 gimiuis,
226 934 311 1004 paulo
336 941 398 1002 post
422 934 640 990 contradendia
667 936 745 1004 pacis
769 937 901 1005 Principe

98 1007 191 1060 hristo
209 1005 328 1059 Domino
348 1004 409 1059 suis
429 1005 578 1073 apostolis,
604 1020 760 1077 eorumque
783 1021 901 1062 succes-

75 1077 193 1131 soribus
210 1077 239 1130 in
253 1077 437 1145 episcopatus
452 1075 608 1131 Christiani
627 1076 798 1139 hierarchia,
815 1091 900 1148 quam

74 1153 137 1202 erat
151 1147 280 1216 proxime
291 1145 475 1201 laudaturus.
491 1149 566 1202 lianc
581 1153 670 1203 artem
682 1149 775 1203 divini
786 1148 899 1205 consilii

73 1225 223 1274 comante
239 1219 357 1272 Leonem
376 1221 504 1287 liaguum
524 1218 610 1287 probe
622 1225 804 1290 cognosceret
820 1220 899 1288 prin-

74 1304 143 1357 ceps
167 1288 320 1358 apostolici
335 1294 436 1351 coetus,
451 1296 478 1343 et
492 1290 602 1357 primus
617 1290 750 1346 Ecclesiae
762 1304 820 1345 suae
836 1291 900 1343 hie-

75 1360 192 1415 rarchia
217 1359 325 1413 electus
349 1372 364 1412 a
389 1358 503 1414 Christo
528 1360 649 1415 Domino
671 1361 767 1415 Simon
789 1364 897 1425 Petrus,

73 1432 205 1486 Orientis
219 1436 247 1484 et
261 1429 425 1484 Occidentis
437 1431 590 1498 iiraecipuis
603 1431 721 1486 sedibus
731 1431 900 1485 constitutis

73 1502 182 1570 adjecit
211 1500 325 1554 tertiam
355 1500 384 1552 in
418 1499 545 1568 riigypto,
576 1501 899 1556 undebieridionalium

74 1574 227 1642 regionum
242 1577 350 1625 tractus
362 1569 651 1640 amplissimiiegatos
662 1572 771 1626 Christi
786 1573 900 1639 recipe-

78 1649 153 1707 rent,
169 1642 203 1697 ad
220 1641 305 1695 iudos
327 1654 427 1706 usque,
448 1653 479 1694 ac
495 1641 643 1708 AEthiopas
668 1643 817 1710 potestatis
840 1656 900 1697 suae

76 1713 218 1767 terminos
244 1711 432 1780 prolaturos:
461 1711 565 1779 quibus
591 1717 683 1766 tamen
701 1713 844 1781 omnibus,
869 1718 900 1768 ut

77 1783 271 1852 intelligerent
282 1781 422 1836 cathedre
439 1781 520 1836 iilius
531 1783 731 1838 auctoritatem
745 1796 807 1838 csse
824 1796 899 1852 prae-

78 1854 175 1919 latam,
191 1865 276 1922 quam
297 1851 357 1920 ipse
370 1851 465 1905 vivens
486 1867 517 1906 ac
539 1854 664 1907 moriens
684 1855 819 1909 donasset
835 1855 898 1922 pri-

76 1925 182 1994 vilegio
207 1936 265 1977 sue
286 1923 479 1976 successionis
503 1923 531 1977 in
554 1924 732 1992 amplissima
750 1932 896 1994 potestate,

77 2000 187 2064 quanta
209 1991 303 2047 luerat
327 1990 383 2046 sibi
406 1993 623 2062 aiiedemptore
640 1995 757 2049 humani
784 1997 898 2066 generis

76 2064 182 2118 collata
203 2077 290 2130 supra
313 2064 462 2118 universos
487 2063 615 2119 fidelium
642 2074 754 2133 ttoeius3
774 2067 846 2120 hanc
869 2065 898 2119 in

76 2135 149 2190 urbe
175 2135 260 2188 Roma
282 2132 366 2204 ligere
381 2133 483 2200 voluit,
507 2142 592 2204 caput
617 2136 707 2205 orbis,
732 2144 760 2191 et
783 2135 896 2202 imperii

77 2205 190 2274 pridem
212 2201 318 2269 euecta,
346 2217 393 2272 per
421 2205 571 2274 Europam,
595 2208 703 2274 Asiam,
729 2214 757 2261 et
771 2204 897 2261 iliricum

78 2275 228 2345 propagati
247 2292 253 2328 :
272 2274 346 2330 unde
361 2273 478 2329 i'acilius
488 2285 601 2344 possent
611 2282 672 2331 tuni
686 2279 755 2345 ipse,
769 2284 899 2332 tumsuc·

76 2359 208 2401 cessores
225 2347 253 2399 in
272 2359 449 2415 quecunque
472 2353 612 2401 terrarum
633 2351 726 2416 spatia
740 2361 808 2403 suas
824 2349 900 2416 leges

78 2416 199 2486 perinde
220 2429 252 2469 ac
273 2415 427 2498 legationes
449 2418 652 2473 transmittere.
677 2417 900 2473 Painulabantur

77 2487 202 2542 consilio
223 2486 314 2541 divini
339 2489 434 2554 operis
453 2501 507 2542 uon
531 2488 612 2543 modo
629 2504 693 2556 pax,
710 2499 738 2544 et
753 2489 899 2544 ordinatio

79 2557 302 2627 provinciarum,
319 2571 351 2611 ac
364 2571 466 2612 sensus
479 2558 596 2624 civium,
612 2567 640 2613 et
656 2558 760 2615 ioedera
776 2561 898 2630 haigusti

77 2643 143 2683 cum
171 2628 373 2682 remotissimis
400 2628 524 2696 regibus,
548 2643 645 2683 verum
669 2632 754 2684 etiam
771 2630 855 2698 belia,
871 2637 900 2684 et

77 2699 218 2761 victoriae,
235 2699 349 2763 itinera,
370 2704 397 2753 et
413 2700 582 2767 partitiones
604 2701 825 2768 provinciarum,
842 2701 899 2754 mi-

78 2770 180 2825 litares
214 2769 420 2838 expeditiones,
443 2770 621 2825 coloniarum
643 2771 789 2832 deductio,
805 2770 899 2840 legio-

78 2854 148 2896 num
174 2841 356 2903 transvectio,
384 2841 537 2909 presidum
559 2842 685 2903 sortitio,
708 2855 741 2895 ae
766 2843 899 2895 universa

79 2908 284 2980 propemodum
306 2916 384 2980 gesta
410 2911 595 2979 Reipublicae,
623 2919 651 2967 et
666 2913 807 2966 Caesarum
826 2925 899 2966 con-

78 2980 274 3051 sequentium.
301 2981 366 3035 Sive
393 2981 422 3036 in
446 2982 620 3037 Britanniam
647 2989 789 3037 moverent
812 2982 899 3037 Caius

78 3050 210 3122 Caligula
233 3057 261 3106 et
288 3052 451 3119 Claudius,
481 3054 541 3108 sive
566 3053 594 3107 in
617 3053 780 3108 Armeniam
806 3054 899 3121 Ner03

959 512 1089 579 dibriom,
1109 521 1141 567 ut
1159 514 1283 582 appellat
1297 513 1414 568 Tacitus
1435 515 1506 568 iiist.
1525 515 1545 568 li
1573 555 1580 568 .
1599 529 1635 569 iv.
1655 529 1717 583 cap.
1736 515 1777 578 to.

959 582 1084 638 itaserio
1099 583 1153 639 sibi
1176 582 1310 639 temulari
1329 584 1424 655 adegit
1444 586 1493 640 Dei
1512 585 1664 654 sapientia,
1680 592 1711 641 ut
1727 586 1780 641 hoc

959 667 1015 707 uno
1041 654 1166 709 levitatis
1196 656 1326 709 humanae
1349 656 1410 718 ioco
1430 655 1584 710 adduxerit
1606 670 1621 712 e
1640 657 1721 726 Syria
1743 657 1778 712 ad
1812 684 1817 695 ·

958 724 1110 780 Bricinnos
1144 725 1291 792 complura
1326 727 1515 781 Romanorum
1540 727 1647 782 civium
1676 727 1778 794 miliia,

957 796 1081 865 ascripta
1096 796 1270 866 legionibus,
1287 803 1406 865 quartae,
1418 802 1513 862 sextae,
1525 810 1558 852 ac
1572 798 1700 860 decime,
1714 797 1781 853 iude

956 867 1127 921 transvectis
1138 867 1171 921 ad
1183 866 1254 920 hanc
1267 866 1476 932 expeditionem
1490 885 1496 920 :
1515 881 1636 937 quorum
1655 868 1780 924 militum

959 935 1087 1006 plerique
1109 937 1234 991 veterani
1257 942 1324 991 ante
1342 949 1433 991 annos
1454 938 1667 1007 quatuordecim
1685 939 1780 994 inter·

956 1005 1071 1062 inerant
1091 1007 1200 1062 Christi
1215 1007 1329 1062 Domini
1348 1008 1557 1075 predicationi.
1574 1014 1601 1063 et
1618 1009 1778 1077 miraculis,

957 1078 1040 1132 morti
1064 1078 1325 1137 acresurrectioni,
1347 1077 1390 1132 vel
1416 1078 1542 1146 eiusdem
1566 1079 1778 1149 discipulorum

956 1149 1045 1272 gestis
1056 1149 1155 1204 adesse
1168 1154 1318 1218 potuerant
1329 1147 1419 1203 multo
1436 1151 1588 1218 recentius,
1601 1156 1687 1205 testes
1698 1163 1780 1205 occu·

967 1219 1006 1272 ati
1028 1218 1205 1273 mirabilium
1226 1232 1258 1273 ac
1275 1218 1449 1288 magnalium
1465 1220 1524 1274 Dei.
1539 1219 1603 1274 Sive
1617 1234 1681 1276 cum
1706 1221 1780 1276 Cor-

956 1289 1031 1344 nelio
1058 1291 1225 1345 centurione
1246 1289 1375 1344 cohortis
1392 1288 1496 1344 italicae
1514 1292 1705 1361 meruissent,
1720 1293 1780 1347 sive

955 1374 1019 1414 com
1030 1360 1088 1415 alio
1104 1360 1455 1430 centurioneevangeiico,
1468 1361 1551 1428 cujus
1565 1361 1630 1416 iidci
1644 1375 1737 1430 parem
1749 1375 1779 1417 se

955 1433 983 1487 in
1009 1432 1112 1486 israele
1125 1445 1179 1486 non
1195 1432 1339 1485 invenisse
1360 1431 1488 1484 Salvator
1507 1431 1606 1495 dixiia
1630 1433 1690 1487 sive
1713 1447 1779 1488 cum

955 1501 1100 1557 militibus
1115 1503 1142 1555 in
1154 1510 1242 1557 morte
1253 1502 1367 1555 Domini
1382 1503 1538 1562 conversis,
1549 1503 1779 1558 etexclamanti-

955 1572 1018 1638 buS,
1043 1574 1110 1626 Vere
1131 1573 1216 1626 Filius
1237 1573 1287 1624 ilci
1301 1576 1360 1624 erat
1380 1573 1454 1637 iste,·
1478 1572 1538 1626 sive
1552 1586 1617 1626 cuin
1636 1573 1721 1629 Paulo
1744 1587 1779 1629 eit

955 1649 1134 1711 persecutore
1156 1643 1184 1696 iu
1209 1640 1370 1706 apiostoiom
1397 1649 1511 1710 repente
1534 1655 1695 1713 converso;
1719 1645 1779 1699 sive

954 1726 1018 1768 vium
1043 1711 1191 1782 equitibus
1218 1712 1388 1766 cesarianis
1415 1714 1686 1780 supramemoratis
1712 1729 1778 1770 cum

917 1784 1095 1866 BClemente
1130 1782 1335 1846 Alexandrini,
1371 1781 1487 1851 alioque
1523 1783 1664 1850 scriptore
1694 1825 1700 1849 ,
1728 1792 1779 1841 aut

953 1869 1017 1909 cum
1035 1855 1141 1922 iis,qui
1158 1853 1291 1908 dedomo
1307 1853 1427 1907 Caesaris
1441 1860 1532 1920 erant,
1543 1860 1571 1908 et
1583 1855 1611 1908 in
1626 1855 1680 1909 ilne
1693 1856 1779 1923 Epis-

954 1925 1018 1979 toie
1035 1924 1113 1979 Panli
1128 1924 1162 1978 ad
1186 1923 1383 1992 Philippenses
1398 1923 1434 1977 ab
1454 1923 1526 1978 Urbe
1539 1924 1612 1979 datae
1625 1939 1779 1981 recensen-

953 2002 1010 2060 tur,
1037 1997 1123 2049 itoma
1148 1993 1264 2063 proiecti
1291 1994 1398 2048 sintin
1423 1994 1623 2056 Britanniam;
1648 2002 1778 2064 poterant

953 2072 1013 2120 tum
1025 2066 1198 2120 annuntiare
1221 2066 1255 2120 de
1266 2064 1380 2119 Christo
1396 2065 1515 2119 Domino
1527 2066 1645 2135 eiusque
1654 2067 1778 2122 Ecclesia

953 2148 1017 2205 quse
1029 2137 1169 2200 viderant,
1188 2142 1246 2190 tum
1262 2135 1558 2202 discipulosiiomini,
1569 2137 1778 2205 aotapostoio-

955 2221 1017 2262 rum
1057 2221 1153 2262 secum
1183 2206 1365 2260 transvehere
1399 2205 1428 2259 in
1457 2206 1569 2260 easdem
1603 2207 1777 2274 provincias.

953 2280 1055 2333 Verum
1072 2279 1106 2332 ile
1123 2276 1267 2331 Britannia
1287 2275 1429 2346 Evangelii
1454 2276 1516 2330 luce
1535 2276 1680 2332 illustrata
1693 2277 1778 2346 paulo

957 2356 1019 2417 post
1045 2361 1059 2402 a
1081 2362 1125 2402 am
1160 2347 1340 2401 distinctius.
1376 2347 1455 2401 Nunc
1486 2347 1641 2415 generatim
1678 2361 1778 2415 prose-

955 2433 1028 2489 qoor
1057 2365 1222 2473 igaciiitatem
1257 2416 1429 2498 perferenda
1455 2416 1627 2471 Christiane
1656 2419 1721 2473 lldei
1747 2420 1778 2473 in

956 2489 1099 2557 quaslibet
1138 2488 1298 2555 provincias
1336 2486 1485 2550 Romanas,
1519 2493 1547 2540 et
1579 2487 1608 2540 in
1648 2490 1779 2559 regiones

955 2561 1091 2615 Romanis
1115 2558 1261 2612 limitibus
1275 2557 1428 2625 proximas,
1445 2570 1600 2626 earumque
1617 2560 1777 2628 regionum.

955 2646 988 2686 ac
1002 2629 1212 2699 provinciarum
1227 2627 1368 2682 Ecclesias
1382 2627 1511 2681 nectendi
1524 2641 1589 2682 cum
1602 2630 1696 2696 capite
1709 2630 1779 2686 uni-

954 2713 1102 2756 versarum
1128 2703 1288 2754 constituto
1318 2697 1436 2751 insede
1463 2698 1584 2752 itomana
1606 2712 1622 2753 a
1648 2700 1779 2770 principe

953 2772 1158 2841 apostolorum.
1176 2770 1245 2823 Nam
1268 2768 1314 2821 ubi
1329 2767 1415 2822 semel
1430 2766 1544 2822 Christo
1560 2781 1660 2824 nomeu
1676 2771 1779 2828 dedis-

953 2852 1016 2898 sent
1028 2841 1144 2896 itomani
1156 2840 1242 2901 cives,
1256 2838 1411 2907 presertim
1422 2851 1455 2892 eo
1468 2837 1530 2892 loco
1542 2839 1598 2893 nati
1608 2843 1776 2909 esqoestris.

953 2919 1003 2968 aut
1020 2912 1147 2981 patriciae
1163 2908 1334 2976 nobilitatis,
1351 2920 1473 2978 quorum
1489 2908 1524 2962 de
1539 2921 1654 2964 numero
1671 2918 1779 2979 prato-

955 2997 1009 3045 res,
1032 2980 1226 3050 proconsules,
1243 2979 1326 3048 iegati
1341 2979 1378 3033 ab
1393 2978 1466 3032 Urbe
1480 2978 1509 3031 in
1527 2981 1689 3047 provincias
1706 2985 1779 3038 mit-

955 3052 1031 3109 tendi
1047 3051 1148 3118 ioreut,
1165 3051 1205 3105 vel
1218 3049 1384 3119 quotannis,
1396 3049 1438 3103 vei
1450 3061 1497 3115 per
1512 3050 1648 3112 triennia,
1658 3057 1685 3106 et
1695 3054 1778 3122 quin·

78 3123 141 3177 sive
155 3122 185 3176 in
197 3122 322 3177 iudaeam
340 3120 550 3191 Vespasianus3
567 3125 627 3179 sive
641 3125 779 3193 'trajanus
797 3126 825 3177 in
843 3125 900 3177 Ua·
915 3129 940 3190 c
954 3123 1080 3194 queuiiia
1106 3140 1113 3189 3
1141 3121 1284 3174 Romanus
1310 3132 1425 3199 quoque
1447 3117 1574 3198 pontifex
1602 3123 1643 3174 uti
1668 3128 1778 3190 poterat

78 3193 165 3257 ciam,
187 3192 341 3258 Parthiam,
360 3200 387 3247 et
404 3195 631 3263 Mesopotamiam
646 3213 654 3258 ,·
672 3199 731 3249 sive
754 3194 900 3249 Adrianus
957 3200 1052 3264 parata
1064 3191 1222 3248 occasione,
1234 3195 1262 3242 et
1272 3189 1404 3242 comitem
1420 3186 1558 3242 iiivsdare
1570 3190 1774 3259 presbyterum,

78 3261 212 3318 barbaris
227 3263 391 3318 restitueret
404 3265 653 3334 eaquaeTrajanus
667 3264 901 3332 ademerat3sive
955 3264 1105 3319 autetiam
1126 3265 1291 3329 episcopum
1311 3272 1327 3312 a
1348 3271 1378 3311 se
1397 3256 1574 3338 ordinatum,
1596 3266 1627 3314 ut
1647 3261 1775 3329 ejusdem

77 3335 218 3390 lustraret
234 3335 303 3402 ipse,
319 3335 439 3403 ejusque
452 3335 580 3404 exemplo
594 3335 758 3390 Antoninus
782 3334 902 3403 provin·
957 3333 1121 3405 provincie,
1134 3328 1317 3398 praefecturae,
1330 3341 1363 3382 ac
1378 3340 1539 3410 vicinarum
1555 3330 1683 3399 gentium
1696 3333 1778 3401 oppi-

76 3406 151 3470 cias,
169 3410 198 3457 et
212 3405 302 3458 oreris
315 3404 470 3460 itineribus
490 3411 581 3461 totum
604 3406 756 3474 imperium
772 3405 901 3460 redderet
955 3404 1048 3466 danis,
1069 3410 1096 3457 et
1117 3401 1220 3455 incolis
1236 3413 1316 3454 sacra
1333 3399 1559 3461 administraret,
1581 3407 1709 3456 vetustos
1727 3416 1777 3457 er-

77 3474 901 3546 pervium,siveitomanislegionibuscommuniretasive
957 3490 1045 3540 rores,
1061 3487 1093 3527 ac
1114 3485 1210 3536 novos,
1233 3482 1389 3550 eorumque
1410 3479 1501 3551 sectas
1524 3470 1674 3540 detegeret,
1690 3479 1778 3544 atque

76 3547 166 3600 etiam
191 3545 277 3599 maria
291 3552 318 3598 et
335 3545 446 3600 insulas
461 3547 616 3600 continenti
641 3547 836 3617 coniungeret,
852 3547 901 3599 in-
955 3550 1127 3613 expurgaret
1152 3541 1244 3609 tidem,
1266 3554 1298 3594 ac
1315 3539 1500 3607 disciplinam
1522 3541 1692 3597 catholicam
1717 3544 1776 3598 ibi-

77 3614 202 3671 structis
217 3615 247 3668 in
263 3614 345 3670 ltalia
363 3615 506 3672 classibus
522 3617 623 3682 Superi
647 3617 742 3679 iliaris,
757 3625 785 3671 et
806 3615 900 3682 inleri,
955 3619 1018 3672 dem
1032 3612 1240 3675 coiistahiiiret,
1255 3624 1287 3666 ac
1303 3614 1488 3690 promoverei;
1512 3616 1551 3674 et,
1567 3615 1596 3664 ut
1607 3612 1690 3666 verbo
1708 3614 1778 3669 uni-

78 3685 248 3751 itaveniiati,
260 3700 293 3739 ac
308 3687 438 3741 iliisenati
456 3705 464 3756 ς
480 3689 540 3742 sive
551 3687 657 3742 limites
674 3687 787 3754 imperii
803 3686 902 3741 ilrma-
957 3701 1035 3742 versa
1047 3683 1228 3750 complectar,
1243 3695 1293 3750 par
1303 3680 1346 3733 illi
1357 3691 1440 3760 copia
1455 3677 1777 3759 dabaturcognoscendi

78 3762 122 3811 ret
144 3755 296 3810 collocatis
316 3757 491 3812 exercitibus
508 3758 679 3824 Britannico,
695 3756 900 3826 Cappadociae,
958 3772 1006 3826 per
1019 3755 1143 3810 triennia
1156 3750 1271 3822 singula
1285 3750 1474 3805 Ecclesiarum
1490 3750 1607 3806 illarum
1623 3758 1778 3821 statum,et

77 3828 184 3894 itacco,
197 3826 376 3896 Germanico,
389 3828 554 3898 Hispanico,
567 3829 690 3898 illyrico,
701 3828 900 3892 iianritanico,
958 3826 1108 3897 religionis
1120 3826 1304 3900 incrementa,
1320 3833 1353 3901 ae
1369 3821 1454 3901 hodie
1466 3818 1549 3876 detur
1564 3835 1612 3887 per
1621 3824 1780 3880 triennales

76 3898 225 3961 Moesiaco,
251 3898 377 3964 Rhetico,
402 3901 569 3965 sarmatico,
591 3900 717 3967 syriaco,
739 3897 902 3965 spectandis
959 3897 1138 3953 visitationes
1153 3905 1297 3947 sacrorum
1314 3890 1447 3945 liminun
1463 3891 1697 3961 apostolicorum,
1713 3895 1779 3963 epi-

77 3971 108 4023 in
124 3967 383 4023 nummisxldriani
399 3987 405 4022 :
423 3969 557 4025 universa
572 3970 630 4024 liaec
647 3970 791 4040 Evangelii
809 3967 903 4037 perte·
959 3968 1054 4036 scopis
1079 3965 1203 4020 indictas
1225 3963 1253 4017 in
1280 3962 1444 4042 eorumdem
1464 3964 1778 4044 consecrationeuum

75 4039 163 4095 rendi
179 4044 344 4106 apparatus,
367 4045 394 4094 et
408 4041 562 4097 comitatus
575 4047 665 4099 erant.
682 4045 709 4094 et
727 4040 902 4107 adiumenta,
959 4040 1075 4094 student
1105 4038 1260 4090 itomanam
1290 4031 1448 4100 pontilicem
1480 4037 1620 4102 pastorem
1650 4036 1777 4091 universi

75 4123 137 4166 non
156 4109 305 4163 hominum
321 4122 393 4165 vano
408 4111 531 4166 consilio
548 4112 583 4166 ad
599 4110 777 4180 temporarie
794 4116 903 4163 tantum
959 4110 1053 4181 gregis
1067 4106 1209 4161 Dominici
1225 4102 1374 4158 certiorem
1388 4103 1504 4158 reddere
1516 4104 1550 4157 de
1565 4103 1692 4159 iidelium
1709 4119 1779 4175 pro-

72 4184 148 4235 vitae
168 4192 242 4234 usus
254 4178 313 4234 hec
332 4180 477 4252 dirigente
491 4192 663 4251 comparata,
689 4181 736 4235 sed
754 4181 904 4248 sapientie
958 4194 1059 4252 gressu
1075 4176 1260 4244 eumdemque
1280 4173 1430 4228 consulere
1443 4174 1478 4228 de
1497 4175 1582 4228 rebus
1600 4175 1779 4233 addivinum

68 4252 189 4306 divinae
216 4257 300 4315 nutu,
319 4263 352 4305 ac
373 4258 509 4320 potestate
526 4254 678 4322 disposita,
695 4265 727 4306 ac
742 4251 903 4305 ministrate
959 4251 1068 4306 coitum
1080 4244 1300 4316 pertinentibus,
1312 4251 1340 4298 et
1352 4244 1386 4298 aii
1398 4251 1530 4299 aeternam
1542 4245 1663 4301 salutem
1680 4247 1778 4316 populi

66 4319 193 4378 Christi
217 4320 327 4391 gloriae,
351 4329 379 4376 et
406 4324 561 4379 electorum
584 4323 694 4379 saluti:
721 4323 768 4377 cui
792 4333 903 4376 omnem
958 4322 1054 4377 eadem
1072 4322 1099 4372 in
1113 4315 1260 4386 provincia
1274 4315 1330 4369 sibi
1340 4316 1510 4370 concrediti.
1528 4317 1657 4370 iiiicvero
1672 4330 1781 4385 oppor-

68 4397 188 4463 praesto
203 4402 264 4446 esse
278 4402 448 4462 creaturam,
467 4401 496 4448 et
511 4407 617 4449 servire
648 4406 698 4448 nec
721 4392 902 4461 cogitantem,
960 4391 1084 4447 tunitate
1104 4402 1170 4443 usos
1189 4386 1279 4467 inisse
1302 4385 1376 4440 Petri
1401 4399 1579 4468 successores
1592 4386 1779 4465 ,comprobari

63 4472 168 4532 atque
192 4462 279 4516 etiam
303 4469 403 4517 contra
419 4465 568 4519 stimulum
593 4463 787 4519 calcitrantem
811 4463 902 4532 jubet.
963 4454 1780 4533 potestexprimisepiscoporumsedihus,ihiplerumque

63 4536 228 4604 Quantum
244 4533 319 4586 enini
336 4531 485 4588 facilitatis
498 4535 702 4590 conciliaretur
719 4510 946 4589 missionibusD
962 4531 1140 4596 constitutis,
1157 4529 1206 4584 ubi
1222 4526 1463 4581 Coloniaccivium
1478 4527 1667 4580 Romanorum
1679 4526 1781 4608 splen-

59 4601 251 4673 apostolicis
269 4616 303 4657 ex
318 4602 391 4657 Urbe
415 4603 577 4675 dirigendis
600 4619 616 4659 a
640 4618 751 4660 somnio
778 4604 908 4660 Ecclesiae
962 4598 1311 4676 didaeiueiantdeductae,
1333 4601 1383 4675 aut
1399 4597 1780 4678 Romanorumexercituum

64 4672 236 4730 hierarcha
253 4673 281 4726 in
295 4673 416 4729 dissitas
431 4690 616 4746 quascunque
631 4676 760 4745 regiones
772 4674 908 4744 irequeris
963 4674 1053 4737 seiles,
1075 4679 1102 4724 et
1118 4676 1209 4723 castra
1227 4666 1428 4748 Praesidiorum
1445 4671 1537 4744 posita
1551 4665 1585 4743 aii
1599 4665 1734 4747 adriano,
1753 4672 1781 4722 et

58 4742 229 4816 legionum
259 4745 439 4812 transvectio,
457 4747 673 4817 magistratuum
699 4746 835 4813 majorum
851 4746 909 4800 mi·
962 4733 1782 4818 Antoninosivcetiamasuperiorihusprincipibus,aut

59 4826 246 4883 nurumque
282 4813 421 4883 protectio
449 4815 537 4871 terme
573 4816 740 4887 quotidiana
775 4816 808 4870 ad
839 4829 908 4884 pro-
962 4807 1784 4886 successoribushdrismumtamemethntoninuniprae·

58 4884 193 4942 vincias
225 4889 253 4938 et
286 4886 384 4954 copias
420 4889 566 4958 regendas,
600 4888 669 4943 satis
697 4886 781 4954 attigi
809 4899 906 4953 supra,
962 4886 1047 4949 cipue
1061 4877 1297 4958 nomin03qooii
1316 4876 1344 4929 hv
1357 4875 1626 4956 compleverinthoc
1643 4878 1780 4945 secundo,

55 4958 108 5012 ad
138 4967 295 5009 numerum
326 4956 459 5025 primurn,
485 4973 550 5012 irum
578 4956 777 5027 perpenderem
804 4956 908 5010 divinae
961 4956 1067 5022 dequo
1087 4964 1163 5005 nuno
1183 4945 1427 5026 agimuS,seecuio
1448 4948 1782 5028 provinciarumiiomaa

61 5025 275 5092 providentiae
290 5026 345 5080 vim
374 5026 455 5094 plane
479 5029 689 5093 admirabilem,
712 5042 774 5095 quae
794 5026 908 5081 intirma
964 5038 1063 5079 narum
1088 5020 1297 5098 ordinationem
1322 5027 1439 5082 primam
1461 5014 1496 5096 ab
1520 5019 1648 5085 Augusto
1663 5017 1781 5100 silvam,

59 5096 186 5152 mundi
210 5095 330 5164 eligens,
349 5102 380 5151 ut
394 5096 481 5153 tortia
505 5096 801 5169 quaequeconiundat,
818 5096 909 5167 exigit
962 5106 1081 5162 eamque
1109 5087 1278 5170 perieceurint
1302 5092 1366 5156 post
1383 5098 1559 5168 accessiones
1582 5086 1636 5142 sub
1651 5088 1782 5156 Claudio,
1840 5158 1847 5171 ·

57 5165 235 5236 sapientie
253 5178 313 5220 suae
328 5167 458 5223 consiliis
471 5171 620 5224 servitium
658 5169 910 5232 restari,etcom‹
963 5166 1083 5231 Nerone,
1108 5162 1290 5229 Vespasiano,
1313 5155 1485 5238 acTrapauo
1509 5154 1675 5212 celebratas.
1697 5160 1718 5212 i.
1744 5161 1784 5216 De

63 5237 190 5300 residiat
202 5235 333 5291 etiamah
345 5236 454 5293 insanis
467 5245 493 5294 et
505 5239 627 5295 ludicris
638 5185 910 5309 ssomiiiumcogita-
965 5236 1075 5289 Fraisse
1095 5231 1252 5286 canonicus
1270 5228 1464 5308 Carnotensis.
1484 5234 1584 5311 apator
1602 5229 1736 5309 opusculi
1749 5232 1785 5287 de

65 5306 241 5363 tionibus:
263 5309 501 5376 quemadmodum
527 5311 706 5366 observatum
725 5308 781 5364 tuit
798 5310 826 5363 in
842 5309 909 5363 Caio
963 5305 1082 5374 Origine
1097 5300 1285 5356 Ecclesiarom
1303 5296 1476 5379 Gallieeap.
1496 5297 1786 5379 coacervation-

65 5373 227 5445 Caligula.
239 5378 781 5452 quandolegionesundiqueaccitasad
794 5379 911 5432 Britan·
966 5390 1022 5443 roa,
1040 5373 1220 5442 Lugdunum,
1239 5370 1375 5449 Viennam
1389 5375 1464 5422 inter
1476 5366 1635 5448 Galliarum
1650 5371 1785 5428 civitates

75 5446 178 5503 nicam
204 5448 417 5514 expeditionem
432 5451 543 5513 eduxit,
561 5459 589 5506 et
617 5472 630 5503 a
659 5451 768 5505 directa
796 5448 855 5503 acie
879 5449 909 5502 in
966 5445 1063 5501 haberi
1078 5444 1194 5512 primas,
1207 5451 1424 5510 quaepiscopos
1436 5438 1616 5492 obtinuerint
1635 5440 1665 5492 ln
1677 5441 1786 5497 Tabula

78 5510 185 5574 littore
205 5515 311 5572 Oceani
326 5517 458 5589 (Sueten,
475 5535 537 5591 cap.
553 5519 587 5576 lo
609 5522 692 5576 iilius
712 5518 789 5587 Vitae)
804 5532 835 5572 ac
858 5518 911 5571 ha·
967 5513 1181 5581 chronologica.
1204 5524 1287 5579 quain
1304 5509 1468 5588 construxit
1483 5522 1545 5574 cap.
1563 5505 1605 5589 to,
1626 5509 1784 5590 etiannum

85 5584 166 5643 iistis
181 5588 381 5658 machinisque
400 5592 563 5660 dispositis,
582 5594 787 5661 neminegnaro
802 5587 912 5656 acopi·
965 5586 1073 5641 Christi
1089 5584 1133 5650 cb,
1152 5581 1237 5637 reieci
1258 5581 1284 5634 S.
1303 5579 1476 5633 Eucharium
1500 5577 1716 5660 Trevirensibus
1729 5582 1785 5638 da-

10 5686 12 5691 ·
89 5665 172 5714 mate
188 5658 257 5728 quid
272 5665 421 5728 empturus
434 5669 518 5728 esset,
532 5670 644 5731 repente
660 5669 691 5717 m
705 5661 829 5715 conciias
843 5660 913 5728 lege·
967 5663 1027 5711 tum
1042 5655 1131 5710 luisse
1145 5653 1308 5734 episcopum
1323 5649 1420 5704 eodem
1436 5661 1521 5730 anuo,
1538 5661 1595 5716 quo
1608 5655 1693 5705 etiam
1707 5660 1786 5720 putat

15 5740 33 5775 ³·.
93 5729 374 5799 ient,galeasque,ev
386 5732 630 5801 sinusrepierent,
642 5728 912 5800 imperavitzspoiia
966 5726 1161 5796 apostolorum
1180 5734 1336 5791 principem
1359 5725 1494 5786 martyrio
1510 5725 1686 5776 coronatum.
1704 5724 1786 5779 Anno

10 5798 33 5867 ’ᾗ
95 5792 769 5874 OceanivocansCapitolio,palatioquedebita.
787 5799 912 5856 »insani
968 5805 1063 5855 autem
1089 5796 1219 5868 proximo
1239 5798 1336 5850 censet
1360 5791 1389 5845 S.
1411 5790 1593 5847 Crescentem
1612 5791 1804 5858 Uagautxnas

10 5869 45 5997 Γὶ
252 5887 371 5944 Panisos.
398 5889 532 5947 Cxiiiii.
1673 5870 1714 5927 m
