3892 6136
121 259 190 318 litati

533 259 753 317 111000110011
771 258 859 316 virts
877 257 961 314 ROM.
981 254 1080 312 PONT.
1101 287 1136 297 -
1153 257 1181 316 S.
1201 259 1395 316 sttvasrstt.

1752 255 1821 315 ⁴530

120 385 191 440 tices
211 386 360 456 argenteos
381 383 585 440 ministeriales
599 382 626 454 5,
651 397 768 455 pensan.
791 384 866 452 sing.
885 380 934 436 tib.
953 380 1821 452 Acellentiababeresancimus.Cujusamptissimusnoster
1858 409 1861 414 ·

118 454 154 511 2:
168 454 276 510 tundus
288 455 479 511 t‘ercettianus
493 459 521 511 in
533 457 668 511 territoro
682 453 811 510 sabiensi
825 458 938 522 0000101

119 525 290 591 0011010οὅος
306 525 608 582 10010000000110000
632 528 660 581 10
675 526 822 581 territorio
835 526 941 579 Feren-

119 599 161 652 sis
173 593 219 669 [d,
237 593 340 670 testtsl.
358 603 472 666 praestat
484 598 592 652 solidos
604 596 639 652 66
652 606 681 652 et
696 597 864 661 tremissem,
878 594 939 649 tun·

120 675 167 722 tus
181 669 363 722 Statianusin
386 665 940 736 1000110010101001000000010100111100

119 738 194 794 6601
207 740 383 808 tremissem,
401 738 508 794 tundus
524 734 570 811 [0,
588 739 737 793 1100000100
766 738 897 792 00000100
911 736 940 789 10

120 810 267 864 territorio
288 809 397 864 Corano
414 816 527 875 praestat
548 809 657 865 solidos
681 806 715 864 10
746 804 942 881 10100100-

118 879 174 935 dus
193 880 369 948 51101ιο000
385 880 414 933 10
437 880 584 934 1000110010
598 881 707 935 Corano
729 887 843 952 praestat
867 876 943 933 soti-

119 953 171 1005 dos
189 947 234 1010 70.
259 949 366 1005 tundus
386 951 472 1004 Tauri
490 953 518 1004 in
535 952 681 1005 territorio
705 953 844 1023 vegetano
865 962 941 1017 prae·

120 1026 178 1075 stat
205 1021 315 1075 solidos
344 1017 388 1088 ta,
414 1020 521 1076 tundus
553 1023 706 1077 Sentianus
734 1024 763 1077 in
794 1018 940 1075 territorio

119 1092 289 1146 triburtino
319 1099 434 1159 praestat
461 1091 545 1146 solid.
573 1091 617 1159 30,
634 1091 741 1149 tundus
763 1093 885 1161 Cejanus
910 1091 940 1142 in

119 1163 269 1216 territorio
293 1163 467 1217 Praeuestino
494 1169 610 1231 praestat
627 1163 737 1219 solidos
756 1162 800 1226 50,
825 1161 941 1216 Fundus

117 1233 454 1287 'termutasinterritorio
470 1227 914 1305 000000110000.01580035]
932 1248 940 1298 3

119 1304 264 1371 possessio
291 1303 401 1358 Cilonis
426 1305 573 1358 territorio
602 1306 776 1360 Praenestino
804 1309 942 1372 praestans

118 1373 221 1429 00150
236 1394 243 1441 3
257 1375 467 1430 obtutitomnia
484 1377 643 1431 necessaria
657 1376 743 1431 titulo
760 1374 880 1445 Equitii.
891 1372 942 1426 iiic

117 1444 188 1499 fecit
206 1447 330 1500 ordinat.
347 1450 396 1498 cic.

243 1519 287 1569 Ear
306 1517 365 1569 cort.
381 1519 472 1584 110010,
488 1519 629 1572 Muzurino
650 1523 674 1572 et
694 1519 816 1571 Ttruono.

155 1588 226 1640 Num
252 1585 296 1651 3t,
324 1589 362 1640 lin
400 1585 426 1643 E.
448 1589 512 1643 dies
528 1586 570 1642 tt.
594 1590 634 1641 lin
653 1586 679 1655 3,
697 1587 845 1642 Februarii
865 1591 894 1640 et
909 1582 941 1638 t6

118 1658 262 1712 ianuarii.
280 1656 368 1727 1101,
382 1660 409 1713 in
426 1666 519 1714 monte
531 1660 623 1729 Syrati
639 1658 678 1728 (in
691 1675 739 1711 orn
754 1660 791 1719 E,
806 1656 941 1724 Soractis)

994 458 1110 507 senatus
1125 454 1241 508 videtur
1254 454 1346 525 gloria
1362 454 1510 517 adornari,
1527 455 1553 509 id
1571 460 1623 520 est,
1642 454 1821 521 000-1010000

994 522 1248 592 000001000001;
1274 539 1324 579 nec
1350 537 1404 578 non
1435 530 1463 578 et
1487 527 1598 579 catenis
1626 524 1821 595 dignitatibus

995 593 1197 661 imperialibus
1211 609 1259 649 ens
1286 595 1503 664 promulgamus
1526 595 1655 649 decorari
1672 613 1680 664 3
1702 605 1729 649 et
1745 598 1821 650 sicut

997 664 1258 732 imperialisenstat
1272 667 1403 720 decorata
1417 665 1531 732 militia,
1548 666 1586 719 ita
1601 666 1708 721 clerum
1719 666 1746 721 S.
1763 667 1821 720 ito·

997 735 1819 806 manveEcclesueornaridecernimus,etquemadmodum

998 806 1156 874 imperialis
1171 807 1295 876 potentia
1310 805 1556 873 diversisoiticits,
1573 806 1819 862 cubiculariorum

996 888 1095 946 nempe
1106 878 1302 946 ostiariorum,
1322 885 1407 946 atque
1430 877 1557 932 omniun
1571 877 1820 932 cubiculariorum

995 947 1157 1015 ordinatur,
1191 949 1229 1002 ita
1260 956 1288 1003 et
1319 956 1444 1002 sanctam
1478 948 1631 1002 itomanam
1664 947 1821 1002 Ecclesiam

995 1018 1124 1072 decorari
1133 1019 1265 1074 0010000
1276 1038 1281 1071 :
1293 1026 1321 1073 01
1331 1018 1547 1086 utamptissime
1561 1018 1723 1087 pontittcate
1733 1019 1822 1073 decus

998 1088 1164 1160 prefulgeat,
1189 1091 1371 1145 decernimus
1386 1097 1414 1144 et
1438 1089 1490 1143 boc
1515 1097 1547 1144 ut
1568 1089 1667 1144 clerici
1693 1089 1821 1158 ejusdem

996 1167 1100 1214 sanctae
1114 1159 1535 1229 11000000001000000000110
1549 1165 1577 1214 et
1590 1158 1820 1218 linteaminibus.

998 1232 1027 1284 id
1046 1237 1088 1285 est
1103 1232 1311 1285 candidissimo
1326 1231 1419 1286 colore
1435 1232 1583 1286 decoratos
1597 1229 1644 1302 (it.
1668 1228 1822 1300 decoratis)

997 1314 1086 1370 equos
1098 1304 1242 1371 equitent,
1258 1310 1286 1357 et
1299 1303 1480 1356 sicutnoster
1493 1309 1610 1357 senatus
1620 1300 1823 1356 calceamentis

998 1373 1092 1427 utitur
1114 1386 1177 1426 cum
1205 1373 1359 1439 udonibus,
1388 1372 1415 1426 itt
1442 1379 1485 1427 001
1509 1373 1632 1427 candido
1657 1372 1823 1427 linteamine

999 1443 1192 1506 illustrentur,
1209 1451 1236 1497 et
1252 1445 1291 1498 ita
1307 1444 1434 1499 coetestia
1450 1445 1526 1499 sicut
1538 1452 1648 1498 terrena
1662 1444 1696 1499 ad
1709 1441 1821 1498 taudem

999 1514 1048 1567 iret
1079 1515 1258 1569 decorentur.
1293 1515 1352 1569 Prae
1385 1514 1521 1569 omnibus
1551 1522 1644 1569 autem
1677 1513 1821 1568 licentiam

998 1584 1336 1639 tribuimusB.Sitvestro
1347 1585 1709 1654 etsurcessoribusetuset
1725 1589 1823 1639 nostro

998 1655 1117 1719 indicto,
1133 1669 1215 1724 quem
1231 1656 1398 1724 pacatus(tt.
1415 1655 1552 1725 placatus)
1566 1657 1683 1724 0000010
1698 1655 1822 1710 00001110

120 1729 383 1796 persconstantini
402 1732 610 1799 percussusttti,
624 1730 799 1798 concussus).
819 1730 942 1782 Postmo·
957 1745 982 1805 Β
996 1725 1134 1781 clericare
1149 1726 1281 1791 voluerit,
1296 1733 1324 1781 et
1338 1728 1365 1781 in
1384 1740 1502 1781 numero
1516 1725 1719 1796 religiosorum
1732 1726 1823 1780 cleri-

119 1797 188 1854 dum
204 1801 316 1855 rediens
330 1814 394 1856 cum
412 1801 467 1870 gio.
491 1802 531 1854 lira
547 1801 573 1857 6.
590 1813 605 1853 a
620 1799 707 1867 lepra.
726 1801 775 1853 ttic
787 1798 942 1854 contanti-

120 1871 339 1933 nustmperatcr
349 1870 750 1940 quartodtesuibaptismatis
762 1869 941 1939 privilegium

120 1940 252 1995 Ecclesia
272 1943 403 1997 itomanae
417 1942 539 1996 contulit
555 1941 695 2010 pontilici,
715 1943 788 1996 0110
803 1947 861 1995 1010
875 1940 942 1994 orbe

119 2011 247 2065 itomano
263 2012 339 2066 bunc
356 2014 394 2066 ita
409 2018 495 2081 caput
511 2012 641 2070 babeant.
663 2013 741 2067 sicut
753 2011 943 2080 0001010111-

119 2094 179 2135 cem
197 2096 302 2150 regem.
322 2085 350 2136 tn
360 2097 393 2138 00
405 2083 556 2153 privilegio
567 2084 605 2138 ita
619 2084 693 2137 inter
703 2089 802 2138 caetera
815 2083 939 2152 tegitur:

120 2151 533 2220 Utitejudicavimusunacum
544 2155 678 2209 omnibus
692 2153 939 2222 satrapisnostris,

119 2229 147 2277 et
161 2225 295 2279 universo
306 2232 416 2291 senatu,
428 2224 618 2294 optimatibus
629 2226 726 2282 etiam,
740 2232 768 2279 et
778 2231 882 2279 cuncto
897 2237 942 2292 po·

120 2294 188 2362 puto
203 2294 329 2350 ttornano
346 2296 466 2365 imperio
481 2295 652 2365 subjacenti,
670 2302 702 2350 ut
712 2296 787 2351 sicut
803 2297 941 2349 Epeiros

122 2368 150 2418 in
167 2366 251 2419 terris
266 2367 394 2422 vicarius
409 2367 476 2421 Filii
493 2368 541 2420 Dei
557 2368 669 2422 videtur
681 2368 939 2432 esseconstitutus,

119 2436 205 2489 etiam
227 2441 257 2490 et
280 2438 427 2506 puntitlces
453 2439 546 2505 ipsius
577 2438 719 2506 principis
746 2437 941 2506 apostotorum

120 2506 219 2570 vicem,
246 2509 426 2577 principatus
443 2515 607 2576 potestatem
631 2509 757 2577 amptius
773 2521 857 2578 quam
882 2516 942 2561 ter-

122 2590 196 2632 rena
210 2586 313 2632 000100
334 2579 491 2649 imperialis
505 2580 670 2634 serenitatis
687 2580 874 2634 mansuetudo
888 2579 943 2631 ba-

120 2647 186 2702 bere
211 2650 326 2704 videtur
341 2663 528 2704 concessama
545 2650 628 2704 nobis
655 2657 807 2719 nostroque
822 2648 943 2718 imperto

120 2719 265 2774 obtineat:
278 2721 384 2791 eligent
403 2736 416 2775 s
430 2719 513 2775 nobis
527 2722 620 2789 ipsum
635 2720 792 2790 principem
803 2719 942 2789 apostolo

121 2804 196 2853 rum,
212 2790 253 2844 vet
267 2793 330 2861 ejus
345 2793 469 2846 vicarios
481 2791 577 2846 00000
592 2792 666 2860 apud
681 2793 768 2846 Deum
779 2805 841 2851 esse
853 2796 943 2860 patro·

122 2874 173 2915 nos
201 2864 233 2915 Et
248 2863 324 2916 sicut
341 2870 437 2917 000100
448 2869 490 2916 001
502 2870 613 2917 terrena
629 2862 788 2930 imperialis
804 2863 941 2932 potentia,

121 2933 160 2986 ita
175 2933 238 3002 ejus
250 2940 459 2987 sacrosanctam
473 2934 625 2988 itomanam
647 2934 800 2989 Ecclesiam
811 2933 943 2989 decrevi·-

121 3017 185 3058 mus
196 3012 361 3058 veneranter
375 3006 524 3070 bonorare,
538 3004 698 3074 etamplius
714 3018 798 3075 (quam
814 3013 940 3059 nostrum

997 1810 1095 1851 corum
1109 1810 1315 1851 connumerare
1328 1796 1471 1852 nultuser
1489 1797 1656 1852 bominibus
1670 1801 1823 1866 prasumat

997 1868 1119 1936 superbe
1128 1881 1220 1935 agere.
1248 1869 1430 1923 {lecrevimus
1461 1870 1559 1938 itaque
1573 1875 1600 1923 et
1613 1869 1823 1936 boc,uvipsect

997 1951 1178 1993 successores
1192 1940 1254 2008 ejus
1269 1940 1438 2006 diademate,
1456 1939 1590 1995 videlicet
1602 1952 1718 2001 corona,
1735 1950 1821 2007 quam

997 2024 1031 2064 ex
1041 2011 1134 2079 capite
1147 2018 1245 2065 nostro
1259 2010 1303 2064 itti
1317 2011 1513 2065 concessimus
1525 2023 1641 2065 exauro
1654 2010 1822 2080 purissimo,

996 2087 1023 2135 et
1039 2081 1149 2151 gemnis
1165 2081 1300 2148 pretiosis
1318 2083 1359 2136 uti
1373 2081 1494 2136 debeant
1515 2096 1565 2150 pro
1578 2095 1665 2137 onore
1684 2082 1712 2134 B.
1734 2080 1821 2134 Petri.

995 2150 1820 2222 lpseverobeatissimuspapasupercoronamclericatus,
1901 2194 1907 2203 .

997 2236 1081 2292 quam
1098 2223 1171 2293 gerit
1183 2224 1216 2278 ad
1232 2223 1353 2292 0100100
1369 2224 1398 2278 Β.
1417 2224 1491 2278 Petri
1507 2225 1569 2292 ipsa
1579 2238 1613 2278 ex
1623 2236 1694 2278 auro
1711 2229 1824 2277 nonest

997 2308 1099 2363 passus
1116 2294 1157 2347 uti
1179 2306 1293 2348 corona.
1321 2295 1468 2365 Pbrigium
1493 2307 1569 2362 vero,
1590 2293 1712 2349 clandido
1729 2294 1823 2348 nitore

996 2364 1175 2432 splendidam
1200 2366 1437 2420 resurrectionem
1463 2367 1638 2420 Dominicam
1655 2365 1821 2434 designans,

996 2435 1059 2504 ejus
1071 2436 1267 2491 sacratissimo
1285 2437 1384 2491 vertici
1408 2437 1541 2491 manibus
1559 2436 1665 2491 nostris
1679 2434 1824 2505 imposui-

998 2521 1070 2562 mus.
1086 2512 1113 2559 01
1129 2512 1254 2560 tenentes
1275 2505 1387 2562 tronum
1407 2509 1475 2576 equi
1488 2508 1583 2576 ipsius
1598 2521 1648 2577 pro
1664 2506 1822 2561 reverentia

997 2577 1027 2632 B.
1039 2578 1111 2630 Petri
1125 2576 1389 2633 stratorisofficium
1403 2578 1824 2633 ittiextribuimus.statuentes

998 2648 1093 2702 eodem
1117 2649 1233 2718 Pbrigio
1249 2663 1348 2703 omnes
1363 2662 1544 2704 successores
1558 2651 1620 2719 ejus
1633 2647 1824 2719 singulariter

1000 2718 1041 2774 011
1065 2721 1093 2772 10
1112 2720 1345 2786 processionibus
1360 2721 1423 2789 ejus
1447 2719 1480 2774 att
1500 2721 1687 2775 imitationem
1708 2717 1822 2786 imperii

999 2789 1101 2845 nostri.
1126 2789 1203 2845 Unde
1221 2799 1250 2845 01
1267 2791 1441 2859 pontittcatis
1454 2805 1526 2859 apex
1551 2804 1605 2846 non
1631 2791 1759 2856 vilescat,
1774 2788 1822 2844 sed

1000 2861 1824 2932 magisquamterreniimperiidignitasglortaetputentia

997 2934 1158 2996 decoretur,
1185 2944 1248 2985 0000
1275 2939 1331 2985 tam
1363 2931 1500 3000 palatium
1530 2940 1658 2986 nostrum
1680 2942 1823 3000 quamque

999 3003 1150 3056 itomanam
1162 3001 1271 3064 urbem,
1283 3009 1416 3056 ctomnes
1425 3000 1514 3054 ltalia
1529 3015 1578 3056 seu
1594 2999 1823 3056 occidentalium

122 3074 275 3143 imperium
297 3083 498 3146 terrenumque
514 3077 649 3130 tbronum
665 3077 758 3131 sedem
775 3075 942 3129 sacratissi-
957 3084 981 3147 0
999 3073 1147 3141 regionum
1182 3072 1355 3138 provincias,
1381 3072 1452 3140 ioca,
1488 3073 1630 3140 civitates,
1657 3070 1822 3125 beatissimo

121 3158 193 3198 mam
211 3147 239 3198 u.
258 3147 330 3200 Petri
368 3147 471 3201 tortose
485 3147 620 3215 exaitare,
638 3146 797 3202 tribuentes
809 3146 834 3198 ei
851 3150 879 3197 et
891 3157 944 3212 pu-

121 3221 260 3282 testatem,
277 3218 444 3289 dignitatem
462 3223 547 3287 atque
567 3219 692 3286 vigorem
708 3213 944 3269 0100000100οη-

119 3286 189 3340 1100
211 3289 398 3357 imperialem,
414 3295 500 3356 atque
514 3289 715 3341 decernentes:
740 3285 896 3345 sancimus,
912 3290 944 3336 ut

121 3358 314 3425 principatum
327 3365 483 3412 teneattam
496 3354 942 3424 superquatuorsedes,attexan-

119 3427 242 3488 drinanr,
259 3429 476 3490 Avatiocbenam,
493 3425 788 3494 ttierosotymitanam,
800 3426 943 3479 Constan-

121 3498 352 3563 tinopolitanam,
373 3513 435 3565 quae
448 3498 534 3551 etiarn
548 3509 634 3565 super
647 3508 744 3550 omnes
765 3496 794 3549 in
809 3495 943 3550 universo

120 3565 188 3619 orbe
213 3575 352 3621 terrarum
374 3569 422 3621 Dei
452 3567 601 3630 Ecclesias,
621 3574 649 3621 et
669 3564 794 3635 pontitcx
820 3567 869 3636 qui
892 3579 943 3634 pro

121 3643 246 3704 tempore
261 3639 353 3707 ipsius
375 3644 562 3693 sacrosanctae
576 3639 707 3692 Romana
730 3636 861 3692 Ecctesiae
874 3636 944 3690 exti-

121 3709 189 3761 terit
211 3710 315 3762 cetsior
340 3710 472 3779 princeps
497 3710 611 3764 cunctis
634 3709 830 3764 sacerdotibus
853 3708 944 3761 totius

122 3778 220 3831 mundi
234 3779 348 3845 existat,
365 3779 816 3850 eteiusjudicioquaecumquead
831 3778 941 3833 cultum

119 3849 168 3901 Dei
196 3849 236 3903 vet
255 3850 336 3904 tidem
356 3851 598 3912 Christianorum,
616 3851 657 3905 vet
681 3851 867 3905 stabilitatem
882 3862 943 3917 pro·

119 3920 246 3974 curanda
259 3919 314 3975 tue:
325 3921 367 3975 int
379 3922 581 3989 disponantur,
597 3929 626 3976 et
642 3921 716 3976 intra
731 3921 866 3976 ecclesias
882 3919 942 3973 bea·

121 3998 214 4043 torum
230 3992 425 4054 apostolorum
442 3993 514 4046 t’etri
530 3999 558 4046 et
569 3993 649 4047 t’auti
664 4007 715 4061 pro
725 3992 943 4047 continuatione

120 4059 353 4128 luminariorum,
369 4064 576 4130 possessionem
592 4064 754 4133 praediaque
773 4064 851 4134 (1100,
875 4075 944 4131 000-

120 4132 280 4185 000010000
308 4134 421 4201 praedia)
449 4134 636 4192 contutimus.
662 4140 689 4188 et
715 4135 799 4189 rebus
819 4134 944 4189 diversis

119 4214 166 4255 eas
181 4202 348 4271 ditavimus,
371 4211 399 4258 ct
415 4218 463 4272 per
479 4211 604 4258 nostram
630 4206 803 4274 imperialem
821 4219 941 4267 sacram,

120 4274 219 4326 tamin
242 4273 358 4329 Oriente
371 4289 455 4345 quam
476 4276 504 4329 10
520 4273 682 4341 Occidente,
700 4276 944 4343 0110008001οη-

120 4342 941 4415 10100011(Μ,001011001050000ιο10000)οι110001100οί1

121 4412 212 4483 plaga,
236 4416 684 4487 011101100110100100000010,
708 4418 785 4485 asia,
810 4417 941 4485 Tbracia,

999 3140 1126 3209 pontiitci
1141 3147 1168 3194 et
1185 3142 1341 3195 universati
1359 3155 1435 3209 papae
1448 3142 1585 3196 silvestro
1596 3141 1823 3197 contradicimus

997 3219 1083 3280 atque
1095 3211 1299 3280 relinquimus,
1316 3219 1344 3265 et
1358 3212 1393 3265 ab
1408 3226 1440 3267 eo
1458 3220 1485 3267 et
1500 3226 1516 3267 a
1531 3212 1747 3267 successoribus
1760 3213 1823 3280 ejus

999 3294 1047 3349 per
1074 3283 1280 3351 pragmaticum
1303 3284 1491 3338 constitutum
1516 3283 1698 3338 decernimus
1718 3283 1823 3351 dispo-

998 3353 1098 3417 nenda,
1116 3359 1202 3420 atque
1215 3354 1275 3420 juri
1291 3353 1318 3407 S.
1340 3353 1472 3409 11000000
1489 3353 1621 3409 Ecclesiae
1636 3353 1823 3409 concedimus

999 3422 1196 3491 permanenda.
1215 3424 1292 3478 itnde
1307 3437 1464 3494 congruum
1480 3427 1678 3494 perspeximus
1694 3431 1821 3479 nostrum

999 3494 1151 3560 imperium
1161 3501 1188 3548 et
1198 3495 1278 3565 regni
1292 3493 1821 3562 potestatemOrientatibustransferri

999 3563 1175 3633 regionibus,
1192 3572 1220 3619 et
1243 3567 1270 3619 in
1293 3568 1432 3635 Byzantia
1459 3569 1612 3636 provinciae
1628 3569 1738 3636 optimo
1760 3566 1822 3621 ioco

998 3635 1108 3688 nomini
1127 3647 1223 3690 nostro
1245 3636 1389 3691 civitatem
1404 3638 1551 3697 00110001,
1566 3644 1594 3692 01
1610 3645 1738 3692 0001000
1761 3635 1822 3691 11110

997 3707 1138 3760 constitui
1155 3707 1308 3775 imperium
1326 3725 1331 3761 :
1350 3712 1486 3777 quoniam
1512 3710 1559 3764 ubi
1577 3710 1756 3778 principatus
1772 3720 1824 3762 sa-

997 3777 1143 3830 cerdotum
1160 3783 1188 3831 et
1202 3779 1373 3832 tibristianae
1391 3780 1541 3850 religionis
1555 3786 1642 3848 caput
1654 3779 1688 3832 ab
1704 3780 1824 3847 impera·

997 3853 1059 3901 tore
1071 3847 1179 3902 coetcsti
1194 3850 1382 3904 constitutum
1395 3858 1447 3916 est,
1457 3854 1568 3920 justum
1583 3863 1637 3905 nou
1653 3856 1707 3912 est,
1719 3855 1751 3903 ut
1761 3849 1823 3903 ittic
1874 3906 1879 3911 ,

998 3919 1152 3984 imperator
1163 3924 1293 3975 terrenus
1305 3920 1405 3976 babeat
1421 3923 1668 3990 0010010100οΗοο
1684 3921 1709 3976 01
1726 3919 1823 3987 omnia

998 4003 1061 4058 quae
1078 4002 1126 4058 per
1140 3990 1211 4044 banc
1226 3990 1401 4059 imperialem
1412 4007 1532 4062 sacram,
1548 3999 1576 4048 et
1590 4006 1637 4062 per
1648 3990 1822 4046 atiadiralia

997 4060 1111 4114 decreta
1126 4063 1292 4126 statuimus,
1314 4070 1342 4116 et
1359 4063 1562 4119 confirmamus
1580 4064 1714 4134 usquein
1738 4062 1822 4117 tinem

1000 4132 1097 4185 mundi
1112 4131 1220 4186 illibata
1230 4138 1255 4186 et
1271 4135 1440 4189 inconcussa
1454 4149 1618 4204 permanere
1629 4135 1821 4190 decernimus,
1864 4142 1867 4147 ’
1902 4131 1906 4136 “

999 4202 1185 4257 Undecoram
1214 4205 1268 4258 000
1293 4206 1365 4272 0100,
1391 4207 1440 4277 qui
1458 4221 1508 4261 nos
1535 4220 1652 4277 regnare
1678 4206 1822 4276 00000011,

998 4280 1027 4327 01
1045 4286 1140 4327 00000
1165 4274 1289 4330 terribili
1314 4277 1377 4344 eius
1399 4279 1509 4347 judicio
1533 4279 1710 4334 obtestamur
1725 4287 1823 4331 omnes
1851 4335 1854 4339 ,

1000 4351 1114 4399 0001000
1129 4359 1308 4403 successores
1325 4358 1521 4418 imperatores,
1544 4350 1586 4404 vet
1609 4358 1727 4403 cunctos
1743 4347 1824 4413 opti-

1000 4424 1098 4483 mates,
1115 4424 1243 4487 satrapas
1270 4421 1356 4474 ettam
1380 4420 1650 4490 amplissimumque
1678 4423 1822 4479 senatum,

119 4482 942 4559 01010001110110,0001100οε10100011000010100100011010
958 4478 1023 4540 Dei
1041 4488 1206 4542 universum
1224 4491 1359 4558 poputum
1377 4493 1406 4545 in
1429 4498 1488 4546 toto
1507 4489 1575 4544 orbe
1588 4498 1729 4543 terrarum
1746 4498 1824 4541 rruuc

118 4556 162 4608 eis
177 4559 382 4625 concessimus,
408 4572 439 4613 ea
457 4573 574 4626 prorsus
590 4561 700 4615 ratione
718 4567 748 4615 ut
768 4574 817 4629 per
842 4573 943 4614 manus

119 4624 279 4681 beatissimi
298 4631 389 4696 patris
403 4631 493 4684 nostri
507 4631 636 4684 silvestri
651 4634 777 4686 summnt
797 4631 942 4701 pontilicis

119 4708 376 4768 successorumque
403 4701 466 4768 ejus
487 4703 583 4755 omnia
605 4701 806 4770 disponantur,
824 4710 851 4757 et
867 4700 942 4756 intra

119 4765 201 4821 beato
220 4768 355 4825 silvestro
380 4778 408 4825 ct
428 4771 562 4825 omnibus
588 4773 804 4828 successoribus
828 4773 943 4842 ejusde

120 4840 252 4906 praesenti
270 4841 413 4896 tradimus
430 4843 566 4910 palatium
586 4844 700 4911 imperii
718 4845 808 4898 nostri
828 4847 942 4900 Latera-

120 4922 216 4963 neusc.
241 4912 347 4966 001000
361 4912 500 4977 diadema,
525 4913 658 4968 videlicet
681 4928 814 4970 coronam
835 4918 943 4985 capitis

119 4981 248 5035 nominis
272 4985 374 5053 nostri,
394 4985 540 5053 simulque
568 4985 727 5055 Pbrigium,
754 4999 804 5041 000
831 5000 886 5041 000
915 4993 943 5041 01

119 5052 364 5119 superhumerale,
396 5054 528 5110 videlicet
554 5054 657 5120 torum,
688 5059 762 5120 quod
795 5058 943 5126 imperiale

118 5122 300 5178 circumdare
314 5124 420 5180 assolet
430 5126 547 5180 cottum.
560 5127 661 5182 Verum
675 5129 761 5182 etiam
775 5134 802 5182 et
817 5129 943 5183 001001-

117 5192 181 5247 dem
197 5208 368 5262 purpuream
379 5204 464 5267 atque
478 5197 604 5251 tunicam
620 5199 791 5266 coccineam,
808 5208 836 5256 et
850 5201 943 5268 impe-

118 5263 204 5318 riatia
235 5267 332 5320 omnia
364 5267 541 5325 indumenta.
575 5281 625 5323 seu
654 5271 739 5324 etiarn
770 5272 940 5342 dignitatem

118 5335 315 5403 imperialium
335 5337 548 5402 praesidentium
563 5340 704 5408 equiturn.
718 5340 900 5397 conterentes
914 5343 941 5396 ei

115 5407 209 5461 etiarn
232 5406 394 5473 imperialia
414 5415 534 5477 sceptra,
561 5409 707 5480 simulque
737 5420 839 5466 cuncta
859 5414 942 5483 signa

115 5474 944 5552 0100000000,01111000000110000000οηιο1000010110,οῑ

115 5549 444 5615 omnemprocessionem
457 5548 617 5616 imperialis
631 5551 813 5620 culminis,et
822 5553 942 5624 gloriam

118 5618 388 5688 potestatisnostra..
399 5619 473 5675 iliris
487 5621 572 5674 etiam
581 5623 943 5679 reverentissimisctericis

116 5688 225 5744 diversi
236 5689 350 5745 ordinis
361 5690 454 5746 eidem
468 5699 655 5747 sacrosanctae
667 5693 798 5749 Romanae
810 5695 943 5751 Ecclesiae

117 5760 311 5817 servientibus
320 5760 393 5817 ittud
404 5761 518 5817 cutmen
527 5762 687 5835 singularis
702 5767 944 5835 potentiaeetprae·

996 4564 1025 4612 et
1041 4559 1070 4611 in
1090 4565 1233 4626 posterum
1256 4561 1330 4614 nulli
1352 4573 1449 4616 eorum
1473 4560 1673 4630 quoquomodo
1698 4558 1756 4612 traec
1771 4563 1823 4612 aut

999 4627 1156 4699 intringere
1176 4628 1217 4683 vet
1235 4630 1264 4684 in
1280 4644 1423 4701 quoquam
1439 4631 1572 4686 convelli.
1593 4631 1622 4684 st
1636 4630 1702 4699 quis
1715 4636 1820 4689 autem.

998 4701 1073 4769 quod
1086 4713 1141 4753 non
1151 4700 1305 4769 credimus,
1316 4701 1344 4755 in
1358 4703 1411 4757 000
1423 4709 1574 4757 temerator
1584 4707 1633 4756 aut
1644 4707 1823 4769 contemptor

998 4770 1138 4835 extiterit,
1178 4773 1300 4826 terrenis
1340 4773 1632 4828 condemnationibus
1674 4771 1820 4840 subjaceat

1000 4840 1164 4907 innodatus,
1194 4847 1222 4895 et
1247 4848 1362 4897 sanctos
1390 4845 1439 4899 Dei
1466 4844 1612 4913 principes
1627 4843 1822 4913 apostotorum

999 4914 1110 4966 Petrum
1125 4917 1153 4966 et
1169 4913 1286 4968 Paulum
1303 4913 1372 4982 sibi,
1388 4920 1416 4969 et
1435 4916 1463 4970 in
1486 4915 1617 4984 praesenti
1638 4921 1665 4970 et
1682 4915 1710 4969 tn
1726 4919 1823 4968 lutura
1880 4967 1884 4973 .

998 4987 1057 5038 rita
1079 4985 1184 5037 sentiat
1206 4986 1367 5039 contrarios
1381 4992 1467 5056 atque
1494 4988 1522 5041 in
1547 4984 1660 5041 1010000
1691 4984 1823 5041 interiori

998 5061 1195 5109 concrematus
1215 5068 1279 5109 curn
1305 5055 1421 5111 diabolo
1443 5064 1471 5112 et
1486 5057 1621 5113 omnibus
1635 5055 1749 5111 deiciat
1766 5057 1823 5110 im-

1000 5126 1065 5195 piis.
1084 5124 1174 5192 liuius
1197 5139 1260 5180 vcro
1280 5126 1440 5195 imperialis
1457 5129 1548 5183 nostri
1564 5128 1670 5183 decreti
1690 5129 1821 5197 pagiuam

999 5195 1126 5265 propriis
1158 5196 1290 5252 manibus
1311 5198 1488 5261 roborantes,
1520 5213 1606 5268 super
1630 5200 1823 5254 venerandum

997 5281 1103 5336 corpus
1127 5267 1154 5321 Β.
1183 5268 1256 5322 Petri
1286 5271 1447 5337 posuimus.
1472 5273 1542 5325 Data
1567 5272 1660 5325 ttornae
1685 5271 1732 5324 tlt.
1759 5267 1821 5323 Eat.

997 5339 1118 5407 ttpritis.
1144 5338 1185 5393 Et.
1201 5341 1390 5394 Constantino
1412 5343 1543 5412 Augusto
1566 5351 1669 5410 quarto
1693 5339 1821 5405 consule,

997 5417 1026 5463 et
1038 5409 1180 5464 ttalticato
1195 5410 1229 5465 tit
1244 5424 1322 5465 cons.
1341 5413 1391 5466 iiic
1405 5414 1491 5467 etiam
1507 5412 1716 5467 Constantinus
1729 5412 1824 5480 impe-

999 5487 1077 5535 rator
1099 5479 1166 5534 tecit
1183 5481 1211 5534 in
1234 5481 1304 5537 urbe
1328 5484 1426 5547 11000,
1449 5492 1505 5538 010.
1535 5484 1589 5536 tin.
1610 5480 1653 5551 10,
1669 5483 1719 5552 qui
1736 5483 1822 5537 ettam

999 5552 1132 5620 usquein
1150 5552 1213 5606 bod.
1232 5553 1282 5605 tin.
1307 5551 1349 5619 it,
1363 5555 1427 5609 data
1441 5560 1532 5610 const.
1553 5554 1669 5609 ibidem.
1691 5567 1726 5609 ex
1747 5553 1824 5609 dono

997 5624 1094 5677 Consi.
1113 5621 1186 5693 000.
1210 5624 1331 5679 Donavit
1355 5639 1470 5695 quoque
1492 5640 1570 5695 scyp.
1591 5628 1639 5679 tin.
1666 5621 1709 5689 tt,
1733 5623 1824 5679 libras

997 5693 1081 5748 duas.
1104 5693 1158 5747 lib.
1178 5694 1284 5750 decem.
1312 5698 1441 5751 Patenam
1465 5710 1525 5767 arg.
1551 5709 1622 5753 0000
1644 5695 1767 5763 clusam,
1794 5699 1823 5748 et
1867 5730 1872 5741 ,

997 5764 1179 5820 cbrismatem
1193 5780 1272 5835 pens.
1290 5766 1341 5822 tib.
1357 5765 1375 5822 5
1389 5786 1398 5840 ς
1415 5767 1475 5824 tara
1489 5774 1624 5825 coronata
1637 5767 1733 5823 decem
1750 5778 1823 5835 pen-
