3892 6136
117 227 191 286 4093

546 228 705 285 HISTORIA
725 230 769 284 ult
788 230 874 286 vitis
892 227 977 284 hott.
997 228 1096 285 PONT.
1117 262 1151 271 -
1169 232 1197 286 S.
1219 231 1385 287 CLEMENS.

1749 231 1819 290 teat

115 349 200 418 Quod
213 350 252 404 ita
264 355 411 417 acceptum
422 349 457 405 ab
472 355 586 407 auctore
602 351 667 406 iibri
691 350 726 407 de
738 350 832 407 Gestis
846 349 947 407 itoma-
961 348 989 405 A
998 351 1123 418 reperies
1132 351 1207 418 apud
1218 353 1364 407 lustinum
1376 358 1528 424 martyrem
1540 351 1685 424 quasttii
1693 355 1727 412 ad
1740 353 1822 411 Orth.

116 434 223 477 norum
239 420 415 488 pontificum.
431 421 539 477 credito
556 422 741 491 Luliprando,
756 421 837 491 quasi
851 433 944 491 agere·

116 498 169 547 tiir
180 493 217 547 de
230 491 345 547 duabus
355 493 456 560 primis
468 493 621 548 Clementis
632 491 824 548 decretalibus
848 496 881 546 ad
895 493 947 545 la-

117 563 236 618 cobum.
264 563 360 632 Graii,
386 571 416 619 iit
431 564 561 632 equidem
586 566 691 625 sentio,
707 577 811 620 errore.
828 565 898 617 Nam
920 562 944 616 si

115 634 277 690 decretales
293 633 322 687 lii
336 634 432 689 animo
458 635 605 690 habuisset
627 637 753 704 scriptor
774 633 946 691 pontificalis

115 704 204 771 iibri,
230 717 287 759 non
313 704 407 759 solum
431 705 503 760 duas
525 706 658 767 dixisset,
684 720 781 761 verum
807 705 945 775 quinque,

115 775 365 845 Quemadmodum
388 775 527 845 Βιόγραιος
542 776 601 844 ille,
618 778 668 847 qui
687 777 756 831 mira
779 775 943 845 supinitate.

118 855 273 917 postquam
287 847 323 901 de
339 846 452 902 duabus
469 847 598 915 epistolis
612 848 762 903 catholicis
774 862 790 904 a
804 848 946 902 Clemente

117 919 154 973 ad
172 917 307 973 iacobum
333 918 407 972 datis
423 917 529 986 retulit,
545 919 705 1001 subjungit,
723 932 852 988 quanam
874 931 946 972 coii-

117 990 269 1044 tineantur
286 991 313 1042 in
327 988 517 1057 illisduabus,
529 996 556 1044 et
570 990 599 1044 in
617 990 735 1060 reliquis
749 991 852 1045 tribus.
868 988 946 1043 Adde

119 1061 199 1130 quod
214 1062 243 1115 in
257 1059 416 1115 Pontillcali
431 1073 515 1129 opere
526 1061 638 1132 sejungi
650 1061 762 1116 ridetur
774 1059 895 1129 epistola
910 1058 945 1112 ad

117 1130 285 1187 lacobuma
302 1130 573 1187 duabuscanonicis
587 1132 728 1201 epistolis.
742 1134 794 1186 llic
805 1131 947 1199 fecitdaas

119 1204 264 1271 epistolas,
276 1218 338 1270 qua
350 1206 487 1255 canoniea
500 1205 679 1256 nominantur·
699 1221 707 1268 ;
723 1210 750 1257 et
766 1203 840 1257 intra
856 1221 862 1255 :
889 1204 945 1254 Ta-

118 1289 184 1327 men
199 1277 228 1327 in
244 1274 434 1341 epistolisque
458 1272 495 1326 aii
516 1276 644 1327 iiicobiiiri
662 1278 766 1343 scripta
785 1280 834 1328 est.
849 1291 863 1322 i>
879 1273 948 1327 Hac·

120 1350 210 1400 tenus
223 1344 392 1399 cotelerius.

157 1415 321 1470 catholicas
340 1416 433 1470 dictas
453 1414 542 1470 inisse
562 1416 693 1484 primam,
716 1422 743 1471 et
770 1416 888 1470 alteram
911 1414 945 1468 ad

118 1486 293 1547 Corinthios
305 1486 455 1555 epistolam
472 1487 635 1542 Clementis.
648 1501 664 1541 a
677 1487 850 1556 quibusdam
862 1485 945 1540 etiam

119 1558 279 1613 canonicas
295 1564 439 1626 reputatis
458 1571 513 1612 iioii
532 1565 575 1613 est
596 1559 670 1624 quod
693 1559 839 1614 miremur.
858 1558 947 1611 'Tanta

120 1626 179 1683 tuit
189 1629 353 1684 earumdem
365 1627 552 1694 existimatio,
565 1634 595 1683 ut
606 1629 789 1684 inveniantur
803 1627 892 1683 amba
902 1628 948 1682 de·

999 421 1171 477 Clementem
1189 424 1265 478 illex.
1284 423 1335 478 lib.
1354 439 1374 478 ι.
1392 429 1507 488 strom,
1527 424 1617 480 etlib.
1636 441 1663 479 ix
1675 430 1704 480 et
1719 426 1769 482 lib.
1784 440 1823 479 ri.

999 492 1140 548 Rasilium
1157 493 1288 565 liagnum
1304 494 1379 549 libro
1398 495 1434 549 de
1453 495 1564 565 Spiritu
1587 502 1687 551 sancto
1701 511 1762 565 cap.
1776 495 1823 552 29.

998 563 1185 619 Athanasium
1202 565 1231 618 in
1247 566 1357 634 disput.
1373 572 1473 622 contra
1485 567 1586 621 Arium
1604 567 1632 620 in
1657 567 1764 636 synodo
1778 569 1826 622 Ni·

999 648 1087 689 cana.
1106 634 1296 704 Epiphaniam
1309 643 1407 691 contra
1421 639 1493 691 ilar.
1507 634 1553 700 ei,
1565 636 1721 693 Eusebium
1734 638 1784 692 lib.
1795 637 1822 692 3.

1000 707 1072 760 liist.
1085 721 1137 775 cap
1158 703 1579 777 lbetl73liieronymum,lib.
1593 709 1823 764 i.contraioxin.

1000 783 1028 831 et
1042 777 1197 833 comment.
1212 775 1266 832 inl
1284 778 1338 833 eti
1352 793 1413 848 cap.
1426 780 1460 833 ad
1475 779 1624 847 Ephesios.
1644 797 1658 828 r

1035 848 1084 903 Est
1098 848 1176 904 alius
1190 850 1291 904 irenai
1306 848 1386 905 locus
1405 849 1457 903 lib.
1483 863 1526 915 iii,
1541 865 1603 919 cap.
1625 848 1652 905 3.
1676 851 1751 906 unde
1775 849 1826 905 lux

1001 920 1092 988 major
1104 919 1222 990 adiilget
1237 921 1371 989 adjiacto
1382 925 1518 989 patentia,
1535 920 1643 976 litteris
1656 920 1827 989 apostolicis

999 989 1154 1045 Clementis
1168 1004 1246 1059 papa
1262 992 1422 1047 attributo:
1444 992 1493 1046 ubi
1515 992 1628 1047 scilicet
1648 995 1827 1060 potentiorem

997 1063 1233 1131 principalitatem
1253 1069 1390 1117 memorat
1408 1063 1541 1118 Romana¹
1563 1062 1715 1118 Ecclesia:
1742 1063 1826 1132 cnjiis

1000 1133 1094 1202 gratia
1107 1139 1274 1188 necesseest
1290 1133 1417 1203 reliquas
1429 1134 1463 1189 ad
1478 1133 1550 1188 hanc
1565 1134 1728 1189 convenire.
1742 1153 1754 1184 a
1767 1135 1827 1188 iia-

1001 1204 1089 1269 xiiiia.¹
1102 1205 1209 1274 inquit,
1221 1205 1474 1273 etantiquissima,
1485 1204 1657 1259 etomnibus
1672 1205 1798 1275 cognita,
1810 1217 1827 1259 a

1000 1273 1223 1345 gloriosissimis
1236 1274 1351 1330 duobus
1366 1275 1505 1344 apostolis
1519 1277 1608 1336 i‘etro,
1623 1283 1650 1329 et
1665 1274 1750 1344 paulo
1775 1275 1828 1329 ilo-

1002 1359 1054 1400 ma
1070 1343 1188 1401 lundata
1212 1355 1264 1407 est,
1286 1353 1313 1401 et
1328 1347 1486 1402 constituta
1517 1346 1654 1402 Ecclesia.
1683 1346 1724 1401 hd
1753 1347 1826 1401 haiic

1001 1416 1075 1471 citlm
1093 1424 1207 1485 {tropici
1220 1419 1396 1485 potentiorem
1404 1418 1639 1487 principalitatem
1655 1429 1768 1471 necesse
1784 1423 1829 1471 esi

1002 1501 1112 1543 omnem
1128 1488 1279 1542 convenire
1292 1487 1458 1559 Ecclesiam,
1474 1489 1527 1544 hoc
1539 1495 1583 1544 est
1596 1502 1645 1543 eos
1661 1488 1712 1558 qui
1737 1487 1829 1542 undi-

1003 1572 1058 1628 que
1068 1565 1137 1613 sunt
1153 1558 1258 1613 iideles.
1274 1577 1287 1606 n
1302 1559 1370 1627 Qua
1382 1561 1467 1614 verba
1480 1560 1579 1615 irenai
1593 1560 1661 1614 dum
1678 1558 1829 1628 perpendit

1003 1630 1226 1683 P.Christiauus
1239 1631 1336 1696 Lupus
1350 1632 1486 1700 iprensis,
1500 1637 1529 1685 et
1543 1632 1572 1685 iii
1589 1630 1757 1685 lovaniensi
1769 1642 1830 1684 aca-

120 1700 239 1768 scripta
251 1701 378 1768 proxime
393 1706 454 1767 post
469 1700 558 1755 libros
568 1701 722 1755 canonicos
737 1701 765 1754 in
781 1699 948 1754 vetustissi-
966 1701 1096 1775 ssdemia
1110 1700 1219 1766 doctor,
1230 1707 1257 1755 et
1274 1700 1427 1768 professor,
1441 1702 1471 1756 in
1486 1702 1604 1757 notisad
1617 1701 1829 1756 Tertullianum

122 1771 337 1839 moexemplari
349 1770 698 1826 Alexandrinosaciurum
708 1768 945 1839 Eibliorumquod
1001 1772 1037 1826 de
1051 1771 1321 1838 praescriptionibus
1331 1779 1430 1826 contra
1442 1773 1592 1827 haereticos
1603 1773 1691 1839 capit.
1707 1769 1751 1837 36,
1765 1784 1827 1841 pag.

120 1841 237 1896 Theclae
251 1847 370 1896 vocant:
386 1841 470 1909 cujus
483 1841 627 1912 scriptura
641 1842 675 1896 ad
692 1849 823 1912 (quartum
839 1841 947 1895 tihristi

121 1913 264 1968 saculum
283 1913 415 1981 pertinet,
429 1921 460 1967 nt
475 1913 599 1968 ostendit
615 1914 644 1966 ll.
660 1912 689 1966 C.
701 1912 872 1968 Laurentius
885 1914 948 1966 Zac-

121 1983 257 2055 caguius,
273 1983 522 2039 consentientibus
534 1984 668 2039 eruditis.
683 1985 776 2039 Cortex
798 1983 831 2038 ad
850 1983 948 2038 Eccle-

122 2055 199 2109 siam
213 2054 434 2110 Alexandrinam
450 2069 515 2110 cum
532 2057 698 2125 pertineret,
723 2054 779 2110 tuit
801 2068 817 2108 a
840 2054 949 2124 Cyrillo

123 2127 230 2181 Lucari
244 2126 279 2179 ab
295 2126 344 2180 illa
355 2127 420 2180 sede
435 2126 469 2181 ad
482 2126 828 2195 constantinopolitanam
850 2133 950 2180 traiis-

122 2197 185 2251 lato
212 2205 345 2265 tanquam
377 2197 488 2267 insigne
512 2198 665 2252 donarium
686 2197 888 2253 transmissum
914 2196 947 2259 ad

120 2267 237 2339 anglia
260 2281 350 2339 regem
373 2269 505 2323 carolum
529 2269 664 2336 primuni,
687 2269 771 2335 cujus
794 2268 822 2322 lii
842 2267 950 2323 biblio-

123 2339 209 2394 theca
224 2338 342 2393 Londini
358 2340 531 2394 custoditur.
552 2339 700 2408 Specimen
716 2339 890 2394 characteris
905 2339 951 2394 si-

125 2409 284 2464 millimum
320 2411 516 2464 vetustissimo
545 2410 638 2465 codici
664 2410 810 2476 Vaticano,
827 2423 861 2465 ex
893 2422 950 2480 qno

122 2482 228 2535 sixtus
243 2483 263 2536 V
277 2481 434 2536 editionem
450 2483 575 2536 iliacam
597 2483 783 2607 septuaginta
804 2484 951 2549 interpre-

124 2550 323 2623 tumrulgavit
335 2553 544 2621 typiszannetti
555 2551 707 2608 ilonialiitt
728 2553 950 2621 curapponan·

126 2630 179 2678 tur
190 2622 275 2677 libris
286 2623 435 2678 canonicis
450 2622 782 2690 utriusqucTestai'nenti
797 2623 950 2679 Clementis

126 2707 209 2763 papa
222 2694 351 2763 epistula
364 2695 399 2749 ad
423 2695 591 2750 Corinthios
609 2694 695 2764 paulo
712 2692 786 2749 inira
814 2694 950 2763 indagare

124 2764 308 2821 conabimur.
326 2768 429 2820 Demus
443 2774 507 2820 ante
531 2781 565 2820 ex
585 2763 797 2832 prolegomenis
815 2765 950 2821 cotelerii

124 2839 162 2892 ad
180 2838 303 2905 priorem
320 2836 470 2905 epistolam
486 2837 622 2892 nonnulla
637 2837 797 2893 selectiora.

167 2930 179 2958 a
194 2908 272 2972 Cum,
292 2908 397 2977 inquit,
426 2922 605 2978 quacunque
624 2909 658 2963 de
676 2907 826 2977 epistolas
843 2909 870 2961 E.
885 2906 952 2962 Cle-

129 2985 224 3034 mente
241 2981 371 3033 Eomaiiac
391 2979 524 3033 Ecclesiae
545 2979 659 3034 nomine
678 2980 712 3034 ad
734 2979 951 3035 Corinthiorum

1001 1841 1064 1907 565,
1087 1844 1145 1896 hac
1160 1842 1272 1897 censuit
1286 1856 1348 1897 esse
1363 1843 1624 1898 animadvertenda.
1649 1861 1661 1893 a
1676 1843 1827 1912 Adiungit,

1002 1913 1105 1983 inquit
1128 1914 1217 1978 ipsam
1232 1914 1396 1982 (Ecclesiam
1414 1913 1578 1983 itomanam)
1590 1926 1652 1968 esse
1669 1914 1697 1967 in
1711 1913 1740 1967 in
1753 1913 1828 1981 dog-

1004 1991 1077 2039 mate
1092 1983 1286 2051 iniallibilem,
1297 1987 1504 2055 custodemque
1514 1984 1680 2053 acindicem
1696 1985 1825 2038 omnium

1002 2055 1228 2125 dogmatirarum
1246 2058 1515 2111 controversiarum.
1533 2055 1827 2122 edacitatemque

1003 2128 1134 2196 antiquis
1150 2127 1381 2182 testimoniorum
1397 2128 1533 2182 anchoris
1549 2125 1669 2182 inicitur
1694 2125 1826 2180 itomanae

1003 2197 1137 2253 Ecclesia
1150 2199 1301 2266 primatus,
1315 2205 1401 2268 atque
1414 2196 1724 2253 infallibilitaslrenao
1739 2195 1832 2265 siqni-

1003 2269 1078 2337 dem,
1094 2276 1122 2323 ct
1134 2270 1271 2339 Dionysio
1282 2271 1420 2325 contestis
1434 2266 1752 2324 acceditTertiillianus
1762 2266 1831 2321 lau-

1003 2338 1070 2395 dato
1092 2340 1213 2395 localia
1234 2341 1382 2395 scribens:
1412 2341 1441 2396 Si
1470 2347 1566 2395 autem
1590 2337 1681 2393 italia
1704 2337 1828 2405 adjaces.

1006 2411 1091 2466 habes
1118 2412 1270 2466 Romanam
1309 2410 1486 2480 (Ecclesiam)
1514 2411 1588 2465 unde
1614 2408 1698 2464 nohis
1716 2420 1830 2477 qaoque

1003 2483 1162 2537 auctoritas
1176 2489 1333 2552 prastocst
1344 2489 1462 2538 statuta.
1480 2482 1559 2537 i'elix
1575 2480 1713 2541 Ecclesia,
1730 2479 1778 2534 ciii
1792 2484 1829 2532 to

1005 2559 1061 2606 tam
1073 2553 1227 2607 doctrinam
1240 2553 1363 2622 apostoli
1377 2568 1443 2609 cum
1459 2553 1601 2635 sanguine
1624 2564 1678 2607 suo
1692 2548 1830 2618 prolude-

1005 2629 1087 2678 runt:
1101 2624 1150 2678 iibi
1164 2625 1263 2679 Petrus
1281 2626 1407 2693 passioni
1420 2625 1573 2681 Dominicis
1584 2624 1761 2692 adaquatos,
1780 2620 1828 2676 ubi

1006 2694 1111 2750 Paulus
1121 2696 1240 2750 ioannis
1253 2698 1333 2751 exitii
1348 2701 1513 2759 coronatus,
1525 2693 1574 2750 ubi
1585 2692 1735 2763 apostolus
1748 2694 1831 2747 ioan-

1006 2779 1056 2820 nes
1072 2775 1254 2836 posteaquam
1279 2769 1308 2822 in
1332 2768 1426 2824 oleum
1448 2768 1572 2835 ignitum
1588 2765 1736 2820 demersus
1756 2763 1829 2819 nihil

1008 2844 1173 2905 passusest,
1191 2839 1219 2892 in
1237 2838 1359 2893 insulam
1377 2837 1539 2908 relegaturl
1558 2856 1570 2886 ii

1042 2909 1140 2963 Totam
1167 2908 1274 2963 Christi
1304 2911 1464 2965 doctrinam
1493 2908 1528 2962 ab
1559 2906 1701 2962 abstolis
1737 2907 1829 2966 Petro,

1007 2978 1104 3047 Paulo,
1120 2986 1148 3034 et
1162 2980 1269 3034 ioanne
1284 2994 1347 3035 cum
1368 2981 1509 3049 sanguine
1524 2922 1669 3047 profusam
1686 2979 1716 3032 in
1732 2978 1828 3031 sinum

125 3050 284 3106 Ecclesiam
300 3052 408 3118 scripta
431 3048 551 3119 proterii
581 3050 750 3120 potuissent,
777 3049 835 3105 lere
855 3049 951 3105 omnia
967 3065 992 3127 C
1008 3051 1142 3106 Eomaiia
1160 3050 1291 3105 Ecclesiae
1307 3050 1380 3105 Petri
1407 3062 1587 3105 successores
1622 3056 1756 3118 tanquam
1783 3060 1831 3102 se-

127 3123 233 3190 paitim
248 3120 283 3174 ab
304 3121 433 3191 antiquis
446 3120 561 3188 tradita,
579 3123 681 3190 partim
702 3135 718 3176 a
741 3121 953 3176 recentioribus
1007 3127 1151 3191 qnestrcs,
1170 3127 1198 3174 et
1222 3120 1399 3190 promicondi
1416 3121 1485 3176 duni
1503 3118 1661 3189 proterunt.
1678 3120 1712 3173 ad
1740 3121 1832 3173 instar

126 3197 266 3259 occupata
286 3193 392 3247 luerint
408 3192 489 3260 ,rice
505 3192 694 3260 praelationis,
713 3193 952 3261 paucoduntaxat
1005 3193 1160 3247 Clementis
1182 3193 1270 3246 l‘rimi
1295 3193 1492 3260 poleaassimis
1517 3191 1615 3244 litteris
1641 3189 1827 3243 traditionum

126 3260 330 3317 adnotabimus
346 3264 379 3318 ad
392 3277 423 3317 ea
434 3268 558 3318 veterum
574 3264 759 3331 'Testimonia,
774 3277 837 3334 qua
852 3263 952 3317 nonni·
1006 3271 1189 3333 paternarum
1205 3263 1394 3321 contestibus.
1407 3267 1540 3317 exercent
1548 3261 1729 3330 patentiorem
1750 3260 1829 3312 iliani

127 3333 311 3403 hilscrupuli
327 3334 488 3405 legentibus
502 3334 745 3404 t‘orteinJ'icerent,
764 3335 820 3389 nisi
834 3346 951 3401 expone·
1007 3334 1095 3403 hujus
1122 3334 1255 3388 Ecclesia
1279 3333 1522 3402 principalitatem,
1558 3331 1594 3385 ab
1617 3332 1723 3385 irenaeo
1746 3330 1830 3385 toties

128 3411 241 3473 rentur,
261 3426 273 3453 r
288 3411 342 3460 etc.
364 3405 426 3460 rosi
440 3420 514 3473 quam
539 3406 677 3460 nonnulla
695 3406 836 3474 promovit
850 3405 949 3470 dubia,
1006 3419 1059 3476 agii
1075 3412 1143 3464 tam,
1155 3405 1193 3458 ad
1205 3421 1288 3473 quarn
1307 3419 1413 3458 neeesse
1427 3408 1466 3456 est
1485 3406 1625 3456 conuenire
1638 3405 1723 3454 totam
1734 3401 1830 3455 Eccle-

129 3476 289 3545 praseitim
304 3490 338 3532 ex
351 3477 440 3531 dictis
456 3477 581 3542 Eusebii,
606 3482 633 3532 et
656 3476 810 3532 Clementis
825 3475 952 3530 illexaii-
1006 3479 1086 3537 siam,
1100 3476 1148 3529 boc
1163 3481 1202 3529 est
1215 3491 1305 3530 ornnes
1316 3475 1496 3544 quiandique
1506 3478 1570 3527 suat
1579 3472 1681 3540 fideles.
1695 3471 1831 3526 Pluribus

128 3547 222 3613 drini,
239 3561 301 3616 qua
318 3561 443 3619 pugnare
468 3548 542 3603 inter
556 3562 587 3603 sc
603 3548 751 3603 nonnullis
776 3548 867 3603 videri
884 3561 952 3615 pos·
1007 3548 1034 3602 id
1048 3554 1195 3615 exponunt
1206 3547 1314 3601 laudati
1326 3547 1457 3601 doctores
1468 3558 1556 3599 sacra
1567 3543 1715 3598 facultatis
1725 3542 1832 3598 theolo-

129 3618 470 3688 sentillaitadissipat.
501 3621 594 3674 «Eam
614 3620 832 3690 repugnantiam
856 3617 949 3685 tolles,
1006 3619 1074 3690 gica
1091 3617 1261 3672 Parisiensis
1283 3616 1487 3672 Teuardentius
1503 3623 1530 3670 et
1544 3615 1579 3670 de
1594 3614 1620 3669 la
1642 3616 1736 3668 Earre.
1766 3615 1829 3695 lion

130 3690 158 3744 si
170 3689 292 3759 dixeris,
306 3698 424 3745 cunctos
440 3691 554 3759 quidem
570 3705 642 3759 opus
654 3691 813 3759 qepiistalam
827 3689 952 3744 clemen·
1006 3689 1194 3743 transcribam
1208 3688 1383 3759 hicintegras
1391 3687 1507 3758 paginas
1516 3684 1706 3751 Teuardentii,
1724 3683 1828 3753 quibus

131 3761 171 3815 tis
185 3776 194 3813 i
208 3762 243 3815 ad
260 3760 335 3830 Cor.)
354 3775 504 3832 agniivisse
521 3776 571 3830 pra
586 3762 721 3832 genuino,
746 3761 793 3816 sed
812 3774 866 3816 non
887 3774 952 3815 om·
1007 3760 1135 3815 illustrat
1160 3760 1292 3814 Enniana
1317 3758 1449 3814 Ecclesia
1465 3757 1648 3827 privilegium
1672 3755 1707 3809 ab
1727 3758 1833 3837 irenae

130 3844 182 3886 nes
194 3831 329 3887 habuisse
341 3847 389 3901 pro
404 3834 511 3901 scripto
524 3834 676 3888 canonico:
689 3833 826 3901 deprimo
842 3830 950 3886 nullam
1005 3831 1180 3886 celebratum
1194 3832 1230 3885 iis
1244 3831 1339 3886 verbis
1352 3830 1399 3885 lib.
1418 3843 1461 3897 iii,
1476 3842 1537 3898 cap.
1553 3826 1587 3883 3:
1604 3826 1829 3909 «sedquoniam

132 3909 237 3957 motam
255 3904 671 3972 antiquituscontroversiam;
688 3905 723 3959 de
742 3904 868 3959 secundo
890 3916 953 3957 mo-
1007 3903 1089 3958 valde
1128 3902 1243 3972 longum
1270 3908 1314 3957 est
1331 3902 1360 3957 in
1383 3902 1435 3957 hoc
1457 3899 1509 3954 tali
1531 3899 1677 3953 volumine
1702 3910 1830 3954 omnium

132 3979 200 4030 tam,
213 3973 280 4027 aliis
293 3981 371 4029 extra
384 3988 521 4030 canonem
541 3975 798 4045 pauentibusque
812 3974 955 4029 sententia
1009 3973 1201 4029 Ecclesiarum
1226 3986 1394 4029 enumerare
1417 3969 1623 4035 successiones,
1646 3969 1785 4034 maxima,
1804 3975 1833 4023 et

130 4044 446 4113 obtinuitaliisiiitra,
460 4052 746 4102 utauctorcanonum
760 4046 954 4115 apostolorum
1009 4045 1232 4114 antiquissima,
1247 4052 1275 4099 et
1304 4043 1439 4101 omnibus
1460 4042 1583 4113 cognita
1604 4053 1620 4095 a
1643 4039 1832 4111 gloriossimis

132 4128 241 4170 maone
254 4115 366 4184 ultimo,
380 4116 702 4185 proindequelorsan,et
716 4118 821 4189 qnleos
832 4130 955 4171 canones
1009 4116 1124 4172 duobus
1147 4117 1287 4184 apostolis
1309 4117 1390 4170 Petro
1412 4121 1440 4169 et
1464 4112 1552 4168 Paulo
1576 4114 1670 4167 Eoma
1694 4109 1830 4178 lucidata,

133 4186 163 4240 in
175 4199 296 4241 numeru
310 4199 456 4242 sacrarum
471 4189 686 4256 scripturarum
699 4190 821 4245 collocat
833 4190 955 4244 ioannes
1009 4195 1038 4242 et
1052 4188 1217 4242 constituta
1233 4186 1374 4254 Ecclesia,
1390 4198 1450 4240 eam
1465 4197 1551 4254 quam
1569 4181 1653 4238 habet
1665 4181 1700 4235 ab
1713 4188 1833 4250 aposto-

130 4258 336 4325 Damascenus,
353 4257 461 4326 quique
476 4259 956 4326 easdemadmittuntTrullaniepi·
1009 4258 1046 4312 lis
1064 4258 1247 4313 traditionem
1272 4266 1300 4313 et
1322 4257 1523 4313 annuntiatam
1549 4252 1717 4309 hominibus
1737 4252 1830 4321 iidem,

131 4328 224 4395 scopi.
237 4330 328 4398 litque
339 4328 427 4397 hujus
440 4331 953 4398 postremaopinionisdocumentum
1011 4343 1059 4398 per
1074 4330 1273 4385 successiones
1295 4331 1496 4398 episcoporum
1516 4327 1724 4395 pervenientem
1741 4337 1832 4406 usque

134 4397 954 4469 prabetantiquissimoscodexBibliorummanuThecla
1009 4401 1043 4455 ad
1072 4414 1133 4466 nos,
1159 4400 1319 4455 indicantes
1341 4398 1550 4456 conlaudemus
1574 4408 1672 4451 omnes
1696 4408 1754 4463 cos,
1781 4410 1830 4466 qui

132 4477 330 4536 exaratuses
352 4485 408 4540 quo
433 4474 496 4526 iiiia
517 4473 578 4526 ista
606 4473 734 4540 epistola
760 4452 1212 4542 prodierunt3unoquomodo
1231 4472 1274 4526 nel
1305 4485 1354 4541 per
1381 4473 1427 4525 sui
1460 4466 1628 4538 placentiam
1658 4465 1830 4528 malamiiel

132 4540 368 4610 quandoquidem
382 4555 430 4595 eas
444 4557 508 4598 cuni
525 4543 610 4598 libris
623 4545 693 4598 Nori
705 4543 876 4598 Testamenti
891 4557 956 4597 con·
1011 4554 1111 4597 ianam
1128 4543 1258 4612 gloriam,
1277 4544 1319 4596 vel
1344 4555 1393 4609 per
1412 4541 1580 4603 casitatem,
1608 4541 1636 4589 et
1652 4534 1754 4589 malam
1770 4549 1832 4591 sen·

128 4611 393 4680 junctissime.»
1012 4614 1130 4667 tentiam
1161 4618 1348 4680 preterquam
1373 4616 1486 4678 oportet
1514 4605 1740 4687 collimitat·
1757 4606 1830 4662 hanc

170 4683 198 4735 S.
217 4683 957 4755 irenausepiscopusLugdunensis,etmartyrmulto
1011 4685 1087 4738 enim
1102 4683 1256 4738 Ecclesiam
1268 4689 1381 4749 propter
1391 4679 1578 4749 potentiorem
1590 4677 1830 4759 principalitatem

132 4760 203 4807 ante
216 4753 383 4818 Eusebium,
397 4761 493 4821 utpote
506 4757 626 4826 aqualis
642 4757 777 4826 Dionysio
788 4757 958 4811 Corinthio·
1013 4767 1127 4809 necesse
1141 4762 1184 4808 est
1207 4765 1318 4808 omnem
1342 4752 1495 4806 convenire
1521 4748 1684 4813 Ecclesiam,
1713 4747 1766 4803 boc
1788 4757 1833 4804 est

134 4837 201 4878 rum
213 4837 359 4893 episcopo.
372 4839 427 4879 noii
439 4827 522 4882 modo
532 4827 628 4882 laudat
639 4827 792 4882 clementis
802 4825 956 4882 litterasad
1012 4825 1123 4892 eosqui
1140 4830 1209 4879 sunt
1224 4824 1353 4892 undique
1368 4821 1475 4882 fideles,
1491 4821 1520 4874 iii
1533 4832 1589 4889 qua
1601 4830 1713 4885 semper
1733 4818 1768 4873 ab
1784 4818 1831 4874 liis

132 4894 313 4955 Corinthios,
327 4896 374 4951 sed
391 4896 502 4951 easdem
518 4902 607 4967 vocat,
620 4900 823 4966 potentissimas
839 4899 954 4952 litteras.
1013 4895 1145 4965 quisunt
1168 4895 1295 4964 undique
1320 4905 1487 4948 conservae
1509 4897 1552 4945 est
1576 4902 1618 4953 ea,
1641 4902 1705 4957 qua
1730 4896 1773 4944 est
1795 4890 1832 4946 ab

131 4964 395 5035 Causamadjuncti
407 4969 475 5022 adeo
491 4969 653 5035 praestantis
667 4970 766 5024 retulit
777 4972 806 5024 in
817 4982 959 5023 commen·
1010 4966 1150 5034 apostolis
1166 4965 1295 5020 traditio.
1310 4981 1324 5013 r
1338 4964 1379 5018 hd
1394 4963 1462 5022 hac.
1490 4962 1618 5030 inquam,
1635 4958 1716 5013 rerba
1730 4961 1830 5016 irenai

133 5036 267 5092 tariisad
283 5051 350 5092 enm
364 5039 457 5092 locum
473 5040 500 5090 Ρ.
513 5041 730 5107 i'euardentins,
748 5055 835 5096 sacra
853 5039 958 5095 Tacui·
1013 5050 1068 5093 noii
1096 5036 1285 5091 transcribam
1314 5036 1433 5105 paginas
1468 5034 1610 5101 intregras
1633 5030 1830 5096 Teuardentii,

133 5108 207 5162 tatis
227 5109 400 5164 Parisiensis
424 5110 525 5164 doctor
549 5111 698 5182 theologus
721 5126 784 5236 pag.
799 5108 862 5178 aid,
878 5125 904 5165 n.
924 5107 957 5164 ta
1011 5107 1120 5179 quibus
1136 5106 1297 5162 luculenter
1312 5105 1438 5161 ostendit
1451 5104 1579 5172 undique
1597 5108 1738 5156 terrarum
1758 5116 1831 5158 coii-

131 5179 275 5234 editionis
286 5180 421 5235 Parisina
433 5178 510 5247 td39,
523 5181 600 5237 hisee
609 5183 739 5237 verbiszi
776 5185 956 5237 pientissimus
1011 5179 1139 5250 quisitus
1151 5178 1288 5248 exemplis
1300 5176 1501 5240 Ecclesiarum,
1517 5176 1684 5256 Tatium,·et
1699 5173 1834 5232 concilio·

133 5250 253 5304 litteras.
268 5252 339 5305 ilinc
355 5252 471 5306 observa
485 5254 635 5308 itomanam
654 5254 804 5309 Ecclesiam
820 5255 905 5310 etiam
921 5253 957 5306 ab
1012 5263 1075 5306 rum
1093 5263 1143 5318 per
1167 5251 1322 5316 ttrieiitem,
1344 5247 1534 5314 Occidentem,
1550 5245 1585 5299 ad
1610 5247 1774 5324 primatum,
1803 5252 1832 5300 et

134 5321 225 5376 initio
238 5322 437 5377 auctoritatem
449 5337 528 5377 suam
547 5325 753 5393 interposuisse
767 5326 796 5381 in
813 5327 958 5380 moderari·
1012 5324 1046 5378 ad
1062 5320 1223 5376 doctrinam
1237 5320 1395 5376 sedentium
1409 5319 1437 5374 in
1458 5318 1585 5375 Romana
1601 5317 1674 5396 Petri
1696 5313 1832 5372 cathedra

133 5393 184 5447 dis
197 5406 312 5461 quoque
325 5394 488 5448 Graecoruni
502 5394 639 5449 Ecclesiis
652 5411 658 5450 i
672 5398 746 5466 quod
764 5397 833 5451 adeo
844 5403 957 5466 gratum
1013 5405 1111 5450 omnes
1126 5391 1223 5446 lideles
1235 5391 1340 5447 Christi
1358 5388 1517 5445 necessario
1533 5396 1693 5442 convenire.
1707 5384 1737 5438 ln
1751 5398 1833 5468 com-

133 5459 585 5533 iuitillarnmepiscopis,uthic
598 5468 958 5532 commenioratamepisto·
1016 5462 1149 5535 pendium
1164 5463 1277 5533 redigit,
1303 5475 1334 5516 ea
1348 5474 1411 5529 qiia
1438 5461 1533 5516 insius
1559 5456 1609 5511 ille
1636 5466 1832 5540 prosequitur,

133 5535 193 5588 lani
221 5547 278 5588 non
302 5542 358 5588 tam
375 5535 540 5602 Clementis,
565 5552 648 5605 quani
678 5538 809 5592 Romana
825 5537 959 5591 Ecclesia
1013 5537 1085 5596 alter
1101 5533 1268 5587 Parisieiisis
1284 5531 1433 5601 theologus
1445 5531 1480 5586 de
1501 5531 1524 5584 la
1540 5529 1635 5586 Barce,
1652 5533 1691 5581 ita
1702 5528 1834 5610 ,scribens

134 5606 264 5669 nomine,
279 5619 331 5659 sua
343 5606 436 5674 ipsius
450 5608 594 5674 memoria,
613 5608 746 5675 plurimis
763 5608 790 5660 iii
822 5609 959 5662 Ecclesiis
1013 5609 1046 5668 qd
1064 5605 1221 5659 indicatum
1238 5604 1329 5659 locum
1356 5600 1568 5656 Tertullianide
1593 5601 1710 5654 Prascri
1730 5605 1751 5654 t.
1765 5602 1830 5657 adv.

136 5675 253 5744 publice
267 5675 367 5731 lectam
380 5679 486 5732 scribat
500 5679 644 5735 Eusebius
655 5679 706 5733 lib.
720 5693 753 5744 ιι,
769 5692 830 5748 cap.
845 5676 957 5733 tenisi.
1015 5683 1111 5738 haret.
1127 5689 1203 5731 num.
1217 5673 1262 5746 36,
1274 5674 1410 5731 editionis
1422 5672 1556 5727 Parisina
1572 5670 1674 5753 pagina
1687 5614 1740 5754 83¹:
1757 5674 1833 5728 Unde

135 5747 228 5802 Porro
249 5746 408 5817 fragmenta
426 5763 482 5804 nnii
502 5752 706 5806 contemnenda
723 5750 810 5820 hujus
830 5750 959 5821 epistola
1012 5754 1089 5807 nabis
1102 5749 1251 5802 auctoritas
1268 5750 1367 5815 prasio
1381 5749 1428 5799 est.
1452 5745 1511 5798 ‹iiii
1525 5754 1631 5812 cauere,
1644 5748 1748 5813 iuquit,
1763 5743 1831 5800 tidei
