3892 6136
117 214 186 272 4095

724 208 904 264 anastasii
927 205 1205 264 nihilonilncnltn

1756 205 1819 268 44496

118 334 214 387 Patres
228 329 362 386 Ecclesia
380 328 513 384 Romanae
534 327 674 396 pontilicii
696 339 861 395 supremum
886 327 938 395 ju·
953 327 982 385 Α
1032 327 1067 383 444
1090 328 1214 384 breviter
1233 328 1381 384 enuntiem
1402 327 1479 398 quod
1498 326 1606 396 sentio,
1629 337 1698 381 cum
1714 324 1821 381 rideam

116 403 225 458 dicium
239 400 380 457 detulisse
392 413 504 469 semper
527 404 614 453 testes
633 397 721 452 babeo
742 404 885 468 quotquot
907 410 939 452 ea

118 473 204 529 verba
219 472 401 540 interpretati
417 477 507 527 suni:
527 471 587 525 Tibi
602 469 671 522 dubo
691 469 779 522 claues
795 471 873 536 requi
885 485 940 522 cu-

116 544 215 610 lorum,
232 551 261 598 et
282 542 466 611 Quodcunque
478 542 616 608 liquaveris,
648 546 702 600 etc,
717 541 821 606 itopoui
836 555 888 609 pro
904 544 939 599 te,

117 622 148 669 ut
161 631 216 668 riou
232 615 340 683 deficiat
364 612 430 682 tides
444 619 501 666 tuo.
521 614 560 664 Tu
576 625 602 664 es
617 612 725 671 Petrus,
739 615 764 664 et
778 626 860 678 super·
870 610 941 663 barac

114 692 222 756 petram
252 685 390 753 edificabo
423 684 571 736 Ecclesiam
603 696 699 734 meam.
724 699 736 729 a
760 681 941 751 Augustinus

120 758 149 811 in
165 755 277 811 Psalmo
292 761 391 810 contra
402 758 508 822 partem
518 753 619 807 Donati
635 757 711 807 torno
724 750 758 805 l'l
770 750 829 822 (seu
847 750 942 820 potius

120 828 208 883 initio
224 827 293 882 tomi
317 825 401 895 vill:
429 844 441 873 o
465 826 533 878 item
558 829 673 877 enarrat
697 825 726 876 in
752 822 852 891 psalm.
876 835 942 876 ιιιιιι

115 899 309 968 chrysostom.
328 895 425 950 homil.
441 892 487 957 86,
504 908 536 950 ex
547 894 636 948 variis
652 893 724 948 locis
736 892 765 947 in
781 893 880 949 blattis
894 892 943 962 Cy·

118 970 239 1038 priamus
253 968 301 1022 lib.
330 979 369 1036 vr,
386 979 448 1034 cap.
465 963 499 1020 ts
516 966 544 1020 in
559 965 659 1020 ioann.
677 966 779 1018 Prater
794 968 844 1020 laos
856 963 943 1019 Theo

116 1041 235 1095 doretus
261 1035 354 1106 epist?
371 1038 406 1092 ad
428 1036 591 1099 Monachus,
616 1036 777 1104 Cyprianus
796 1035 881 1105 epist.
907 1030 942 1088 43

117 1109 298 1165 creberrime.
313 1111 344 1162 b.
363 1108 523 1176 hieronym.
539 1106 621 1173 epist.
636 1107 669 1161 ad
687 1107 872 1160 Eustochium
889 1119 942 1160 oc-

116 1180 306 1235 cidentalium
333 1178 529 1233 Ecclesiarum
557 1176 762 1242 dissensiones,
787 1176 938 1231 ueletiam

117 1251 260 1306 Ecclesiae
287 1252 365 1319 ipsas
398 1249 514 1303 Romam
548 1254 719 1312 contractas,
752 1252 779 1302 et
810 1253 940 1302 evocatas

116 1320 229 1390 scribit,
248 1327 280 1376 ut
292 1320 415 1375 Basilius
426 1320 511 1387 epist.
529 1316 574 1374 58.
590 1318 678 1374 Divus
691 1317 866 1373 Athanasius
881 1317 941 1372 ilie

116 1405 235 1463 ronymo
250 1392 410 1461 antiquior,
427 1397 455 1444 et
469 1403 535 1444 cum
550 1402 583 1443 eo
596 1389 686 1445 totius
697 1389 810 1460 Egypti
823 1389 939 1457 episco-

136 1464 156 1526 i,
174 1465 299 1518 Marcum
311 1460 500 1517 sanittasedis
515 1459 774 1542 apostolicamque
789 1460 941 1514 universa-

116 1480 154 1590 lis
181 1533 312 1590 Ecclesiae
341 1545 439 1601 papam
468 1537 617 1585 nominant
645 1532 730 1598 epist.
753 1530 786 1584 ad
814 1533 938 1584 llarcum

115 1619 228 1675 papam,
245 1610 430 1673 sanctamque
452 1602 516 1669 ejus
538 1601 632 1656 sedem
656 1608 783 1668 matrem,
798 1608 826 1656 et
853 1609 940 1670 caput

115 1677 244 1732 omnium
262 1673 451 1730 Ecclesiarum
464 1677 634 1743 agnoscunt,
652 1673 699 1726 cui
725 1685 788 1727 cum
805 1671 979 1742 omnibusss

115 1746 172 1803 sibi
183 1746 346 1802 commissis
358 1751 492 1812 perpetuo
502 1742 617 1798 futuros
632 1742 796 1799 obedientes
808 1742 938 1811 pollicen-

117 1824 174 1872 tur.
199 1819 231 1871 4).
258 1815 562 1888 Augustinus,contra
584 1813 728 1869 lulianum
757 1813 937 1882 Pelagianum

115 1889 277 1958 disputans,
291 1885 458 1942 suihcereei
470 1884 573 1940 debere
587 1885 669 1940 docet
689 1884 779 1940 solam
808 1887 938 1940 llomana

115 1959 247 2016 Ecclesia
261 1957 439 2021 sententiam,
456 1962 484 2010 et
508 1965 593 2011 serm.
608 1953 626 2009 8
644 1957 679 2011 de
701 1955 794 2012 verbis
810 1954 937 2024 ,apostoli

115 2038 215 2087 contra
229 2029 403 2085 Cresconiun
430 2026 481 2082 lib.
503 2040 621 2095 ni,cap.
643 2023 688 2096 34,
708 2027 742 2081 ad
758 2026 939 2097 Carthaginis

115 2101 281 2171 episcopum
306 2101 431 2155 Romano
450 2098 649 2167 pretermisso,
675 2111 821 2167 nunquam
838 2102 939 2152 orien-

115 2173 183 2228 talis
205 2171 347 2226 catholica
363 2169 512 2225 scriberet.
537 2167 659 2238 Optatus
677 2167 726 2223 lib.
741 2182 748 2222 ι
765 2170 793 2223 in
822 2169 938 2223 Parme-

116 2243 235 2298 nianum
263 2242 292 2296 in
308 2254 394 2296 causa
422 2240 648 2295 Donatistarum.
663 2239 807 2295 iudicium
832 2239 937 2309 inquit,

116 2312 259 2369 hiiltiadis
274 2325 351 2381 papa
366 2311 508 2366 sententia
531 2312 662 2366 clausum
678 2319 730 2365 est.
751 2312 940 2380 imperatores

44 2416 48 2425 ·
137 2397 231 2454 noque
244 2383 387 2438 cathedra
400 2382 531 2436 Romana
548 2382 740 2450 principatum
755 2388 935 2437 venerantur.

117 2400 337 2510 1l3rilentinianus
351 2450 368 2508 3
383 2451 503 2522 epistola
524 2455 559 2509 ad
575 2452 745 2508 Teodosium
771 2453 936 2521 juniorem

117 2528 277 2582 llartianus
293 2525 362 2594 imp.
377 2524 411 2578 ad
422 2525 541 2578 Leonem
558 2523 936 2593 papam31ustioanusimp.

116 2606 207 2653 const.
222 2595 325 2652 norell.
347 2593 407 2657 i3l,
426 2595 530 2649 summi
547 2594 732 2662 pontiiicatus
744 2593 850 2662 apicem
863 2594 937 2662 apud

113 2667 274 2724 Romanum
288 2666 450 2735 poirtihcem
470 2677 532 2719 esse
546 2677 628 2718 nemo
644 2664 752 2734 estqui
772 2663 893 2719 dubitet.
909 2667 937 2718 ln

116 2738 238 2794 concilio
258 2734 482 2791 chalcedonensi
506 2736 635 2789 omnium
662 2735 859 2804 episcoporum
883 2748 936 2790 vox

996 398 1146 468 epistolam
1167 401 1287 525 frimam
1301 398 1456 455 Clementis
1467 398 1503 453 ad
1518 394 1693 453 Corinthios
1710 395 1750 450 ita
1762 410 1821 450 ser-

996 477 1098 536 vatam,
1119 476 1148 525 et
1179 477 1268 525 eciam
1291 469 1366 539 apud
1390 483 1452 524 com
1475 468 1555 525 iures
1575 466 1736 534 Ecclesias,
1755 467 1820 521 etiu

995 541 1202 610 antiquissimo
1216 541 1268 596 illo
1291 540 1391 596 codice
1406 483 1566 595 bibfiorum
1578 540 1748 607 appositam
1763 544 1823 606 post

996 610 1088 666 libros
1102 612 1257 667 canonicos
1277 624 1333 667 una
1355 624 1421 666 cum
1435 611 1582 676 secunda;
1607 609 1747 678 suspicor
1764 621 1832 663 esse.

996 682 1188 751 signaculum,
1205 696 1261 752 quo
1284 682 1405 737 traditio
1431 681 1592 751 apostolica
1613 678 1822 735 tirmareturde

997 749 1821 821 numerolibrorumdivinaScripturaeorumquelectio·

996 836 1031 878 ne
1041 823 1197 893 approbata
1211 843 1218 878 ι
1232 836 1288 879 non
1299 837 1382 879 secus
1394 836 1426 878 ac
1435 822 1541 879 saccio
1555 827 1662 892 quarto
1674 820 1821 876 desinente

996 894 1109 948 Damasi
1124 908 1201 963 papae
1215 895 1319 950 littera
1328 894 1420 949 sacris
1433 893 1536 949 bibliis
1550 893 1659 962 apponi
1676 899 1822 960 coeperunt

996 978 1060 1020 cum
1078 965 1158 1034 prolo
1179 966 1237 1020 oli.
1252 966 1427 1034 lileronymi,
1440 964 1613 1034 apostolicis
1628 963 1746 1018 Damasi
1758 965 1820 1032 jus·

996 1035 1130 1090 sionibus
1143 982 1271 1092 obsecuti
1289 1041 1316 1091 ln
1332 1037 1516 1091 restitutione
1529 1047 1675 1117 germana
1692 1033 1820 1088 lectionis

996 1106 1090 1162 divini
1106 1114 1218 1162 textus:
1236 1107 1466 1178 nequealiterac
1477 1106 1562 1161 hodie
1579 1105 1612 1160 ilt
1623 1105 1729 1173 posis.
1744 1106 1818 1158 Pium

996 1175 1060 1232 Pet
1074 1176 1245 1233 Clementem
1260 1179 1316 1233 lllll
1336 1178 1486 1247 pontilices
1502 1178 1656 1239 maximos,
1680 1188 1748 1230 curn
1770 1187 1819 1243 ap-

997 1248 1121 1317 probata
1136 1248 1268 1305 lectionis
1278 1249 1399 1304 editioni
1415 1250 1581 1304 eorumdem
1596 1247 1705 1302 litterae
1729 1245 1819 1315 prai-

995 1328 1112 1389 guntur.
1136 1320 1317 1375 ostendentes
1341 1319 1492 1374 catholice
1512 1318 1652 1374 Ecclesia
1677 1330 1815 1372 summum

995 1387 1817 1446 sacerdotemtradereildelibusuriirersiseoslibroseam-

994 1460 1115 1530 demque
1131 1461 1291 1526 lectionem,
1306 1475 1389 1533 quam
1409 1463 1470 1530 ipse
1486 1476 1503 1515 a
1527 1462 1592 1517 suis
1605 1458 1817 1527 decessoribus,

996 1530 1045 1586 isti
1070 1545 1104 1587 ue
1124 1532 1159 1586 ab
1171 1533 1311 1601 apostolis
1332 1541 1512 1601 acceperunt.

1029 1546 1180 1658 Offiservari
1198 1610 1289 1671 potest
1305 1604 1333 1658 in
1351 1605 1445 1672 priore
1463 1603 1512 1659 illa
1525 1601 1688 1658 Clementis
1701 1599 1817 1670 epistola

994 1674 1115 1798 produci
1131 1675 1296 1729 testimonia
1311 1680 1340 1730 et
1353 1675 1524 1730 documenta
1537 1688 1571 1728 ex
1584 1673 1720 1744 singulis
1738 1670 1819 1728 ierne

1008 1742 1081 1798 ibris
1097 1746 1205 1800 Veteris
1229 1746 1412 1810 Testamenti,
1433 1758 1542 1800 necnon
1570 1758 1606 1800 ex
1629 1743 1700 1799 novi
1725 1743 1820 1798 lash-

995 1816 1081 1870 menti
1106 1816 1246 1884 partibus:
1281 1830 1344 1886 qua
1367 1817 1416 1872 illa
1436 1823 1519 1872 atate
1551 1815 1737 1884 prodierant.
1760 1826 1818 1869 eum

994 1886 1120 1941 nondum
1137 1888 1303 1956 scripsisset
1319 1887 1504 1959 Evangelium
1519 1889 1648 1942 ioannes
1663 1884 1817 1955 apostolus,

994 1969 1086 2026 neque
1098 1959 1309 2028 hpiocalypsim.
1333 1958 1482 2030 Collrgunt
1496 1959 1575 2013 enim
1591 1956 1683 2012 illius
1696 1955 1818 2026 epistole

993 2027 1118 2084 editores
1129 2029 1224 2084 datam
1238 2029 1338 2099 luisse,
1351 2030 1392 2084 vel
1410 2029 1495 2099 paulo
1508 2035 1668 2099 antequam
1690 2029 1819 2083 llieroso-

994 2097 1102 2168 lymaa
1118 2101 1182 2155 Tito
1197 2106 1441 2171 expugnarentur,
1464 2107 1560 2156 stante
1581 2099 1683 2155 adbuc
1708 2096 1816 2167 templo,

993 2169 1035 2224 uel
1048 2183 1103 2225 non
1121 2171 1159 2225 ita
1176 2172 1266 2226 multo
1284 2179 1367 2240 post,
1384 2172 1571 2242 Evangeiium
1591 2183 1663 2225 vero
1679 2176 1709 2224 et
1721 2170 1817 2238 apoca

994 2240 1097 2309 lypsim
1121 2243 1215 2297 serius
1228 2243 1354 2298 edidisse
1368 2244 1502 2297 irtaronem
1520 2247 1674 2296 testantur
1686 2254 1753 2296 cum
1764 2239 1818 2295 ilie

993 2324 1111 2380 ronymo
1125 2314 1296 2382 interpretes
1311 2314 1439 2369 universi
1457 2331 1462 2368 :
1480 2312 1553 2368 illud
1566 2312 1687 2368 scilicet
1701 2316 1766 2380 post
1777 2323 1817 2365 ua·

993 2388 1049 2436 tam
1061 2383 1190 2438 Cerinthi
1210 2385 1351 2452 baeresim,
1369 2384 1441 2439 hanc
1457 2397 1521 2439 uero
1536 2391 1599 2453 post
1612 2396 1727 2438 annum
1743 2393 1817 2451 quar-

994 2460 1053 2507 turu
1070 2454 1212 2509 decimum
1226 2456 1395 2511 Domitiani.
1412 2456 1505 2524 Quare
1520 2468 1555 2509 ex
1571 2455 1656 2508 hisce
1670 2453 1816 2522 postremis

994 2524 1126 2592 partibus
1147 2526 1216 2581 Novi
1240 2526 1365 2582 Foederis
1389 2527 1513 2581 nondum
1538 2525 1632 2581 editis
1657 2524 1816 2581 testimonia

995 2593 1121 2662 proierre
1134 2609 1188 2650 non
1206 2604 1315 2667 poterat
1328 2597 1379 2652 illa
1391 2597 1511 2666 epistola
1527 2596 1680 2651 maturius
1696 2594 1816 2666 perseri-

995 2672 1050 2732 pta.
1064 2668 1105 2721 Ex
1119 2670 1231 2723 caeteris
1246 2682 1311 2723 vero
1327 2668 1411 2723 libris
1424 2667 1575 2722 canonicis
1595 2665 1659 2723 iere
1678 2666 1817 2723 universis

993 2735 1054 2792 loca
1071 2738 1194 2793 indicari
1217 2739 1362 2809 comperio
1384 2739 1557 2795 innumeris
1578 2739 1668 2808 iusta
1689 2735 1816 2795 mouerit

57 2802 59 2807 ’
115 2816 169 2877 est,
184 2820 296 2865 omnem
311 2807 474 2876 primatum.
489 2811 518 2859 et
537 2804 669 2860 honorem
688 2805 861 2874 precipuum
878 2806 938 2861 iio-
991 2808 1147 2864 editionem
1158 2811 1197 2864 ita
1210 2810 1369 2866 distinctis.

116 2895 199 2936 mano
214 2878 347 2949 episcopo
357 2877 466 2932 deberi.
484 2879 607 2931 irenaeus
621 2876 670 2931 lib.
689 2890 731 2943 ιιι,
745 2889 807 2945 cap.
821 2875 847 2943 3,
864 2890 938 2946 apo-

115 2952 199 3008 stolis
212 2947 383 3005 docentibus
395 2947 466 3002 illud
479 2947 542 3002 viva
556 2960 621 3002 voce
633 2955 780 3016 acceptum
793 2948 933 3015 prodidit:

115 3036 223 3091 omnes,
241 3019 345 3089 inquit.
370 3018 561 3073 Ecclesiarum
576 3031 755 3073 successores
769 3032 974 3102 enumerares]

114 3096 161 3149 lon
184 3106 230 3150 um
255 3096 307 3146 est.
338 3091 469 3145 Romana
502 3089 633 3144 Ecclesia
662 3089 744 3144 iidem
775 3089 936 3145 indicantes

116 3109 322 3220 conzundimus
335 3174 384 3216 eos
399 3161 449 3231 qui
463 3173 591 3216 seorsum
605 3160 748 3230 coliigunt
760 3177 767 3214 ι
784 3168 870 3231 atque
883 3167 938 3218 sta·

116 3236 175 3299 tim,
192 3235 226 3289 ad
244 3234 316 3288 hauc
330 3232 407 3288 enim
429 3231 582 3287 Ecclesiam
609 3237 724 3300 propter
749 3232 935 3301 potentiorem

116 3305 358 3377 principalitatem
383 3316 499 3358 necesse
513 3309 556 3357 est
580 3315 691 3358 omnem
719 3303 872 3358 convenire
887 3317 937 3358 ec-

114 3377 241 3442 clesiam,
263 3375 349 3430 idest
369 3374 481 3443 eosqui
503 3379 572 3428 sunt
587 3375 715 3444 undique
731 3373 836 3428 lideles.
852 3375 892 3429 lid
904 3387 937 3430 ea

115 3450 199 3505 verba
211 3447 314 3502 doctus
327 3445 533 3500 Penardentius
547 3445 641 3499 leniuit
656 3444 756 3500 catulo
771 3459 816 3500 um
837 3445 938 3502 Eccle-

114 3515 936 3586 siarumGallica,italica,llispanica,hngllr.a,scotica,

113 3590 285 3656 hibernica,
308 3587 494 3655 Germanica,
525 3587 664 3652 Gothicae,
691 3586 864 3647 Sarmatica.
885 3600 938 3644 ea-

117 3675 238 3733 rumque
253 3658 448 3726 orientalium,
461 3665 521 3714 tum
532 3657 711 3714 australium
726 3659 938 3730 Carthaginen-

115 3733 165 3802 sis,
189 3731 358 3794 Numidica,
380 3729 587 3797 Mauritanica,
614 3729 787 3798 llipponica,
811 3729 935 3797 asiana,

114 3804 252 3868 Arabica,
268 3800 458 3856 orientalium
469 3800 582 3854 denium
593 3798 727 3864 Cesarea,
743 3800 935 3870 Cappadocia,

116 3873 277 3937 Phoenicia,
300 3869 398 3938 Syria,
423 3869 574 3935 Armeniae,
599 3870 690 3937 l'onti,
714 3870 845 3937 Galatia,
880 3873 937 3941 Ly-

114 3945 179 4013 dia,
198 3942 337 4012 Phrygia,
367 3939 490 3994 Pisidia.
520 3940 706 4009 Pamphylia,
726 3942 850 4005 isauria,
874 3956 937 4012 qua

63 4080 66 4087 ¹
116 4028 225 4071 omnes
242 4009 369 4068 utrerbo
396 4009 503 4075 liniam,
521 4012 731 4067 controuersias
757 4012 822 4068 iidei
847 4013 937 4067 remi·

115 4086 188 4140 sisse
203 4085 236 4139 ad
258 4081 332 4137 Petri
355 4094 536 4136 successores
559 4082 695 4150 ostendit,
717 4083 765 4138 cui
794 4097 858 4138 curn
883 4083 938 4139 Sa-

116 4160 261 4212 cramento
284 4150 430 4207 fidelitatis
452 4152 609 4220 praestitere
627 4152 830 4208 obedientiam.
858 4154 939 4210 ileli-

116 4239 173 4297 qoa
189 4230 264 4293 petet
275 4221 398 4347 ιιίιίἱοιε
412 4220 501 4277 lector
525 4235 560 4277 ex
575 4223 719 4276 hierarch.
735 4224 869 4280 Ecclesia
887 4224 935 4279 nl-

115 4296 188 4355 berti
202 4293 294 4366 Pighii
310 4293 330 4347 li
354 4333 360 4345 .
384 4305 421 4353 ιιι.
438 4306 499 4361 cap.
516 4290 543 4361 8,
569 4300 597 4348 et
620 4292 758 4362 hiphons.
774 4295 877 4364 script.
906 4297 935 4350 in

114 4368 185 4424 dict.
209 4378 280 4435 papa
304 4361 346 4420 44.
363 4370 391 4418 et
410 4363 580 4431 Stapletonii
610 4367 783 4434 controvers,
806 4379 868 4435 cap.
891 4363 934 4435 ii,

116 4439 165 4495 lib.
180 4451 220 4492 vr.
234 4437 309 4491 idem
326 4434 444 4506 Pighius
463 4435 725 4490 controversiarum
742 4425 975 4493 llatisbonen-D

115 4511 192 4567 sium
212 4513 340 4564 controv.
363 4503 406 4573 46,
419 4504 559 4561 melchior
580 4505 675 4560 Canus
690 4506 740 4562 lib.
758 4520 786 4562 vi
806 4507 934 4565 locorum

114 4579 322 4638 communium.
339 4596 354 4626 ι
372 4582 427 4633 etc.

151 4654 214 4707 Hac
225 4663 288 4706 esse
304 4648 486 4704 memoranda
505 4647 605 4703 censui
622 4661 656 4703 ex
680 4648 755 4705 dela
769 4650 936 4707 Barrebre-

116 4724 224 4780 viatore
239 4720 361 4776 iusioris
375 4719 478 4788 scripti
492 4718 673 4775 feuardentii
690 4721 718 4774 in
733 4720 880 4777 laudatum
895 4722 936 4776 lo-

115 4809 178 4851 curn
193 4794 220 4850 S.
234 4792 341 4850 lreuaei,
354 4800 386 4846 ut
396 4791 453 4846 vim
466 4789 544 4845 uerbi
551 4793 710 4858 potentio-ris
716 4793 935 4862 principalitatis

114 4877 283 4936 exponerem
295 4864 427 4918 Romanae
439 4862 581 4928 Ecclesia,
591 4868 620 4916 et
628 4865 879 4930 potentissimorum
894 4864 932 4918 lit

114 4945 234 4993 terarum
246 4934 273 4990 S.
289 4934 443 4988 Clementis
456 4934 541 5002 primi
553 4933 587 4987 ad
596 4932 773 5002 Corinthios,
786 4934 834 4989 liic
844 4947 935 4989 neces·

114 5009 192 5065 sario
218 5004 429 5071 attendendam,
447 5009 479 5058 ut
504 5002 620 5059 lucilius
634 5017 861 5073 assequeremur,
882 5020 935 5060 cur

113 5081 177 5136 dua
192 5076 300 5134 illaad
325 5075 524 5131 Corinthiosa
550 5074 692 5129 Clemente
719 5076 792 5131 data
818 5077 934 5132 nomine

114 5150 248 5206 Ecclesia
277 5148 409 5202 itomana
432 5145 566 5199 dieantur
591 5144 750 5214 catholica,
777 5151 806 5202 et
819 5147 855 5201 ab
874 5147 937 5202 ali·

116 5221 222 5290 quihus
233 5224 338 5290 putata
350 5217 410 5271 sint
421 5215 831 5286 intercanonicasscripturas,
844 5225 873 5274 et
882 5232 934 5274 cur

116 5291 145 5345 in
158 5290 363 5361 antiquissimo
376 5286 531 5354 exemplari
552 5297 698 5341 sacrorum
719 5287 875 5345 bibliorum
893 5289 935 5344 li-

116 5361 177 5417 bris
195 5359 346 5417 canonicis
365 5358 436 5412 Novi
455 5357 627 5412 Testamenti
648 5357 715 5412 sola
743 5360 904 5416 subdantur
924 5380 930 5415 :

115 5434 185 5486 adeo
199 5440 230 5487 ut
245 5431 317 5487 liber
327 5432 381 5484 iste
394 5427 580 5496 Pontiilcalis,
593 5428 644 5499 qui
659 5428 689 5483 in
702 5430 780 5485 Petro
790 5433 932 5488 recensuit

45 5516 51 5527 ι
116 5500 206 5556 libros
216 5502 369 5557 canonicos
383 5499 453 5554 Novi
469 5499 640 5554 Testamenti
658 5500 749 5567 ipsius
762 5503 932 5559 auctoritate

115 5577 274 5639 contextos,
287 5579 314 5626 et
331 5570 473 5639 probatos,
489 5569 518 5623 iu
533 5570 676 5625 Clemente
689 5571 791 5653 seligat
806 5573 932 5628 nomina-

113 5642 165 5698 tim
180 5654 214 5695 ex
230 5640 363 5710 pluribus
381 5642 475 5710 ipsius
487 5639 622 5708 operibus
637 5640 772 5697 indicatis
786 5642 859 5698 duas
873 5645 931 5715 epi·

114 5712 213 5782 stolas,
230 5715 265 5768 de
280 5709 387 5781 quibus
399 5717 443 5767 est
453 5710 537 5768 nobis
551 5723 645 5766 sermo
657 5710 843 5770 claudendus.

1168 2919 1212 2971 Ea
1227 2918 1306 2972 libris
1324 2918 1427 2972 Veteris
1449 2919 1642 2971 Testamenti:

1061 3022 1202 3149 Geanqeseos
1211 3023 1283 3079 liber
1294 3024 1422 3080 occurrit
1434 3037 1511 3080 num.
1524 3020 1551 3093 4,
1570 3022 1598 3092 6,
1611 3019 1641 3091 9,
1658 3020 1704 3094 46,
1717 3020 1761 3093 Π,
1773 3019 1815 3092 bi,

1135 3136 1142 3162 ,
1156 3101 1210 3150 ete.

1062 3167 1177 3221 Euodus
1192 3180 1270 3221 uum.
1285 3164 1312 3235 4,
1330 3163 1372 3235 li,
1392 3164 1437 3222 54.

1062 3237 1206 3292 Leviticus
1223 3237 1369 3293 indicatur
1384 3250 1462 3292 num.
1476 3232 1521 3290 32.

1062 3308 1178 3362 Numeri
1195 3306 1221 3377 4,
1237 3305 1279 3371 lt,
1293 3307 1338 3375 29,
1355 3305 1399 3371 l3,
1415 3306 1459 3363 54.

1063 3379 1305 3435 Deuterononium
1321 3378 1349 3450 3,
1362 3377 1406 3449 29,
1418 3376 1463 3446 34,
1479 3375 1525 3434 53.

1061 3449 1146 3503 losue
1161 3447 1202 3504 48.

1061 3520 1195 3576 iudicum
1208 3527 1236 3576 et
1251 3522 1337 3577 nuth.

1062 3590 1274 3662 Regumletll,
1287 3607 1366 3648 num.
1381 3590 1418 3660 43

1169 3664 1205 3718 lll
1218 3669 1246 3718 et
1261 3665 1304 3729 lV,
1320 3678 1399 3720 nurn.
1413 3661 1460 3720 34.

1063 3732 1312 3803 Paralipomenon.

1063 3804 1159 3859 Esdra
1171 3808 1182 3861 l
1192 3812 1220 3861 et
1232 3808 1266 3861 ll.

1062 3874 1166 3930 Tobia.

1062 3946 1162 4021 iudith
1175 3945 1220 4003 55.

1061 4016 1164 4073 Esther
1176 4017 1222 4074 55.

1060 4086 1475 4161 mammam&

1061 4158 1165 4214 Psalmi
1181 4158 1223 4229 44,
1240 4157 1282 4226 45,
1298 4158 1342 4228 46,
1358 4158 1403 4231 48,
1417 4159 1462 4231 35,
1476 4159 1522 4232 36,
1539 4159 1585 4231 46,
1601 4159 1649 4234 48,
1661 4160 1709 4231 50,
1721 4157 1815 4231 5856.

1064 4230 1215 4285 Proverbia
1228 4229 1270 4299 44,
1286 4231 1329 4302 tl,
1343 4229 1388 4288 57.

1062 4301 1249 4358 Ecclesiastes
1263 4301 1308 4359 344.

1062 4371 1178 4427 Cantica

1061 4442 1215 4512 Sapientia
1229 4442 1255 4509 3,
1271 4442 1316 4499 ai.

1061 4513 1256 4570 Ecclesiastici
1273 4514 1299 4570 9.

1060 4585 1141 4639 isaia
1153 4583 1179 4654 3,
1192 4585 1220 4653 8,
1236 4584 1279 4647 43,
1295 4583 1338 4655 44,
1354 4584 1397 4655 46,
1413 4584 1458 4652 34,
1472 4584 1515 4642 50.

1060 4656 1188 4711 teremia
1198 4655 1226 4723 8,
1244 4655 1286 4712 43.

1059 4726 1181 4782 Barueh.

1061 4798 1220 4854 Ezechielis
1229 4795 1257 4868 8,
1272 4796 1317 4854 89,

1060 4867 1256 4925 Dianielisili.

1061 4940 1111 4993 Xll
1127 4941 1227 5012 Proph.
1246 4941 1318 4996 min.
1332 4936 1361 5011 7,
1377 4938 1422 4996 23.

1060 5011 1285 5067 blachabaorum
1298 5012 1325 5066 E.

1180 5118 1224 5170 Ec
1242 5119 1320 5172 libris
1339 5119 1409 5173 Noai
1433 5121 1611 5174 Testamenti.

1060 5223 1186 5279 llattbai
1198 5219 1242 5293 ai,
1255 5222 1299 5280 46.

1059 5296 1145 5349 lilarci
1161 5292 1204 5351 46.

1062 5367 1141 5421 Luca
1154 5364 1197 5422 46.

1057 5437 1119 5491 Act.
1134 5437 1256 5506 apostol.
1273 5435 1315 5492 48.

1060 5507 1141 5562 Pauli
1155 5509 1276 5578 epistola
1291 5510 1325 5564 ad
1342 5508 1422 5563 Rom.
1436 5506 1481 5578 30,
1494 5506 1540 5564 3¹5.

1055 5576 1672 5650 mmmmmffiQQstffl

1055 5649 1098 5704 nd
1113 5650 1177 5705 Cor.
1188 5652 1313 5707 secunda
1326 5648 1372 5722 30,
1384 5647 1429 5707 35.

1055 5719 1096 5774 hd
1112 5720 1252 5790 Ephesios
1265 5719 1308 5777 46.
