3892 6136
441 296 602 354 HISTORIA
620 299 666 353 DE
686 296 772 353 vlits
790 296 874 352 hott.
896 298 994 353 ΡΟΝΤ.
1011 325 1046 341 ·-
1065 300 1093 353 S.
1115 301 1254 359 l’ETllUS.
1632 309 1700 372 1034

98 436 113 484 ι.
130 423 246 494 quoties
266 423 407 481 diaconus
422 426 457 480 ab
472 426 606 496 episcopo
625 429 780 481 reseratum
794 429 822 479 et
833 437 862 495 Α
876 422 930 478 bus
944 422 995 479 illa
1009 425 1148 481 indicatio
1163 434 1286 495 aptetur.
1298 428 1339 483 hd
1357 430 1414 484 hacc
1429 430 1496 499 quis
1509 446 1633 503 unquam
1647 452 1699 493 vo-

98 492 167 550 bone
186 494 301 563 lectum,
319 495 438 566 perferri
466 496 570 553 iterum
592 496 657 552 ade
679 496 818 565 iscopum,
875 496 983 551 caverit
996 503 1097 551 metam
1111 504 1161 553 aut
1171 498 1334 567 sepulcrum
1346 500 1501 569 Scipionis,
1513 511 1564 559 aut
1578 509 1699 576 pyrami·

98 565 166 621 lead
181 567 330 623 archivum
345 567 537 638 apostolicum
562 582 611 639 per
628 583 662 624 su
704 568 820 622 iaccnos
874 567 936 621 dem
947 567 1059 622 Cestii?
1075 568 1175 623 Rideat
1191 570 1292 626 merito
1312 570 1400 627 lector
1415 578 1471 626 tam
1489 574 1612 643 ineplarn
1627 577 1700 632 desi·

98 636 175 693 arios
188 646 312 694 curaret.
874 638 1048 703 gratiorem,
1062 653 1145 706 «ruam
1154 654 1239 696 aures
1251 642 1298 696 vix
1315 641 1388 698 lerre
1400 650 1530 712 possunt,
1542 658 1699 718 eorumque

98 721 123 763 rx
141 708 314 778 Mazarinus,
332 715 394 765 uta
414 710 546 766 Fahrotto
563 710 715 776 discimus,
733 707 818 764 relert
873 708 1084 779 stupiditatem,
1097 711 1146 780 qui
1160 719 1311 783 utriunque
1323 720 1423 769 metam
1437 716 1509 770 circi
1525 729 1579 771 non
1592 718 1700 774 intelli-

98 778 205 835 tionem
218 781 281 835 Lini
295 785 323 836 et
344 780 416 837 Cleti
431 783 465 838 ad
480 783 687 852 episcopatum,
702 785 734 836 ut
748 793 817 850 pos·
873 782 1075 847 gantesseduo
1085 790 1210 837 extrema
1222 784 1349 852 eiusdem
1362 786 1452 854 spinae
1463 786 1534 843 circi
1547 788 1695 845 Vaticani:

98 849 204 906 ‚obicio
218 853 388 908 sacerdotali
411 854 555 922 implendo
575 855 687 909 Petrum
698 853 814 921 jurare:
873 849 948 905 iuter
958 865 1021 921 puae
1036 853 1135 908 Petrus
1151 855 1229 908 cruci
1241 854 1344 911 alllxus
1357 864 1401 911 tro
1423 871 1494 911 aum
1508 859 1698 916 erexltchri-

98 934 107 977 ι
126 922 239 978 scilicet
250 924 451 994 episcoporum
474 925 622 980 ordinatio
643 924 814 994 contigeret,
871 921 973 977 stianae
996 922 1157 995 religionis,
1178 926 1386 983 aTertulliano
1405 928 1574 1000 indicatum,
1597 931 1697 989 stire-

101 1007 127 1048 m
153 1000 213 1048 tum
230 1009 279 1063 per
295 1002 352 1051 tres
366 996 515 1065 episcopos
532 995 628 1066 peragi
652 994 748 1064 cupit,
772 994 815 1049 uti
871 999 1039 1061 quentatum
1051 998 1307 1066 perseptemdecim
1322 998 1451 1054 surculae
1465 1000 1540 1055 Petri
1558 1005 1695 1074 martyrio

98 1069 155 1120 tex
175 1078 284 1122 canone
304 1069 379 1122 inter
392 1068 567 1137 apostolicos
583 1064 594 1120 l
602 1107 607 1119 .
630 1067 710 1122 Unde
729 1065 814 1120 ctiam
869 1064 903 1117 ιιΙ
922 1071 1047 1120 nostram
1063 1074 1172 1122 aetatem
1198 1068 1256 1138 piis
1270 1071 1551 1142 peregrinationibus
1563 1075 1692 1130 omnium

98 1141 161 1191 aest
176 1144 257 1192 vetus
267 1139 443 1195 consuetudo
455 1136 816 1194 Ecclesiaellomanseadhi-
869 1136 1029 1191 nationum.

98 1208 238 1277 cpiscopos
260 1209 488 1271 suburbicarios,
505 1211 554 1281 qui
568 1210 725 1265 etiamnum
742 1220 815 1264 con·
905 1207 990 1261 lineo
1005 1204 1048 1263 ⁴3.
1063 1239 1100 1249 —
1121 1211 1170 1265 ilic
1184 1212 1250 1277 feeit
1273 1212 1470 1277 ordinationes,
1495 1218 1548 1270 etc.
1566 1215 1693 1272 Ordina-

98 1285 117 1335 tt
135 1280 211 1334 sacri
232 1281 424 1338 cardinalium
445 1282 560 1353 collegii
586 1289 693 1351 partem
711 1280 814 1349 prima·
869 1277 963 1333 tiones
974 1278 1064 1335 hocin
1076 1279 1150 1337 libro
1164 1285 1486 1354 memorataepertinent,
1500 1286 1691 1353 utidiximns,

98 1350 211 1406 lidetur
229 1357 323 1407 autem
346 1353 540 1422 apostolorum
560 1353 694 1421 Princeps
709 1364 813 1406 nume·
867 1349 901 1403 ad
911 1349 1066 1406 Ecclesiam
1079 1352 1416 1412 itomanamtlurautem
1426 1357 1561 1413 ordinum
1573 1358 1690 1415 illorum

98 1423 327 1492 xepiscoporum
343 1425 458 1480 auxisse
472 1424 621 1494 episcopos
637 1422 813 1479 suburbica·
866 1420 993 1488 collatio,
1010 1423 1061 1492 qui
1075 1423 1207 1479 Ecclesiae
1221 1425 1413 1482 hierarchiam
1424 1429 1616 1499 constituunt,
1633 1430 1690 1500 cpl-

98 1506 142 1549 um
154 1495 183 1547 in
195 1493 347 1562 dnehuius
359 1496 442 1561 primi
457 1510 534 1551 num.
548 1492 812 1551 iiherPontillcalis
866 1500 1011 1561 scopatus,
1027 1494 1197 1565 presbyterii
1214 1502 1241 1552 ct
1257 1497 1438 1567 diaconatus,
1459 1499 1599 1557 reseratur
1615 1502 1690 1557 inter

102 1564 251 1621 ordinatos
265 1580 281 1620 a
293 1567 321 1620 Β,
339 1569 418 1622 Petro
431 1568 581 1636 episcopos
593 1580 654 1632 sex,
671 1563 812 1636 presbyte·
872 1565 1013 1634 praecipua
1024 1574 1102 1636 gesta
1115 1567 1293 1636 pontidcum,
1305 1583 1421 1625 ‹aausam
1430 1571 1549 1642 colliges
1563 1585 1597 1627 ex
1610 1574 1690 1628 dctis

109 1636 246 1693 diaconos
259 1637 277 1692 8
289 1642 349 1707 (scu
367 1641 461 1708 potius
471 1636 498 1703 i,
512 1637 811 1694 uticorrectiusexhi-
865 1636 1071 1701 apostolorum.
1086 1636 1281 1695 observarunt
1292 1641 1347 1696 viri
1360 1641 1449 1703 docti,
1465 1655 1530 1697 curu
1540 1642 1687 1715 diaconio,

98 1707 193 1764 edices
217 1710 307 1775 Surii,
326 1710 450 1774 Preheri,
477 1710 625 1777 liazarini,
649 1707 808 1764 Elorentlui
864 1705 939 1761 Petri
960 1714 1038 1778 gesta
1063 1715 1126 1778 post
1145 1710 1349 1766 ascensionem
1364 1712 1473 1768 christi
1488 1715 1603 1769 Domini
1625 1716 1688 1783 ipso

113 1779 263 1849 Vaticani).
277 1781 480 1837 Ordinationes
499 1782 576 1837 enirn
598 1787 754 1836 numeratae
778 1778 808 1833 in
827 1778 1689 1877 Bnot‘emdiaiispatrointerpositoanteadrentumspiritus

98 1850 237 1906 ontiiicali
257 1852 285 1907 in
310 1854 385 1908 Vitis
406 1853 572 1921 pontiacum
588 1851 755 1907 reseruntur
772 1850 807 1906 ad
864 1850 956 1904 saneti
970 1851 1090 1919 cepisse
1109 1851 1145 1906 ab
1162 1852 1307 1922 implendo
1324 1867 1442 1911 numero
1462 1857 1538 1911 sacri
1558 1864 1684 1914 senatus.

98 1935 140 1977 am
166 1923 325 1979 Romanam.
355 1927 423 1979 Num
448 1925 520 1980 satis
533 1930 645 1979 constat
663 1937 697 1978 cx
716 1923 808 1978 docu-
864 1920 943 1975 Nihil
954 1921 1031 1977 euim
1041 1922 1194 1994 antiquius
1206 1924 1308 1980 habuit
1320 1925 1427 1981 Christi
1441 1927 1567 1984 vicarius
1579 1929 1687 1986 insus-

104 1993 195 2049 totius
207 1994 381 2061 Occidentis,
395 2003 577 2064 pertractum
593 1995 769 2050 continentis
781 1999 808 2050 et
863 1992 996 2060 cipienda
1012 1994 1264 2051 administratione
1280 1997 1370 2053 totius
1385 1998 1528 2067 Ecclesiae,
1552 2013 1637 2070 quarn
1654 2002 1684 2056 in

100 2078 157 2131 um,
171 2066 378 2134 patriarchatui
394 2068 518 2122 llomano
538 2067 708 2136 subjectum,
725 2067 809 2122 ordi·
863 2066 1138 2121 concioneomnium
1154 2067 1282 2123 tidelium
1292 2068 1400 2124 Christi
1415 2070 1623 2142 Dominijussu
1639 2073 1687 2129 ad·

98 2134 183 2193 luisse
210 2151 243 2192 ac
271 2139 457 2195 transmissos
482 2152 498 2193 a
514 2138 543 2192 Β.
561 2139 643 2194 Petro
657 2139 808 2208 episcopos
863 2144 961 2192 vocata
976 2136 1079 2194 iratres
1094 2137 1216 2209 alloqui,
1231 2152 1265 2194 ac
1288 2140 1452 2208 decernere,
1469 2148 1501 2197 ut
1518 2145 1685 2200 communi-

98 2208 185 2264 lures:
207 2223 279 2278 quos
297 2210 361 2265 ride
378 2210 406 2266 in
422 2212 498 2266 notis
518 2209 658 2277 Ciaconii,
671 2211 805 2281 semler,
862 2207 916 2265 bus
927 2209 1074 2280 suffragiis
1090 2211 1146 2266 riri
1165 2218 1331 2280 praestantes
1345 2214 1402 2268 duo
1417 2227 1451 2267 ex
1467 2221 1544 2270 coetu
1556 2216 1684 2271 bdelium

101 2293 156 2337 um.
862 2287 1098 2349 proponerentur,
1113 2289 1140 2338 et
1151 2283 1353 2338 communibus
1372 2284 1505 2353 precibus
1521 2286 1686 2355 impetrare

98 2357 156 2407 unt
178 2352 264 2407 etiam
289 2353 401 2409 codices
423 2353 540 2423 Regius,
576 2353 749 2424 hiazarinus,
778 2360 807 2410 et
862 2360 919 2409 tur.
936 2362 967 2407 ut
983 2366 1070 2409 unum
1087 2368 1122 2409 ex
1139 2354 1200 2409 illis
1213 2355 1312 2410 divina
1329 2355 1494 2427 designatio
1510 2357 1682 2430 sublegeret,

97 2437 119 2479 rs
132 2423 345 2493 disputationes
360 2438 376 2480 a
390 2426 472 2481 Petro
494 2425 607 2481 habitas
629 2427 663 2481 ad
678 2425 806 2482 Simonis
861 2438 945 2493 quem
962 2424 992 2479 in
1009 2423 1101 2480 locum
1120 2427 1277 2492 proditoris
1288 2427 1368 2482 tudae
1382 2427 1542 2496 apostolum
1557 2442 1686 2487 numera·

98 2495 189 2550 chnas
202 2495 410 2564 dissolvendas,
426 2505 455 2552 et
467 2503 584 2552 mortem
595 2498 740 2553 divinitus
756 2499 807 2552 irn-
862 2504 939 2552 rent:
954 2496 1028 2566 quod
1046 2496 1075 2551 in
1088 2497 1206 2552 iiatthia
1221 2496 1376 2566 perlectum
1391 2498 1482 2555 luisse
1494 2499 1601 2557 ibidem
1618 2502 1686 2575 legi-

116 2566 206 2638 liago,
223 2574 349 2623 :avertere
363 2569 476 2622 curanti
495 2570 649 2624 Romanum
668 2568 804 2639 populum
862 2580 995 2636 nruscap.
1012 2581 1030 2620 ι.
1043 2568 1198 2623 Exordium
1211 2569 1459 2640 igiturpestorum
1473 2572 1682 2640 pontillcalium

98 2636 328 2694 telicadoctrina
341 2640 536 2709 suscipienda.
548 2639 640 2707 liujus
653 2641 694 2695 rei
710 2641 807 2696 naemi·
861 2639 946 2706 Petri,
964 2639 1096 2694 Ecclesiae
1113 2641 1253 2695 universae
1273 2642 1398 2712 regimen
1416 2643 1605 2712 suscipientis
1615 2645 1685 2700 ilie-

100 2709 233 2765 tustinus
258 2711 286 2765 in
309 2710 427 2782 apolog.
452 2708 479 2780 9,
500 2718 571 2766 sect.
589 2708 641 2779 et,
671 2713 804 2777 irenaeus,
861 2710 1022 2781 rosolymis,
1035 2711 1122 2779 coepit
1136 2711 1171 2765 ab
1186 2713 1325 2783 episcopi,
1340 2713 1531 2782 siveapostoli
1546 2715 1685 2772 electione

98 2792 117 2835 a
140 2778 214 2851 ‚903
229 2782 343 2849 Eusebi,
361 2782 413 2837 lih.
434 2797 464 2847 ti,
480 2797 542 2852 cap.
560 2780 603 2838 t3.
620 2783 690 2838 Vide
703 2784 803 2839 baron.
860 2789 889 2836 et
901 2782 1125 2837 consecratione.
1149 2783 1256 2838 ibidem
1283 2785 1431 2840 noscimus
1447 2800 1530 2841 usum
1546 2793 1685 2858 susceptae

153 2894 160 2919 ,
177 2866 205 2907 n.
232 2851 275 2917 l3,
292 2861 320 2909 et
334 2854 482 2910 Sommier.
507 2855 579 2909 iiist.
593 2854 762 2926 dogmatice
777 2854 805 2909 S.
861 2852 1013 2921 potestatis
1023 2854 1176 2909 sacerdotii
1186 2854 1221 2908 ab
1233 2855 1372 2924 apostolis
1384 2857 1516 2926 quotidie
1526 2856 1689 2928 frequenta·

98 2922 149 2978 bro
160 2938 178 2979 ι.
198 2938 259 3007 pag.
273 2923 332 2981 l05.
863 2931 921 2979 tum
938 2923 1034 2994 (atque
1060 2926 1130 2980 adeo
1151 2940 1167 2981 a
1191 2938 1262 2981 noro
1285 2927 1458 2996 presbytero,
1486 2928 1631 2998 episcopo,
1657 2938 1686 2986 st

98 2995 168 3051 dem
182 2996 332 3052 codicibus
345 3003 519 3053 memoratur
530 2995 683 3053 Clementis
693 2997 807 3053 ordina·
861 2995 990 3062 arrostolo
1006 2996 1145 3063 llatthia),
1167 3003 1227 3051 tum
1245 2998 1274 3051 ln
1288 2998 1372 3052 verbo
1390 2999 1439 3052 Dei
1458 2999 1683 3070 interpretando,

98 3065 190 3122 :uliarl
214 3066 337 3123 formula
365 3070 405 3123 ita
419 3069 573 3137 descripta.
592 3088 605 3120 u
629 3070 729 3124 Petrus
740 3082 806 3123 uero
861 3073 921 3121 tum
937 3067 966 3121 in
979 3067 1162 3122 orationibus
1177 3065 1340 3137 offerendis,
1352 3074 1412 3123 tum
1428 3069 1456 3124 in
1479 3072 1623 3128 sacritlcio
1636 3073 1686 3126 in-

98 3138 195 3193 sdiem
210 3139 376 3195 mortissibi
390 3140 550 3199 imminere,
560 3139 731 3195 Clementem
741 3141 807 3204 cpi-
823 3169 847 3230 Β
861 3143 981 3192 cruento
994 3138 1133 3205 iterando,
1148 3144 1176 3192 et
1191 3152 1261 3205 panc
1272 3140 1465 3195 eucharistico
1477 3141 1611 3198 lldelihus
1623 3143 1686 3197 dis-

98 3229 101 3263 ι
125 3211 313 3278 consecrarit,
336 3212 421 3281 elque
440 3211 614 3276 cathedram,
641 3212 683 3266 rel
706 3211 807 3266 Eccle-
862 3209 1026 3276 tribuendo,
1041 3221 1075 3262 ex
1087 3223 1158 3262 rers.
1176 3206 1211 3263 lt
1222 3219 1251 3264 et
1264 3207 1298 3264 io·
1312 3211 1419 3279 capitis
1439 3213 1575 3267 secundi:
1598 3215 1687 3267 Erunt

98 3294 178 3337 tinem
193 3282 399 3350 disponendam
424 3282 579 3344 commisit,
596 3282 710 3337 dicens:
725 3283 806 3338 Sicut
861 3287 951 3334 uutern
965 3285 1165 3348 perseuerantes
1178 3282 1208 3332 in
1221 3281 1345 3335 electrina
1360 3281 1552 3349 apostolurum,
1567 3289 1592 3337 ct
1611 3299 1687 3337 com-

98 3353 180 3421 pandi
195 3360 223 3408 et
237 3355 368 3409 solvendi
390 3355 495 3410 tradita
515 3361 559 3409 est
576 3369 592 3408 a
607 3355 729 3409 Domino
745 3368 805 3410 meo
861 3353 1283 3419 muenicotioneriuctiinisporris
1296 3358 1321 3406 ct
1332 3353 1514 3414 orationibus,
1525 3359 1578 3409 etc.
1592 3356 1685 3422 Quoti-

102 3423 173 3480 risto
187 3432 321 3493 poteslas,
338 3426 377 3480 ita
401 3432 493 3492 elego
516 3424 569 3480 tihi
586 3426 747 3488 committo,
775 3432 806 3480 ut
861 3423 905 3476 die
935 3437 1042 3491 petoque
1061 3427 1263 3489 perseveremus
1284 3425 1451 3478 untrairnr'ter
1474 3426 1503 3478 in
1527 3427 1636 3495 trnrplo,
1661 3432 1687 3480 ct

108 3495 482 3565 dispositoresdirersarum
494 3510 657 3564 causarum,
676 3511 724 3567 per
734 3510 806 3567 quos
859 3496 1018 3575 sruripcntes
1030 3495 1103 3575 circu
1113 3494 1204 3547 chunos
1216 3510 1324 3562 pttttem,
1335 3503 1388 3549 etc.
1403 3494 1583 3621 Preslffteros
1598 3498 1684 3553 ctiam

98 3565 302 3625 eclesiasticus
315 3568 471 3638 dirigetur,
485 3586 498 3617 b
514 3575 558 3623 etc
584 3564 645 3633 Qua
659 3568 695 3623 de
710 3581 738 3622 re
751 3581 807 3636 op·
860 3570 1035 3621 constitutos
1048 3565 1255 3635 Hierosolymis
1274 3566 1309 3620 ab
1324 3566 1464 3635 apostolis
1499 3580 1615 3624 ocemur
1627 3569 1686 3624 hc-

100 3639 327 3696 oreritdicendi
344 3640 427 3696 locus
442 3639 471 3694 in
493 3639 570 3695 notis
582 3640 617 3694 ad
631 3638 724 3694 Vitam
740 3638 806 3693 Cle·
862 3645 943 3692 tuum
964 3650 1026 3707 cap.
1051 3650 1095 3701 xv,
1112 3637 1226 3707 quando
1242 3636 1420 3693 antiochena
1440 3637 1567 3694 Ecclesia
1580 3639 1686 3711 legarit

861 3709 992 3776 Paulum,
1005 3715 1034 3763 et
1050 3708 1215 3775 barnaham,
1229 3714 1258 3763 et
1270 3707 1408 3778 quosdam
1423 3708 1498 3764 alios
1512 3710 1551 3763 od
1572 3715 1686 3780 aposto-

98 3798 101 3832 t
129 3777 171 3837 40.
196 3813 231 3823 -
257 3783 347 3838 Annis
370 3782 419 3839 38.
440 3784 552 3837 Exacte.
568 3780 652 3838 iuxta
678 3789 805 3839 nostram
862 3780 901 3832 los
914 3785 939 3833 ut
958 3780 1129 3847 presbyteros
1142 3781 1171 3832 in
1186 3780 1356 3834 llierusulent
1366 3794 1447 3848 super
1461 3780 1512 3834 hue
1526 3783 1684 3849 quaestione,

101 3865 119 3907 o
139 3853 194 3909 iam
218 3868 293 3910 anno
307 3855 355 3911 vul
376 3856 437 3911 aris
449 3868 512 3910 seru
532 3851 567 3910 ιθ
589 3867 690 3922 passus
705 3855 806 3909 borni·
862 3850 975 3905 scilicet.
987 3851 1021 3905 de
1036 3850 1269 3919 circumcisione,
1295 3850 1420 3920 aliisque
1437 3851 1579 3921 legalibus
1595 3867 1685 3909 cere-

128 3925 209 3981 artii.
231 3926 307 3981 Anni
329 3924 346 3982 3
385 3927 555 3982 aPassione
578 3923 760 3994 complentur
771 3921 807 3979 ab
864 3912 980 3977 moniis.
995 3923 1060 3977 Post
1072 3920 1164 3977 officia
1177 3921 1366 3991 apostolatus,
1385 3922 1446 3976 sire
1460 3922 1644 3993 episcopatus
1658 3932 1689 3979 et

98 4007 166 4052 tuno
179 3997 255 4069 vulg.
272 4012 336 4054 aerae
346 3995 390 4054 65.
414 3997 564 4053 Trimestri
579 3997 672 4065 spatio
688 3997 757 4051 anni
772 3995 808 4052 38
865 3993 1045 4064 presbyterii,
1068 3994 1171 4048 electio
1186 4001 1292 4063 septem
1314 3992 1514 4063 diaconorum,
1530 4008 1687 4066 eorumque

98 4080 221 4137 ,nempe
243 4066 280 4124 28
303 4071 383 4126 lunii
399 4069 468 4125 anni
492 4066 528 4124 65
543 4069 644 4124 Petrus
658 4073 686 4123 et
701 4067 808 4124 Paulus
863 4065 1009 4121 ordinatio
1034 4078 1083 4134 per
1104 4077 1238 4119 manuum
1260 4064 1474 4131 impositionem
1495 4066 1531 4120 ah
1546 4067 1686 4136 apostolis

100 4149 320 4197 ocorouantur.
865 4143 977 4204 peracta
998 4138 1069 4207 (cup.
1095 4134 1133 4205 ιιι)
1161 4135 1315 4205 complevit
1335 4135 1527 4191 hierarchiam
1543 4140 1688 4195 nascentis

98 4206 159 4265 il.
178 4241 213 4250 -
226 4211 354 4281 Sepultus
366 4217 406 4267 est
419 4214 448 4266 in
469 4213 516 4265 uio
540 4211 657 4266 Aurelio
671 4211 807 4280 intemplo
862 4207 996 4263 Ecclesiae
1011 4207 1215 4276 Hierosolymis
1225 4221 1301 4262 anno
1316 4208 1409 4276 primo
1422 4221 1438 4261 a
1451 4207 1561 4264 Christi
1571 4211 1688 4266 Domini

99 4281 301 4351 iejuutuloeum
315 4285 517 4353 uhicrueipuus
525 4288 573 4349 cst,
576 4283 662 4350 jtcutu
673 4285 809 4352 palatium
863 4280 1015 4347 Passion03
1038 4292 1122 4350 quarn
1140 4279 1258 4333 l‘ormam
1279 4278 1336 4334 sihi
1355 4278 1489 4335 traditam
1506 4285 1567 4336 tum
1582 4282 1689 4337 lintio-

98 4368 168 4408 :num
190 4356 221 4408 in
243 4356 384 4410 Vaticano.
408 4357 495 4411 Nemo
516 4369 550 4410 cx
572 4353 808 4424 antiquisdnbl-
862 4350 951 4405 chena
978 4350 1090 4406 imitata
1108 4355 1161 4415 est,
1187 4350 1256 4406 dum
1281 4351 1310 4405 in
1339 4364 1369 4406 ea
1397 4350 1561 4407 cathedram
1587 4354 1686 4408 Petrus

98 4424 147 4481 rod
165 4425 266 4495 sciam,
291 4427 327 4483 de
344 4427 406 4483 loco
423 4426 554 4497 martyrii
578 4426 605 4480 B.
624 4426 710 4480 Petri.
729 4424 807 4481 Con·
861 4422 962 4487 erexit,
982 4426 1041 4476 tum
1056 4422 1180 4476 Romana
1196 4422 1335 4492 suscepit,
1351 4429 1380 4477 et
1391 4427 1556 4477 constanter
1570 4425 1684 4494 retinet,

105 4497 234 4551 omnium
260 4504 376 4553 aetaturu
396 4499 488 4558 docet,
517 4498 547 4553 in
571 4498 649 4552 circo
670 4495 805 4553 Vaticano
860 4505 893 4548 cx
909 4492 1035 4562 qarohac
1050 4492 1408 4561 transtulitapostolorum
1425 4493 1560 4560 Princeps
1574 4494 1688 4549 univer·

98 4565 254 4623 teladlxuru
264 4567 806 4639 interutramquemetamejusdemctr-
819 4568 845 4627 D
860 4563 947 4618 salem
964 4563 1126 4619 cathedram
1140 4571 1167 4617 et
1188 4564 1358 4631 primatum.
1375 4564 1413 4617 lie
1428 4562 1613 4618 hirtlochenae
1626 4565 1684 4620 Ec-

98 4652 191 4709 tquem
208 4639 302 4695 locum
318 4641 594 4697 Eraristustitulum
606 4640 804 4707 superstruxit
859 4634 954 4690 etesiae
974 4633 1136 4690 hierarchia
1155 4632 1251 4688 tribas
1270 4634 1348 4688 hisce
1369 4632 1506 4704 gradibus
1525 4635 1684 4691 constituta

98 4708 335 4777 n,Constantinus
344 4710 495 4767 basilicam
504 4711 678 4765 vaticanam.
689 4711 804 4765 Primus
860 4713 945 4761 testes
957 4714 1025 4761 sunt
1039 4706 1140 4760 litterae
1152 4704 1235 4759 illius
1248 4703 1382 4759 Ecclesiae
1395 4704 1558 4759 antistitum
1571 4718 1586 4760 a
1602 4706 1682 4762 Petro

100 4798 120 4841 r.
136 4787 168 4836 ut
180 4782 318 4853 arbitror,
342 4783 486 4853 liaphaeus
513 4782 636 4853 Poggius
651 4787 803 4851 argutatus

98 4868 118 4905 er
131 4859 276 4923 utromque
289 4860 398 4918 metum,
421 4854 496 4924 quod
524 4854 553 4908 in
573 4852 653 4906 Actis
671 4853 801 4922 martyrii

108 4923 149 4979 lta
161 4927 264 4993 exponi
281 4933 424 4996 oportere:
441 4931 471 4979 ut
483 4930 556 4979 meta
568 4937 623 4978 una
637 4921 725 4978 luerit
737 4925 803 4977 ohe-

98 4996 296 5050 reilieronieui
308 4998 342 5052 ad
365 4998 475 5052 radices
494 4995 623 5049 Vaticani
642 4993 738 5053 collis,
751 4999 802 5048 aut

859 4778 1066 4846 proximorum,
1081 4777 1236 4841 prasertim
1258 4775 1361 4846 ignatii
1376 4776 1519 4845 martyris,
1536 4776 1588 4845 qui
1611 4792 1681 4846 pro-

858 4850 955 4903 ximus
968 4848 1004 4902 ab
1016 4847 1121 4902 Evodio
1136 4848 1276 4901 succressit
1290 4848 1381 4912 Petro,
1394 4848 1506 4901 eosdem
1519 4848 1627 4918 gradus
1638 4848 1683 4903 di·

857 4927 931 4974 serte
948 4925 1146 4974 memorantes.
1163 4920 1200 4972 be
1223 4917 1347 4971 Romana
1364 4930 1428 4971 vero
1445 4915 1523 4971 nullu
1538 4931 1593 4973 non
1611 4927 1680 4974 retas

857 4989 1055 5045 testimonium
1072 4989 1176 5056 reddit,
1190 4996 1218 5043 et
1235 4989 1390 5057 praesertim
1408 4987 1455 5042 hic
1474 4987 1548 5042 liber
1562 4989 1678 5045 Pontill·

98 5080 138 5121 ιιι
152 5067 220 5121 moli
230 5068 350 5124 Adriani
362 5070 535 5138 proximum,
546 5065 799 5137 mododisjectum,

102 5138 211 5206 ipionis
226 5138 416 5206 hiricani,rel
431 5138 543 5196 {tomuli
565 5136 802 5209 vulgusappella·

98 5223 147 5265 eta
160 5222 227 5264 vero
240 5213 364 5279 pprumr's
386 5211 507 5281 sepulcri
525 5210 657 5270 Gestiunt,
675 5207 801 5264 lotaUr-

98 5284 176 5337 netro
190 5280 295 5337 dissita
309 5297 325 5338 a
341 5283 419 5338 circo
435 5281 580 5337 Vaticano.
592 5282 755 5352 (Torripius,
767 5280 800 5334 de

99 5353 255 5415 Votieunis,
268 5370 336 5422 pop.
363 5352 436 5424 lili.)
457 5355 534 5409 Nova
550 5353 633 5422 plane
650 5352 800 5407 methodus

99 5424 272 5495 designandi
292 5439 377 5495 quam
392 5438 473 5480 nemo
489 5437 522 5479 ex
541 5421 737 5490 metatoribus,
749 5428 800 5476 aut

101 5494 140 5550 tis
157 5503 319 5564 usurparet.
334 5498 420 5551 Nemo
447 5495 572 5565 prudens
592 5498 667 5548 certe
679 5493 797 5558 diceret,

123 5565 278 5622 Succorum
311 5567 487 5622 christinam
524 5577 690 5633 supremum
722 5563 798 5617 diem

99 5636 190 5695 biisse
204 5637 233 5693 in
249 5637 361 5693 edibus
376 5639 443 5694 sitis
459 5639 534 5692 inter
543 5634 701 5691 obeliscum
715 5633 799 5689 Vati-

98 5714 114 5763 ti
135 5710 310 5780 pyramidem
325 5710 355 5765 C.
371 5709 471 5778 Cestii,
488 5712 521 5763 ιιι
543 5708 617 5762 ades
632 5705 797 5761 iliariorum

98 5785 123 5844 rt,
149 5782 225 5837 inter
253 5789 409 5851 utrumque
431 5779 585 5834 terminum
608 5778 796 5845 constitutas,

98 5858 125 5909 ta
136 5851 211 5908 Urbe
221 5852 418 5919 interjacente,
431 5851 519 5921 hujus
532 5850 694 5908 innumeris
704 5849 799 5924 parti-

139 5941 257 5998 erncu.
284 5940 417 5998 cxxvii.

855 5062 938 5126 calis,
954 5061 982 5115 in
995 5060 1121 5131 singulis
1133 5059 1319 5128 pontificibus
1329 5071 1488 5114 memorans
1500 5059 1680 5130 presbyteros

855 5140 883 5189 et
904 5133 1042 5187 diaconos
1067 5132 1200 5187 Ecclesiae
1227 5132 1358 5185 humane
1379 5128 1415 5184 ab
1440 5130 1513 5198 ipsis
1535 5131 1627 5197 datos,
1651 5141 1678 5187 et

855 5205 1004 5274 episcopos
1019 5203 1176 5273 aliquando
1192 5208 1300 5257 tantum
1315 5201 1542 5270 suburbicarias,
1553 5202 1679 5272 quando·

855 5289 911 5346 que
924 5276 1010 5330 etiarn
1023 5275 1053 5329 in
1069 5274 1138 5329 aliis
1154 5271 1324 5328 civitatibus
1337 5286 1386 5342 per
1399 5279 1519 5328 tractum
1533 5272 1677 5328 Occiden-

854 5348 923 5402 talis
942 5345 1155 5416 patriarchatus
1177 5345 1347 5399 institutos:
1374 5344 1502 5414 quarein
1520 5344 1558 5399 iis
1574 5357 1675 5400 recen-

855 5418 952 5474 sendis
976 5417 1144 5487 plerumque
1156 5415 1274 5470 additur
1286 5417 1422 5484 episcopos
1435 5430 1485 5484 per
1496 5415 1605 5470 diverse
1617 5416 1676 5471 locu

854 5506 965 5544 ruumero
983 5490 1018 5544 N.
1043 5489 1081 5541 [ic
1103 5498 1220 5542 nurnero
1240 5485 1467 5556 presbyterorum
1492 5491 1520 5540 et
1534 5485 1676 5543 diacono-

856 5575 918 5616 rum
943 5562 1075 5616 ltomanae
1096 5557 1230 5613 Ecclesiae
1248 5558 1306 5613 erit
1320 5555 1521 5613 infradicendl
1547 5556 1628 5614 locus
1646 5559 1675 5614 in

853 5631 918 5687 Vita
933 5634 959 5687 S.
971 5629 1055 5687 Cleti.
1072 5629 1122 5685 ilic
1136 5630 1256 5685 observo
1282 5629 1432 5699 episcopos
1452 5627 1598 5696 adjutores
1620 5634 1677 5685 tres

853 5717 869 5758 a
895 5706 976 5759 Petro
992 5702 1144 5758 institutos
1165 5701 1242 5757 circa
1270 5700 1382 5765 Urbem,
1412 5699 1525 5767 Linum,
1552 5699 1677 5768 Cletum,

852 5775 1034 5839 Clementem,
1050 5778 1081 5829 ut
1099 5785 1197 5829 eorum
1211 5770 1324 5827 scilicet
1346 5769 1509 5826 ministerio
1524 5771 1620 5842 peragi
1646 5773 1677 5825 in

852 5846 927 5903 Urbe
941 5851 1036 5919 posset
1048 5844 1249 5917 episcoporum
1261 5842 1459 5914 consecratio,
1470 5840 1694 5911 uuaex'xnst‘x-

1491 5924 1533 5983 eh
