3884 6126
222 268 258 331 r3
608 268 654 325 nn
672 267 891 328 aaasrmrarr
916 272 1177 334 anoansoaaaa
1197 277 1283 336 nun.
1310 281 1527 343 nom-vanc.
1793 247 1798 254 ’
1888 292 1928 351 tr

221 400 418 465 testimoniam
448 400 550 470 Leonis
573 404 703 472 secundi,
730 404 805 460 idam
826 403 985 460 indicantis
1012 395 1086 459 ded
1103 399 1200 454 votum
1212 397 1336 470 (uasat.
1351 406 1389 460 ad
1400 407 1626 464 aestumator.
1641 423 1700 481 par.
1719 410 1929 483 1),ateasdem

220 494 308 551 creto.
324 491 415 548 verna
429 493 578 548 vannum
596 493 654 550 naee
669 497 754 549 suna:
772 493 920 562 «aecem
935 492 1046 548 vivente
1102 486 1201 553 notius
1216 491 1395 550 membranas
1410 508 1494 565 quam
1510 496 1626 554 arrarum
1647 496 1803 570 fracmenta
1817 501 1930 571 cusni-

219 582 314 639 adhuc
327 583 409 637 Petro
419 582 509 637 Linus
519 582 626 638 sederit
641 583 809 652 episcopas:
825 595 907 653 quern
920 586 1045 652 propter·
1100 573 1206 633 nitius
1225 579 1378 652 vulgasset
1399 585 1565 649 Lutereulos,
1591 586 1697 657 inquit,
1713 590 1868 645 consulares
1891 604 1930 644 em

219 684 250 728 ea
275 670 511 741 chorepiscopum
536 671 693 739 Marianus,
714 670 825 741 aliique
847 669 1039 739 scripserunt:
1099 661 1211 720 laudato
1222 673 1353 738 unurrpmi
1364 673 1453 728 codice
1467 679 1605 744 aucupius
1617 691 1665 730 suo
1677 678 1809 731 volumini
1817 680 1929 748 possim

219 763 295 819 inter
315 775 387 831 qnos
413 761 466 815 Leo
489 762 521 828 ll,
554 773 702 816 successor
731 759 889 831 Agathonis
905 776 911 812 :
934 761 1040 820 Petrus,
1097 751 1222 817 taeduit.
1238 773 1304 825 quos
1318 774 1384 814 sane
1395 763 1451 815 uim
1464 763 1567 818 eruditi
1580 767 1699 831 inimcos
1713 766 1748 820 ab
1761 766 1850 823 eodem
1864 767 1927 828 edt'·

219 851 326 923 inquit,
347 851 486 919 adjutores
499 850 552 904 sibi
570 851 667 904 asciuit
685 849 794 910 Linum,
815 847 967 908 tieletum,
987 862 1042 900 uon
1096 843 1136 894 tos
1161 844 1332 902 maluissent.
1358 850 1526 920 Exemplum
1558 851 1664 923 duplex
1687 853 1772 911 hodie
1792 865 1927 926 superest

218 945 308 995 tumen
328 941 496 1010 pontificium
519 943 678 1008 potestatem
695 939 733 992 eis
755 937 882 999 tradidit,
909 935 957 989 sed
978 934 1041 989 Cle·
1097 928 1927 1014 indicendarum,descriptumavetustiorealiquoaato

216 1031 310 1083 menti.
334 1028 399 1083 Tam
427 1032 534 1083 certum
558 1040 668 1096 semper
691 1024 758 1090 luit,
788 1038 845 1080 aaa
869 1036 933 1079 cam
958 1023 1040 1078 Petro
1095 1018 1213 1090 grapho,
1225 1023 1688 1098 cujasapographummembranae
1698 1032 1925 1101 tpsaecensendae

216 1117 318 1172 Linum
346 1114 495 1186 praeiuisse
511 1113 645 1169 fidelibus
666 1113 811 1182 Romanis,
840 1117 870 1168 et
891 1111 1038 1167 abeodem
1094 1112 1173 1175 sant,
1197 1109 1373 1180 (laspiniano
1388 1116 1457 1171 oiim
1483 1122 1620 1180 tractatae.
1650 1119 1735 1176 hodie
1753 1121 1920 1190 deperditae.

215 1207 298 1261 Petro
313 1204 451 1260 traditam
472 1200 668 1273 pontificatum
688 1199 837 1256 Clementi.
852 1201 981 1271 sicergo
999 1199 1040 1253 ii·
1094 1193 1186 1251 Unum
1201 1198 1362 1269 exemplam
1374 1208 1467 1259 servat
1477 1203 1654 1263 bibliotheca
1667 1209 1793 1265 Caesarea
1808 1210 1924 1268 Vindo-

215 1293 334 1366 qaidior
360 1293 464 1365 incipit
488 1292 577 1348 tinere
603 1290 661 1348 haec
694 1289 881 1363 chronologia
902 1290 932 1345 ia
962 1287 1039 1344 huno
1094 1281 1313 1344 bonensisinter
1327 1303 1394 1346 mss.
1406 1291 1561 1351 historicos
1571 1295 1773 1367 consignatam
1783 1296 1921 1372 num-56,

216 1384 342 1454 modum,
360 1400 373 1433 „
1094 1375 1164 1429 teste
1181 1376 1329 1440 lambecio
1347 1378 1399 1434 lib.
1424 1394 1452 1437 ra
1474 1381 1760 1456 Commentariorum,
1782 1390 1811 1441 et
1828 1386 1923 1447 sebe-

250 1473 371 1528 llicnoa
386 1484 501 1527 assumo
515 1468 705 1525 dirimendam
723 1467 910 1539 qaaestionem
927 1465 1037 1522 delini
1094 1457 1224 1519 lestraiio
1247 1464 1363 1522 dissert.
1388 1465 1414 1540 3,
1441 1483 1501 1539 cap.
1528 1469 1555 1541 a,
1580 1485 1658 1527 num.
1676 1471 1701 1543 i,
1725 1474 1921 1546 antiquitatis

215 1564 244 1617 et
264 1560 337 1616 cleti
353 1559 522 1631 pontiiicatu
544 1557 678 1626 marimo,
704 1568 788 1627 quam
814 1555 889 1611 inter
909 1560 992 1610 notas
1002 1554 1036 1611 ad
1092 1550 1234 1631 Ecclesia.
1263 1554 1390 1612 alterum
1417 1558 1522 1617 visitur
1545 1560 1575 1616 in
1598 1558 1771 1619 bibliotheca
1798 1563 1921 1631 intuen-

214 1649 331 1706 Librum
351 1647 544 1705 Pontificaiem
569 1646 604 1701 ad
628 1658 745 1702 examen
773 1643 979 1701 revocabimus.
1008 1643 1036 1699 ld
1094 1639 1187 1708 piensi
1200 1642 1256 1696 lili.
1274 1644 1322 1700 ΡΡ.
1337 1645 1435 1702 societ.
1450 1648 1526 1717 lesa,
1540 1663 1596 1718 qao
1608 1664 1679 1707 usas
1691 1657 1734 1707 est
1749 1650 1779 1713 ia
1794 1665 1846 1708 sua
1859 1653 1921 1713 edi·

215 1751 304 1794 uuum
332 1738 480 1793 ostendere
496 1736 592 1804 capio,
618 1733 694 1805 qaod
719 1733 920 1803 proponebam,
937 1716 1076 1802 nempeB
1093 1727 1170 1784 tione
1190 1731 1359 1804 Bucherius,
1386 1740 1560 1805 conquestus
1576 1738 1754 1795 membranas
1778 1741 1917 1797 hrenneri

214 1829 377 1881 contextum
387 1825 467 1880 Libri
478 1821 655 1880 Pontificalis
667 1828 789 1877 asancto
801 1822 883 1878 Petro
895 1834 986 1891 usque
1000 1822 1034 1879 ad
1090 1821 1171 1873 aute
1184 1833 1235 1874 saa
1252 1835 1307 1877 nun
1320 1835 1381 1878 esse
1396 1825 1576 1893 superstites.

214 1912 334 1968 Felicem
350 1914 383 1967 lv
398 1911 510 1967 desumi
527 1911 695 1980 pierumque
711 1922 744 1963 ex
756 1907 889 1979 catalogo
904 1922 1036 1965 summo·
1125 1906 1346 1966 schelestratius
1369 1911 1476 1981 (Antiq.
1489 1915 1574 1979 Feci,
1591 1915 1662 1972 diss.
1679 1912 1705 1986 3,
1722 1930 1783 1987 cap.
1800 1913 1827 1987 Ξ,
1839 1931 1868 1972 a.
1891 1915 1917 1991 i)

212 1990 276 2055 rum
297 2000 464 2069 pontiacum
481 2011 530 2068 per
550 2011 611 2053 eam
625 2003 736 2052 aemtem
751 1996 884 2053 condito:
901 2002 929 2052 et
948 1998 1036 2054 adrii-
1090 1996 1202 2051 curavit
1230 1997 1377 2055 lectionem
1399 2001 1521 2071 exempli
1541 2003 1661 2059 Caesarei
1686 2004 1917 2070 vindobonensis

212 2087 315 2156 tiones,
343 2101 406 2159 qaae
433 2086 468 2141 ab
483 2091 598 2142 auctore
619 2084 698 2140 Libri
722 2084 898 2143 pertineatis
919 2085 1035 2155 adjecta
1089 2085 1289 2141 conterricam
1305 2088 1491 2158 bucheriano,
1509 2091 1571 2147 sive
1586 2092 1802 2165 antuerpiensi,
1819 2096 1914 2165 perii.

211 2180 289 2246 suat,
311 2175 475 2245 desumptas
490 2172 581 2229 luisse
596 2186 631 2228 ex
648 2172 829 2230 documentis
852 2174 1035 2230 auctoritatis
1089 2172 1117 2226 P.
1139 2170 1328 2245 lanningum;
1345 2182 1416 2246 tum,
1434 2184 1465 2233 at
1485 2179 1603 2236 lacunas
1623 2182 1709 2251 huius
1734 2183 1864 2252 impleret
1878 2198 1916 2241 ex

211 2279 267 2322 non
281 2263 437 2321 dissimilis
449 2263 484 2319 ab
493 2261 654 2318 enuntiatis
663 2261 692 2315 in
705 2263 798 2329 primo
809 2264 838 2317 et
852 2261 976 2317 secundo
986 2262 1035 2318 Ca-
1088 2260 1320 2332 vindobonensi,
1345 2270 1406 2320 tum
1425 2266 1522 2338 etiam,
1546 2274 1577 2323 at
1593 2270 1737 2326 variantes
1761 2273 1915 2344 utriusque

210 2356 314 2429 pugo,
1087 2348 1209 2417 exempli
1227 2350 1364 2408 lectiones
1386 2353 1485 2410 daret:
1505 2357 1742 2427 quemadmodum
1754 2360 1916 2418 Bucherius

247 2443 289 2500 i3.
315 2445 419 2501 ilerum
441 2441 510 2497 ordo
534 2436 833 2508 ratiocinii,'postalat
859 2443 891 2494 ut
915 2438 977 2508 ips'a
997 2440 1033 2496 de
1088 2435 1118 2492 in
1142 2439 1270 2509 margine
1284 2443 1431 2498 annotavit
1448 2457 1480 2499 ea
1502 2447 1688 2515 quiavariant
1705 2447 1733 2503 in
1749 2461 1800 2504 suo
1813 2449 1914 2506 codice

209 2533 483 2591 auctoritatererum
500 2530 530 2585 in
546 2525 808 2599 atroquecatalogo
816 2527 1030 2585 enuntiatarum
1086 2523 1234 2582 alectione
1248 2528 1428 2599 cuspiniani.
1439 2533 1544 2589 liuram
1558 2534 1648 2606 igitur
1663 2535 1822 2599 illustrium
1836 2539 1900 2598 niro

210 2622 295 2694 paulo
320 2620 492 2693 diligentias
507 2618 699 2688 inquiramus.
715 2615 784 2672 Cam
807 2616 884 2671 enim
911 2616 1031 2684 hujusce
1086 2626 1148 2669 ram
1168 2616 1282 2674 collatis
1304 2618 1460 2684 laboribus,
1481 2622 1722 2692 deprehendimus
1740 2625 1909 2698 catalogum

207 2712 286 2769 libri
298 2717 411 2769 textura
421 2709 565 2780 precipua
577 2706 665 2763 inerit
674 2720 708 2762 ex
720 2704 1028 2776 catalogisdesampta,
1084 2703 1200 2772 quidem
1213 2703 1473 2766 iaisseconteatum
1484 2711 1538 2767 sub
1554 2711 1668 2768 Liberio
1679 2726 1761 2783 papa,
1776 2715 1822 2770 sed
1835 2718 1912 2786 ejas·

207 2795 682 2872 ignoraremusproiectoquantam
694 2792 785 2849 tribui
797 2792 888 2862 possit
898 2792 1027 2848 vitarum
1083 2790 1146 2848 dem
1157 2796 1366 2867 autographum
1376 2812 1431 2854 non
1445 2813 1603 2869 superesse.
1615 2802 1656 2857 Ea
1669 2801 1803 2871 pluribus
1814 2808 1908 2862 tamen

204 2886 561 2957 collectoribus,nisiante
575 2882 749 2952 exploratam
764 2880 933 2939 haberemus
944 2881 1025 2939 iidem
1081 2881 1221 2952 exemplis
1245 2883 1311 2940 inde
1337 2888 1520 2959 transcriptis
1547 2903 1636 2946 unam
1662 2890 1908 2951 membranaceum

204 2977 359 3049 utriusque
369 2975 507 3047 Cataiogi,
526 2974 673 3044 totiusque
687 2972 782 3041 operis
798 2969 1024 3028 tundamentum.
1080 2969 1259 3040 Gaspiniano
1272 2979 1430 3044 spectatum
1446 2977 1531 3034 hodie
1541 2978 1778 3049 desiderari,dao
1788 2981 1908 3039 charta-

201 3067 260 3140 lige
271 3067 361 3139 igitar
376 3065 500 3136 primam
511 3063 546 3119 de
557 3061 762 3131 exemplarium
773 3060 828 3117 ilde
842 3073 874 3118 ac
887 3049 1062 3118 vetustateC
1080 3071 1127 3114 eea
1144 3073 1291 3131 superesse
1303 3064 1425 3121 minoris
1444 3065 1639 3138 antiquitatis,
1652 3071 1681 3123 et
1697 3067 1726 3122 in
1743 3069 1787 3124 eis
1801 3070 1907 3141 depre-

200 3156 357 3224 aideamas,
373 3150 579 3222 undecatalogi
594 3149 732 3219 descripti
745 3155 829 3217 saat3
844 3163 908 3205 moa
922 3149 957 3206 de
968 3150 1024 3206 do·
1078 3146 1166 3204 henli
1181 3149 1294 3220 aliquot
1305 3157 1398 3208 errata
1410 3155 1639 3226 amanuensium,
1653 3169 1717 3227 qaae
1731 3158 1905 3217 schelestra-

199 3245 343 3301 tumentis
372 3241 508 3314 genuinis
529 3240 604 3295 unde
636 3239 790 3309 scriptores
821 3237 1020 3310 Cataiogorum
1079 3235 1138 3291 iias
1161 3239 1273 3294 curavit
1295 3240 1441 3312 detergere
1464 3256 1514 3312 per
1537 3241 1719 3300 collationem
1750 3248 1905 3319 utriusque

197 3333 346 3404 potuerint
360 3331 411 3387 iiia
425 3331 573 3387 desumere
584 3341 647 3398 qaae
660 3327 695 3382 ad
712 3340 763 3384 nos
786 3327 1018 3383 transmiserant.
1076 3322 1185 3378 codicis
1208 3338 1273 3380 ⁰111ss
1296 3325 1492 3397 cuspiniano}
1514 3330 1584 3387 adeo
1599 3334 1631 3387 ui
1650 3332 1680 3388 iu
1704 3332 1903 3391 schelestratii

235 3418 276 3476 tt.
299 3420 466 3490 catalogum
496 3417 619 3489 priorem
647 3416 701 3472 sub
731 3415 845 3473 liberio
870 3415 1018 3472 conditam
1073 3409 1473 3473 editionesatisenenaatam
1489 3418 1663 3489 opusculum
1680 3420 1847 3479 habeamus.

195 3509 271 3566 circa
284 3520 392 3566 annum
408 3504 461 3563 aba
482 3506 574 3563 edidit
591 3506 702 3576 primus
719 3506 801 3560 Pater
815 3504 947 3576 AEgidias
959 3505 1019 3561 Bu·
1111 3496 1151 3554 i5.
1168 3500 1451 3576 altercatoiogusad
1465 3513 1576 3563 aemtem
1588 3509 1747 3566 lastiniani
1764 3510 1900 3582 retertur,

195 3599 312 3654 charius
332 3597 362 3651 in
378 3594 513 3665 praeclaro
535 3608 589 3650 sao
603 3594 812 3650 Commentario
826 3594 860 3650 ad
876 3595 1016 3653 canonem
1073 3598 1138 3642 cum
1152 3588 1267 3648 desinat
1282 3590 1312 3647 ia
1328 3591 1422 3649 Felice
1434 3597 1479 3667 lv,
1492 3596 1569 3652 circa
1584 3610 1690 3653 aunam
1708 3599 1816 3655 Christi
1836 3598 1898 3656 530.

193 3684 359 3741 Pascnaiem
372 3683 494 3738 victorii
508 3680 656 3751 aquiuni,
673 3696 729 3736 aaa
740 3696 804 3738 caru
814 3688 938 3755 quatuor
949 3686 1019 3743 aliis
1072 3675 1175 3735 unitus
1197 3680 1322 3750 primum
1342 3680 1400 3740 init
1418 3697 1454 3740 ea
1473 3686 1572 3743 codiee
1590 3686 1801 3744 membranaceo
1825 3701 1901 3759 qua-

193 3771 343 3843 opuscuiis
360 3771 394 3825 ad
407 3769 532 3826 eamdem
544 3773 654 3825 aetatem
667 3767 834 3841 referendis,
848 3772 891 3827 uti
906 3778 1017 3829 constat
1072 3766 1160 3825 dratae
1182 3767 1288 3843 iormae,
1312 3774 1510 3844 scriptocirca
1534 3779 1644 3829 alaman
1665 3775 1760 3831 Caroli
1783 3776 1895 3846 hiagui:

192 3874 227 3917 ex
250 3859 464 3917 enumeratione
481 3857 632 3914 consulam
659 3859 861 3930 Romanorum,
883 3874 1016 3931 expressa
1071 3868 1155 3925 quem
1163 3857 1282 3913 Parisiis
1293 3865 1420 3928 emptum
1433 3871 1449 3915 a
1462 3859 1559 3930 regina
1571 3859 1728 3931 Christina,
1743 3866 1771 3916 et
1779 3862 1896 3919 Romam

191 3949 221 4005 ia
233 3950 325 4019 primo
337 3946 476 4017 opusculo
488 3946 523 4003 de
538 3947 680 4016 praelectis
691 3947 812 4017 Urbi,et
830 3947 860 4004 in
877 3950 1013 4021 secando,
1069 3943 1251 4014 translatum,
1275 3948 1339 4014 posi
1361 3946 1424 4013 ejas
1450 3958 1516 4000 vero
1538 3952 1654 4001 mortem
1674 3947 1711 4002 ab
1733 3947 1896 4007 heredibus

192 4037 339 4107 complexo
358 4038 557 4108 Fragmentum
572 4042 699 4095 aeterum
714 4038 873 4106 Fastorum,
887 4051 953 4094 cum
967 4039 1015 4095 Fe·
1068 4038 1227 4100 mentitum
1235 4031 1395 4099 Alexander
1407 4045 1478 4102 papa
1488 4033 1545 4089 vill
1556 4032 1738 4092 bibliiiiiecae
1752 4037 1895 4096 i'aiieanae

191 4126 256 4198 riis,
272 4125 396 4196 Epactis,
410 4130 438 4181 et
455 4125 539 4196 Cyclo
553 4125 719 4184 Latinorum
736 4139 786 4196 per
799 4123 937 4188 anaos8i
950 4126 1012 4183 dii·
1066 4116 1185 4175 donavit
1207 4133 1272 4176 cum
1295 4119 1407 4176 ceteris
1424 4119 1574 4177 codicibus
1598 4136 1665 4179 mss.
1687 4125 1729 4181 Ea
1750 4139 1783 4183 eo
1795 4128 1894 4185 codice

189 4214 274 4272 tuso:
297 4216 332 4272 de
344 4228 401 4287 qao
423 4216 510 4272 etiarn
525 4215 631 4273 libram
652 4214 791 4276 celebrem
812 4221 895 4271 atate
914 4219 1011 4271 nostra
1066 4206 1171 4278 tesinae
1182 4206 1336 4262 Chrisiinae
1350 4207 1505 4279 vulgarunt
1515 4211 1602 4282 primi
1613 4211 1668 4267 liii.
1686 4213 1735 4268 ΡΡ.
1754 4216 1893 4273 Henscbe-

188 4306 362 4376 conscripsit
375 4306 515 4363 ilenrieus
536 4305 695 4365 cardinalis
713 4303 856 4360 Norisius.
878 4302 1011 4373 Quinque
1066 4296 1134 4354 nius
1155 4301 1183 4355 et
1206 4294 1417 4365 Papebrocbius
1437 4298 1467 4353 in
1491 4300 1701 4371 Prolegomeuis
1724 4304 1759 4358 ad
1783 4309 1890 4364 tornum

189 4394 248 4451 haec
265 4394 412 4466 opuscula,
431 4395 505 4453 inter
525 4409 588 4466 quae
603 4393 760 4465 principem
785 4391 878 4449 ioaam
900 4390 1011 4447 obtinet
1024 4396 1051 4456 D
1065 4385 1189 4456 primum
1204 4383 1325 4457 Aprilis.
1342 4387 1444 4443 leram
1466 4400 1522 4444 non
1539 4388 1611 4444 satis
1632 4396 1763 4447 accurate
1777 4393 1891 4450 descri—
1932 4434 1940 4441 .

188 4483 384 4557 catalogasde
397 4499 453 4556 qao
465 4485 589 4557 agimus,
605 4478 826 4539 continebantur
834 4479 864 4533 in
880 4478 1011 4549 antiquis
1066 4477 1145 4544 ptum
1159 4473 1347 4546 deprehendit
1362 4474 1405 4531 iil.
1419 4474 1523 4546 praesui
1533 4475 1764 4551 schelestratius,
1775 4495 1840 4537 cam
1853 4483 1889 4539 ab

189 4573 371 4645 membranis,
391 4587 408 4629 a
428 4575 534 4629 loanne
548 4572 699 4636 Brennero,
721 4566 799 4636 regio
814 4568 968 4623 secretario
982 4573 1011 4624 et
1065 4562 1172 4633 inclyta
1186 4565 1286 4636 regiaa
1304 4566 1398 4622 Romae
1419 4573 1611 4622 commorante
1629 4565 1793 4626 laenitatem
1808 4571 1888 4627 obti-
1930 4584 1935 4621 r

168 4646 317 4721 'actuario
330 4665 361 4720 iu
371 4654 735 4725 senatubuxemburgensi,
751 4653 912 4709 douodatis
924 4656 1010 4713 anso
1065 4652 1177 4708 auisset
1188 4653 1252 4724 ejas
1262 4653 1375 4709 vivendi
1388 4666 1421 4709 ac
1431 4668 1516 4724 penes
1526 4668 1556 4711 se
1571 4654 1693 4712 habendi
1714 4671 1887 4728 permenses
1920 4678 1933 4731 J

185 4753 278 4823 varlar),
301 4751 361 4822 1031
380 4747 523 4805 carnotino
540 4757 557 4798 a
570 4743 690 4813 privatis
703 4741 842 4798 branellae
855 4745 1006 4804 consiliis:
1063 4741 1235 4812 complures.
1247 4742 1322 4814 Quin
1337 4743 1423 4798 etiam
1434 4756 1498 4799 caua
1516 4745 1688 4814 percepisset
1702 4746 1782 4802 aliud
1796 4761 1887 4805 exem·

185 4848 213 4898 et
227 4853 261 4897 ea
272 4835 513 4906 iistlaspinianas
522 4831 742 4900 transcripserat
755 4832 870 4888 nomina
883 4835 1008 4906 complu·
1064 4829 1142 4900 piam
1153 4832 1279 4901 ejusdem
1292 4831 1419 4904 catalogi
1431 4834 1550 4903 reperiri
1567 4835 1596 4889 in
1608 4840 1720 4890 vetusto
1734 4835 1832 4893 codice
1844 4836 1886 4892 bi·
1935 4881 1942 4894 .

184 4928 261 4984 rium
276 4925 436 4994 consulam,
454 4928 485 4978 ut
497 4933 620 4991 persaepe
636 4925 757 4979 testatur
770 4922 862 4979 insao
875 4922 1008 4983 iibroFa·
1062 4918 1212 4976 blitihessae
1233 4918 1498 4991 C0lb⁰siissae(i“m·
1518 4920 1733 4994 ⁴⁸⁶⁸i⁰l¹1⁵i¹0ffl
1751 4924 1884 4994 intitul·
1932 4968 1935 4973 ,

183 5020 311 5082 storum
341 5013 383 5071 ita
412 5011 499 5068 etiam
523 5010 689 5068 observante
708 5011 934 5083 Bucherio(cop.
961 5011 1004 5087 il,
1061 5009 1140 5080 tatis,
1164 5021 1262 5078 nempe
1273 5009 1366 5064 aetatis
1378 5008 1472 5065 Caroli
1491 5011 1884 5083 bragniinpetravitacia-
1927 5042 1936 5088 t

180 5118 244 5174 paq.
265 5098 348 5172 biv:
372 5101 412 5155 lis
438 5099 623 5170 membranis)
634 5100 764 5170 plusculo
776 5102 862 5167 ignoti
884 5103 1003 5172 quidem,
1060 5096 1265 5154 rissimoriro
1292 5097 1434 5167 Stephano
1461 5099 1577 5155 Baiuzio
1607 5101 1731 5156 atinde
1759 5100 1883 5159 iideiiter
1926 5109 1942 5160 '-

180 5190 479 5259 recommemorata
499 5191 547 5259 qui
566 5188 814 5266 subconstitutus
833 5188 1005 5247 Constantini
1059 5187 1304 5244 transcriberetur.
1330 5187 1490 5243 Plurimum
1525 5202 1590 5245 aero
1612 5190 1728 5262 gavisus
1752 5195 1795 5246 est
1814 5203 1879 5248 cum

177 5280 274 5347 Kanai
294 5279 351 5350 pito
370 5280 472 5335 amisse
494 5279 769 5348 adclamatumque
793 5280 1002 5336 continebuntur
1057 5283 1207 5348 utramque
1219 5275 1381 5346 lectionem,
1395 5277 1505 5333 codicis
1517 5279 1631 5349 Reginae
1650 5279 1814 5350 christinae,
1828 5295 1879 5337 seu
1924 5336 1935 5354 „

175 5370 306 5438 opuscula
320 5369 621 5441 quecuspiniunusin
635 5383 733 5427 manus
748 5369 999 5442 babuissesepiu-
1055 5365 1195 5437 Vaticani,
1206 5365 1492 5437 etColbertinipiaae
1502 5368 1663 5424 consentire
1674 5373 1808 5438 expertus
1818 5376 1875 5426 est:
1923 5394 1942 5446 ς

171 5457 250 5515 mua
276 5460 420 5519 limarum
441 5474 554 5518 suorum
575 5458 640 5514 bois
660 5460 806 5530 siquitem.
835 5459 886 5517 liis
912 5460 995 5519 addit
1052 5453 1155 5513 leniori
1176 5460 1287 5513 tantam
1314 5455 1484 5513 discrimine
1507 5456 1663 5528 aliquando
1686 5444 1881 5516 intercedente
1926 5513 1927 5517 ,

173 5547 333 5617 “ruinalis
351 5550 485 5611 neruiue
505 5547 685 5615 eruditarum
709 5548 824 5617 nomine
846 5561 996 5622 commune
1051 5544 1140 5617 auius
1149 5545 1282 5615 elementi
1295 5545 1325 5605 ia
1340 5545 1448 5617 litteris
1458 5545 1501 5605 rei
1510 5545 1633 5617 unitatis
1645 5543 1676 5610 ia
1691 5546 1835 5615 numeris:
1848 5552 1877 5606 et
1920 5576 1940 5623 ι1

1921 5658 1925 5669 t
