<?xml version="1.0" encoding="UTF-8"?>
<!DOCTYPE html PUBLIC "-//W3C//DTD XHTML 1.0 Transitional//EN"
    "http://www.w3.org/TR/xhtml1/DTD/xhtml1-transitional.dtd">
<html xmlns="http://www.w3.org/1999/xhtml" xml:lang="en" lang="en">
 <head>
  <title>
</title>
<meta http-equiv="Content-Type" content="text/html;charset=utf-8" />
  <meta name='ocr-system' content='tesseract 3.04.00' />
  <meta name='ocr-capabilities' content='ocr_page ocr_carea ocr_par ocr_line ocrx_word'/>
</head>
<body>
  <div class='ocr_page' id='page_1' title='image "./patrologiaecurs48unkngoog_0125.png"; bbox 0 0 3892 6136; ppageno 0'>
   <div class='ocr_carea' id='block_1_1' title="bbox 219 298 1914 367">
    <p class='ocr_par' dir='ltr' id='par_1_1' title="bbox 219 298 1914 367">
     <span class='ocr_line' id='line_1_1' title="bbox 219 298 1914 367; baseline -0.002 0"><span class='ocrx_word' id='word_1_1' title='bbox 219 305 274 367; x_wconf 72' lang='lat'>239</span> <span class='ocrx_word' id='word_1_2' title='bbox 611 305 657 360; x_wconf 84' lang='lat' dir='ltr'>hb</span> <span class='ocrx_word' id='word_1_3' title='bbox 675 302 891 359; x_wconf 75' lang='lat' dir='ltr'>anastasium</span> <span class='ocrx_word' id='word_1_4' title='bbox 914 298 1170 357; x_wconf 76' lang='lat' dir='ltr'>Phobltdodarta</span> <span class='ocrx_word' id='word_1_5' title='bbox 1192 303 1279 359; x_wconf 83' lang='lat' dir='ltr'>EDIT.</span> <span class='ocrx_word' id='word_1_6' title='bbox 1306 303 1520 361; x_wconf 75' lang='lat' dir='ltr'>lton-vanc.</span> <span class='ocrx_word' id='word_1_7' title='bbox 1862 303 1914 363; x_wconf 75' lang='lat' dir='ltr'>alb</span> 
     </span>
    </p>
   </div>
   <div class='ocr_carea' id='block_1_2' title="bbox 145 423 1936 4744">
    <p class='ocr_par' dir='ltr' id='par_1_2' title="bbox 145 423 1921 4301">
     <span class='ocr_line' id='line_1_2' title="bbox 221 423 1920 504; baseline -0.004 -14"><span class='ocrx_word' id='word_1_8' title='bbox 221 434 327 504; x_wconf 81' lang='lat' dir='ltr'>epocha</span> <span class='ocrx_word' id='word_1_9' title='bbox 339 433 448 503; x_wconf 86' lang='lat' dir='ltr'>Cyrini,</span> <span class='ocrx_word' id='word_1_10' title='bbox 463 445 480 487; x_wconf 94' lang='lat' dir='ltr'>a</span> <span class='ocrx_word' id='word_1_11' title='bbox 502 431 529 487; x_wconf 88' lang='lat' dir='ltr'>S.</span> <span class='ocrx_word' id='word_1_12' title='bbox 547 435 619 486; x_wconf 85' lang='lat' dir='ltr'>Luca</span> <span class='ocrx_word' id='word_1_13' title='bbox 633 436 797 498; x_wconf 85' lang='lat' dir='ltr'>memorata,</span> <span class='ocrx_word' id='word_1_14' title='bbox 820 430 858 483; x_wconf 89' lang='lat' dir='ltr'>ita</span> <span class='ocrx_word' id='word_1_15' title='bbox 870 428 957 482; x_wconf 89' lang='lat' dir='ltr'>sentit</span> <span class='ocrx_word' id='word_1_16' title='bbox 971 424 1042 478; x_wconf 79' lang='lat' dir='ltr'>dm·</span> <span class='ocrx_word' id='word_1_17' title='bbox 1057 423 1087 480; x_wconf 83' lang='lat' dir='ltr'>A</span> <span class='ocrx_word' id='word_1_18' title='bbox 1100 428 1502 497; x_wconf 80' lang='lat' dir='ltr'>scriplorumpracellentium</span> <span class='ocrx_word' id='word_1_19' title='bbox 1515 429 1615 484; x_wconf 92' lang='lat' dir='ltr'>retulit</span> <span class='ocrx_word' id='word_1_20' title='bbox 1625 429 1920 485; x_wconf 85' lang='lat' dir='ltr'>consensusomniuu</span> 
     </span>
     <span class='ocr_line' id='line_1_3' title="bbox 220 512 1921 593; baseline -0.004 -15"><span class='ocrx_word' id='word_1_21' title='bbox 220 522 337 578; x_wconf 87' lang='lat' dir='ltr'>brosius</span> <span class='ocrx_word' id='word_1_22' title='bbox 348 521 395 593; x_wconf 90' lang='grc' dir='ltr'>(α).</span> <span class='ocrx_word' id='word_1_23' title='bbox 417 522 574 589; x_wconf 73' lang='lat' dir='ltr'>«praeside,</span> <span class='ocrx_word' id='word_1_24' title='bbox 589 520 695 590; x_wconf 90' lang='lat' dir='ltr'>inquit,</span> <span class='ocrx_word' id='word_1_25' title='bbox 709 519 825 588; x_wconf 87' lang='lat' dir='ltr'>Cyriuo,</span> <span class='ocrx_word' id='word_1_26' title='bbox 836 514 911 572; x_wconf 85' lang='lat' dir='ltr'>laeta</span> <span class='ocrx_word' id='word_1_27' title='bbox 925 521 968 570; x_wconf 92' lang='lat' dir='ltr'>est</span> <span class='ocrx_word' id='word_1_28' title='bbox 984 512 1042 566; x_wconf 79' lang='lat' dir='ltr'>haec</span> <span class='ocrx_word' id='word_1_29' title='bbox 1099 521 1222 570; x_wconf 79' lang='lat' dir='ltr'>aetatum.</span> <span class='ocrx_word' id='word_1_30' title='bbox 1237 517 1338 572; x_wconf 84' lang='lat' dir='ltr'>ilatum</span> <span class='ocrx_word' id='word_1_31' title='bbox 1350 518 1421 587; x_wconf 86' lang='lat' dir='ltr'>illis,</span> <span class='ocrx_word' id='word_1_32' title='bbox 1440 518 1557 586; x_wconf 79' lang='lat' dir='ltr'><strong>perinde</strong></span> <span class='ocrx_word' id='word_1_33' title='bbox 1570 532 1601 573; x_wconf 89' lang='lat' dir='ltr'>ae</span> <span class='ocrx_word' id='word_1_34' title='bbox 1615 517 1707 585; x_wconf 79' lang='lat' dir='ltr'>nobiS,</span> <span class='ocrx_word' id='word_1_35' title='bbox 1724 515 1784 573; x_wconf 79' lang='lat' dir='ltr'>suit</span> <span class='ocrx_word' id='word_1_36' title='bbox 1796 518 1921 572; x_wconf 86' lang='lat' dir='ltr'>mutuari</span> 
     </span>
     <span class='ocr_line' id='line_1_4' title="bbox 221 598 1919 680; baseline -0.002 -15"><span class='ocrx_word' id='word_1_37' title='bbox 221 611 314 680; x_wconf 89' lang='lat' dir='ltr'>prima</span> <span class='ocrx_word' id='word_1_38' title='bbox 328 608 478 679; x_wconf 78' lang='lat' dir='ltr'><strong>professio,</strong></span> <span class='ocrx_word' id='word_1_39' title='bbox 496 614 527 663; x_wconf 93' lang='lat' dir='ltr'>ut</span> <span class='ocrx_word' id='word_1_40' title='bbox 540 608 622 678; x_wconf 86' lang='lat' dir='ltr'><strong>quasi</strong></span> <span class='ocrx_word' id='word_1_41' title='bbox 638 606 783 662; x_wconf 90' lang='lat' dir='ltr'>consulem</span> <span class='ocrx_word' id='word_1_42' title='bbox 799 605 949 674; x_wconf 82' lang='lat' dir='ltr'>quemdam</span> <span class='ocrx_word' id='word_1_43' title='bbox 963 598 1040 669; x_wconf 80' lang='lat' dir='ltr'>sigui</span> <span class='ocrx_word' id='word_1_44' title='bbox 1098 603 1267 660; x_wconf 87' lang='lat' dir='ltr'>documenta</span> <span class='ocrx_word' id='word_1_45' title='bbox 1281 612 1439 674; x_wconf 92' lang='lat' dir='ltr'>temporum</span> <span class='ocrx_word' id='word_1_46' title='bbox 1453 619 1485 661; x_wconf 88' lang='lat' dir='ltr'>ac</span> <span class='ocrx_word' id='word_1_47' title='bbox 1500 620 1594 661; x_wconf 91' lang='lat' dir='ltr'>rerum</span> <span class='ocrx_word' id='word_1_48' title='bbox 1611 619 1682 676; x_wconf 91' lang='lat' dir='ltr'>quas</span> <span class='ocrx_word' id='word_1_49' title='bbox 1696 613 1877 674; x_wconf 82' lang='lat' dir='ltr'>enarrarent,</span> <span class='ocrx_word' id='word_1_50' title='bbox 1889 619 1919 661; x_wconf 85' lang='lat' dir='ltr'>ex</span> 
     </span>
     <span class='ocr_line' id='line_1_5' title="bbox 223 691 1918 771; baseline -0.004 -17"><span class='ocrx_word' id='word_1_51' title='bbox 223 700 315 771; x_wconf 89' lang='lat' dir='ltr'>gratia</span> <span class='ocrx_word' id='word_1_52' title='bbox 329 698 397 754; x_wconf 90' lang='lat' dir='ltr'>huic</span> <span class='ocrx_word' id='word_1_53' title='bbox 411 697 486 752; x_wconf 91' lang='lat' dir='ltr'>libro</span> <span class='ocrx_word' id='word_1_54' title='bbox 499 695 673 767; x_wconf 88' lang='lat' dir='ltr'>evangelista</span> <span class='ocrx_word' id='word_1_55' title='bbox 695 694 885 763; x_wconf 85' lang='lat' dir='ltr'>adscripsisse</span> <span class='ocrx_word' id='word_1_56' title='bbox 898 693 1041 746; x_wconf 88' lang='lat' dir='ltr'>videatur.</span> <span class='ocrx_word' id='word_1_57' title='bbox 1100 691 1225 759; x_wconf 85' lang='lat' dir='ltr'>publicis</span> <span class='ocrx_word' id='word_1_58' title='bbox 1249 694 1443 748; x_wconf 80' lang='lat' dir='ltr'>monumentis</span> <span class='ocrx_word' id='word_1_59' title='bbox 1464 694 1585 748; x_wconf 83' lang='lat' dir='ltr'>maxime</span> <span class='ocrx_word' id='word_1_60' title='bbox 1613 694 1751 764; x_wconf 91' lang='lat' dir='ltr'>probatis,</span> <span class='ocrx_word' id='word_1_61' title='bbox 1784 706 1820 747; x_wconf 91' lang='lat' dir='ltr'>ac</span> <span class='ocrx_word' id='word_1_62' title='bbox 1844 699 1918 748; x_wconf 81' lang='lat' dir='ltr'>aetate</span> 
     </span>
     <span class='ocr_line' id='line_1_6' title="bbox 222 776 1912 850; baseline -0.005 -6"><span class='ocrx_word' id='word_1_63' title='bbox 222 781 770 844; x_wconf 89' lang='lat' dir='ltr'>Namsiconsulesascribunturtabulis</span> <span class='ocrx_word' id='word_1_64' title='bbox 783 781 948 850; x_wconf 90' lang='lat' dir='ltr'>emptionis,</span> <span class='ocrx_word' id='word_1_65' title='bbox 958 791 1045 847; x_wconf 93' lang='lat' dir='ltr'>quan·</span> <span class='ocrx_word' id='word_1_66' title='bbox 1100 776 1217 849; x_wconf 86' lang='lat' dir='ltr'>locoque</span> <span class='ocrx_word' id='word_1_67' title='bbox 1238 781 1377 848; x_wconf 78' lang='lat' dir='ltr'>proximis</span> <span class='ocrx_word' id='word_1_68' title='bbox 1398 780 1482 837; x_wconf 91' lang='lat' dir='ltr'>rebus</span> <span class='ocrx_word' id='word_1_69' title='bbox 1503 782 1605 837; x_wconf 93' lang='lat' dir='ltr'>iisdem</span> <span class='ocrx_word' id='word_1_70' title='bbox 1629 780 1685 837; x_wconf 93' lang='lat' dir='ltr'>sibi</span> <span class='ocrx_word' id='word_1_71' title='bbox 1708 780 1871 850; x_wconf 87' lang='lat' dir='ltr'>propositis</span> <span class='ocrx_word' id='word_1_72' title='bbox 1884 779 1912 834; x_wconf 87' lang='lat' dir='ltr'>ad</span> 
     </span>
     <span class='ocr_line' id='line_1_7' title="bbox 225 864 1915 949; baseline -0.005 -16"><span class='ocrx_word' id='word_1_73' title='bbox 225 885 253 933; x_wconf 93' lang='lat' dir='ltr'>to</span> <span class='ocrx_word' id='word_1_74' title='bbox 261 877 351 949; x_wconf 88' lang='lat' dir='ltr'>magis</span> <span class='ocrx_word' id='word_1_75' title='bbox 360 872 908 943; x_wconf 90' lang='lat' dir='ltr'>redemptioniomniumdebuittempus</span> <span class='ocrx_word' id='word_1_76' title='bbox 918 864 1044 923; x_wconf 74' lang='lat' dir='ltr'>ascribit</span> <span class='ocrx_word' id='word_1_77' title='bbox 1099 867 1259 922; x_wconf 90' lang='lat' dir='ltr'>historiam.</span> <span class='ocrx_word' id='word_1_78' title='bbox 1272 869 1444 925; x_wconf 86' lang='lat' dir='ltr'>Prohtentur</span> <span class='ocrx_word' id='word_1_79' title='bbox 1453 871 1527 925; x_wconf 91' lang='lat' dir='ltr'>enim</span> <span class='ocrx_word' id='word_1_80' title='bbox 1543 872 1649 939; x_wconf 88' lang='lat' dir='ltr'>passim</span> <span class='ocrx_word' id='word_1_81' title='bbox 1662 870 1712 925; x_wconf 90' lang='lat' dir='ltr'>ilia</span> <span class='ocrx_word' id='word_1_82' title='bbox 1725 883 1792 940; x_wconf 71' lang='lat' dir='ltr'>quas</span> <span class='ocrx_word' id='word_1_83' title='bbox 1806 878 1915 925; x_wconf 86' lang='lat' dir='ltr'>narrant</span> 
     </span>
     <span class='ocr_line' id='line_1_8' title="bbox 152 956 1917 1043; baseline -0.003 -22"><span class='ocrx_word' id='word_1_84' title='bbox 152 976 158 982; x_wconf 78' lang='lat'><strong><em>‘</em></strong></span> <span class='ocrx_word' id='word_1_85' title='bbox 223 966 314 1021; x_wconf 87' lang='lat' dir='ltr'>Habes</span> <span class='ocrx_word' id='word_1_86' title='bbox 326 977 392 1034; x_wconf 90' lang='lat' dir='ltr'>ergo</span> <span class='ocrx_word' id='word_1_87' title='bbox 407 963 503 1019; x_wconf 92' lang='lat' dir='ltr'>omnia</span> <span class='ocrx_word' id='word_1_88' title='bbox 519 975 581 1032; x_wconf 73' lang='lat' dir='ltr'>quaa</span> <span class='ocrx_word' id='word_1_89' title='bbox 598 962 626 1016; x_wconf 95' lang='lat' dir='ltr'>in</span> <span class='ocrx_word' id='word_1_90' title='bbox 641 961 840 1016; x_wconf 87' lang='lat' dir='ltr'>contractibus</span> <span class='ocrx_word' id='word_1_91' title='bbox 852 971 913 1013; x_wconf 90' lang='lat' dir='ltr'>esse</span> <span class='ocrx_word' id='word_1_92' title='bbox 926 967 1064 1043; x_wconf 31' lang='lat' dir='ltr'>consue-t</span> <span class='ocrx_word' id='word_1_93' title='bbox 1098 969 1113 1012; x_wconf 92' lang='lat' dir='ltr'>a</span> <span class='ocrx_word' id='word_1_94' title='bbox 1135 971 1165 1011; x_wconf 93' lang='lat' dir='ltr'>se</span> <span class='ocrx_word' id='word_1_95' title='bbox 1189 956 1279 1013; x_wconf 88' lang='lat' dir='ltr'>luisse</span> <span class='ocrx_word' id='word_1_96' title='bbox 1308 965 1437 1028; x_wconf 89' lang='lat' dir='ltr'>percepta</span> <span class='ocrx_word' id='word_1_97' title='bbox 1463 974 1496 1014; x_wconf 82' lang='lat' dir='ltr'>ex</span> <span class='ocrx_word' id='word_1_98' title='bbox 1512 960 1666 1014; x_wconf 80' lang='lat' dir='ltr'>annalibus</span> <span class='ocrx_word' id='word_1_99' title='bbox 1691 959 1873 1029; x_wconf 82' lang='lat' dir='ltr'>pontificum,</span> <span class='ocrx_word' id='word_1_100' title='bbox 1887 974 1917 1015; x_wconf 85' lang='lat' dir='ltr'>ex</span> 
     </span>
     <span class='ocr_line' id='line_1_9' title="bbox 222 1044 1913 1118; baseline -0.003 -9"><span class='ocrx_word' id='word_1_101' title='bbox 222 1058 334 1109; x_wconf 86' lang='lat' dir='ltr'>rerunt.</span> <span class='ocrx_word' id='word_1_102' title='bbox 352 1050 526 1109; x_wconf 86' lang='lat' dir='ltr'>Vocabulum</span> <span class='ocrx_word' id='word_1_103' title='bbox 536 1063 676 1105; x_wconf 90' lang='lat' dir='ltr'>summam</span> <span class='ocrx_word' id='word_1_104' title='bbox 689 1049 751 1104; x_wconf 93' lang='lat' dir='ltr'>illic</span> <span class='ocrx_word' id='word_1_105' title='bbox 761 1052 924 1117; x_wconf 90' lang='lat' dir='ltr'>potestatem</span> <span class='ocrx_word' id='word_1_106' title='bbox 940 1056 1044 1115; x_wconf 86' lang='lat' dir='ltr'>geren·</span> <span class='ocrx_word' id='word_1_107' title='bbox 1100 1044 1184 1101; x_wconf 91' lang='lat' dir='ltr'>libris</span> <span class='ocrx_word' id='word_1_108' title='bbox 1210 1048 1360 1116; x_wconf 76' lang='lat' dir='ltr'>censoriis,</span> <span class='ocrx_word' id='word_1_109' title='bbox 1389 1062 1422 1103; x_wconf 82' lang='lat' dir='ltr'>ex</span> <span class='ocrx_word' id='word_1_110' title='bbox 1443 1049 1523 1103; x_wconf 83' lang='lat' dir='ltr'>lictis</span> <span class='ocrx_word' id='word_1_111' title='bbox 1552 1048 1677 1118; x_wconf 83' lang='lat' dir='ltr'>publicis</span> <span class='ocrx_word' id='word_1_112' title='bbox 1704 1061 1736 1103; x_wconf 91' lang='lat' dir='ltr'>ac</span> <span class='ocrx_word' id='word_1_113' title='bbox 1752 1047 1913 1117; x_wconf 87' lang='lat' dir='ltr'>tabulariis,</span> 
     </span>
     <span class='ocr_line' id='line_1_10' title="bbox 224 1131 1915 1211; baseline -0.003 -14"><span class='ocrx_word' id='word_1_114' title='bbox 224 1143 375 1211; x_wconf 89' lang='lat' dir='ltr'>tis,diem,</span> <span class='ocrx_word' id='word_1_115' title='bbox 397 1141 500 1205; x_wconf 88' lang='lat' dir='ltr'>locum,</span> <span class='ocrx_word' id='word_1_116' title='bbox 520 1153 647 1195; x_wconf 86' lang='lat' dir='ltr'>causam.</span> <span class='ocrx_word' id='word_1_117' title='bbox 668 1145 753 1193; x_wconf 89' lang='lat' dir='ltr'>testes</span> <span class='ocrx_word' id='word_1_118' title='bbox 774 1149 887 1207; x_wconf 90' lang='lat' dir='ltr'>quoque</span> <span class='ocrx_word' id='word_1_119' title='bbox 907 1132 1043 1189; x_wconf 87' lang='lat' dir='ltr'>adhibere</span> <span class='ocrx_word' id='word_1_120' title='bbox 1099 1131 1240 1204; x_wconf 83' lang='lat' dir='ltr'>librisque</span> <span class='ocrx_word' id='word_1_121' title='bbox 1278 1135 1377 1190; x_wconf 92' lang='lat' dir='ltr'>linteis</span> <span class='ocrx_word' id='word_1_122' title='bbox 1407 1150 1439 1191; x_wconf 94' lang='lat' dir='ltr'>ac</span> <span class='ocrx_word' id='word_1_123' title='bbox 1471 1137 1664 1205; x_wconf 81' lang='lat' dir='ltr'>elephantinis</span> <span class='ocrx_word' id='word_1_124' title='bbox 1699 1136 1915 1207; x_wconf 89' lang='lat' dir='ltr'>magistratuum</span> 
     </span>
     <span class='ocr_line' id='line_1_11' title="bbox 225 1222 1914 1300; baseline -0.005 -12"><span class='ocrx_word' id='word_1_125' title='bbox 225 1231 326 1288; x_wconf 89' lang='lat' dir='ltr'>solent.</span> <span class='ocrx_word' id='word_1_126' title='bbox 343 1232 399 1286; x_wconf 83' lang='lat' dir='ltr'>llos</span> <span class='ocrx_word' id='word_1_127' title='bbox 414 1242 528 1299; x_wconf 92' lang='lat' dir='ltr'>quoque</span> <span class='ocrx_word' id='word_1_128' title='bbox 539 1227 682 1300; x_wconf 84' lang='lat' dir='ltr'>nativitati</span> <span class='ocrx_word' id='word_1_129' title='bbox 695 1239 753 1281; x_wconf 85' lang='lat' dir='ltr'>suae</span> <span class='ocrx_word' id='word_1_130' title='bbox 765 1231 792 1280; x_wconf 92' lang='lat' dir='ltr'>et</span> <span class='ocrx_word' id='word_1_131' title='bbox 808 1222 1044 1295; x_wconf 85' lang='lat' dir='ltr'>generationise-</span> <span class='ocrx_word' id='word_1_132' title='bbox 1097 1224 1268 1278; x_wconf 89' lang='lat' dir='ltr'>auctoritate</span> <span class='ocrx_word' id='word_1_133' title='bbox 1296 1226 1473 1294; x_wconf 83' lang='lat' dir='ltr'>perscriptis.</span> <span class='ocrx_word' id='word_1_134' title='bbox 1507 1231 1593 1295; x_wconf 92' lang='lat' dir='ltr'>atque</span> <span class='ocrx_word' id='word_1_135' title='bbox 1620 1225 1740 1280; x_wconf 91' lang='lat' dir='ltr'>illorum</span> <span class='ocrx_word' id='word_1_136' title='bbox 1774 1225 1826 1294; x_wconf 91' lang='lat' dir='ltr'>qui</span> <span class='ocrx_word' id='word_1_137' title='bbox 1852 1224 1914 1281; x_wconf 87' lang='lat' dir='ltr'>llei-</span> 
     </span>
     <span class='ocr_line' id='line_1_12' title="bbox 224 1310 1914 1383; baseline -0.005 -7"><span class='ocrx_word' id='word_1_138' title='bbox 224 1320 350 1376; x_wconf 88' lang='lat' dir='ltr'>cundum</span> <span class='ocrx_word' id='word_1_139' title='bbox 374 1332 487 1375; x_wconf 86' lang='lat' dir='ltr'>carnem</span> <span class='ocrx_word' id='word_1_140' title='bbox 510 1317 643 1372; x_wconf 83' lang='lat' dir='ltr'>Christus</span> <span class='ocrx_word' id='word_1_141' title='bbox 665 1313 802 1371; x_wconf 83' lang='lat' dir='ltr'>adhibuit</span> <span class='ocrx_word' id='word_1_142' title='bbox 822 1314 870 1382; x_wconf 94' lang='lat' dir='ltr'>qui</span> <span class='ocrx_word' id='word_1_143' title='bbox 897 1311 1044 1381; x_wconf 80' lang='lat' dir='ltr'>signarent</span> <span class='ocrx_word' id='word_1_144' title='bbox 1099 1310 1220 1380; x_wconf 75' lang='lat' dir='ltr'>publicae</span> <span class='ocrx_word' id='word_1_145' title='bbox 1240 1318 1378 1380; x_wconf 81' lang='lat' dir='ltr'>praeerant</span> <span class='ocrx_word' id='word_1_146' title='bbox 1403 1315 1488 1382; x_wconf 84' lang='lat' dir='ltr'>jussu</span> <span class='ocrx_word' id='word_1_147' title='bbox 1508 1314 1647 1383; x_wconf 82' lang='lat' dir='ltr'>depositis</span> <span class='ocrx_word' id='word_1_148' title='bbox 1668 1314 1698 1368; x_wconf 92' lang='lat' dir='ltr'>in</span> <span class='ocrx_word' id='word_1_149' title='bbox 1720 1312 1914 1369; x_wconf 74' lang='lat' dir='ltr'>bibliothecis.</span> 
     </span>
     <span class='ocr_line' id='line_1_13' title="bbox 222 1400 1914 1479; baseline -0.005 -14"><span class='ocrx_word' id='word_1_150' title='bbox 222 1408 418 1479; x_wconf 71' lang='lat' dir='ltr'>Euangeliou,</span> <span class='ocrx_word' id='word_1_151' title='bbox 431 1407 549 1462; x_wconf 88' lang='lat' dir='ltr'>diceus:</span> <span class='ocrx_word' id='word_1_152' title='bbox 568 1407 621 1462; x_wconf 82' lang='lat' dir='ltr'>Vos</span> <span class='ocrx_word' id='word_1_153' title='bbox 633 1405 709 1458; x_wconf 82' lang='lat' dir='ltr'>eritis</span> <span class='ocrx_word' id='word_1_154' title='bbox 721 1402 789 1456; x_wconf 84' lang='lat' dir='ltr'>mihi</span> <span class='ocrx_word' id='word_1_155' title='bbox 804 1401 920 1455; x_wconf 82' lang='lat' dir='ltr'>testesirr</span> <span class='ocrx_word' id='word_1_156' title='bbox 939 1400 1044 1451; x_wconf 81' lang='lat' dir='ltr'>Hieru-</span> <span class='ocrx_word' id='word_1_157' title='bbox 1098 1400 1157 1457; x_wconf 88' lang='lat' dir='ltr'>sive</span> <span class='ocrx_word' id='word_1_158' title='bbox 1183 1401 1268 1456; x_wconf 90' lang='lat' dir='ltr'>etiam</span> <span class='ocrx_word' id='word_1_159' title='bbox 1286 1402 1314 1457; x_wconf 92' lang='lat' dir='ltr'>in</span> <span class='ocrx_word' id='word_1_160' title='bbox 1337 1403 1473 1457; x_wconf 90' lang='lat' dir='ltr'>sacrariis</span> <span class='ocrx_word' id='word_1_161' title='bbox 1488 1407 1515 1457; x_wconf 90' lang='lat' dir='ltr'>et</span> <span class='ocrx_word' id='word_1_162' title='bbox 1540 1401 1624 1459; x_wconf 89' lang='lat' dir='ltr'>lauis.</span> <span class='ocrx_word' id='word_1_163' title='bbox 1650 1403 1713 1457; x_wconf 87' lang='lat' dir='ltr'>llaec</span> <span class='ocrx_word' id='word_1_164' title='bbox 1739 1401 1914 1457; x_wconf 87' lang='lat' dir='ltr'>luculentius</span> 
     </span>
     <span class='ocr_line' id='line_1_14' title="bbox 224 1485 1914 1562; baseline -0.005 -10"><span class='ocrx_word' id='word_1_165' title='bbox 224 1495 535 1552; x_wconf 80' lang='lat' dir='ltr'>sclem.rDesccundae</span> <span class='ocrx_word' id='word_1_166' title='bbox 550 1491 744 1562; x_wconf 79' lang='lat' dir='ltr'>chronologia</span> <span class='ocrx_word' id='word_1_167' title='bbox 758 1487 973 1545; x_wconf 79' lang='lat' dir='ltr'>characteribus</span> <span class='ocrx_word' id='word_1_168' title='bbox 988 1485 1043 1540; x_wconf 90' lang='lat' dir='ltr'>late</span> <span class='ocrx_word' id='word_1_169' title='bbox 1099 1503 1162 1544; x_wconf 91' lang='lat' dir='ltr'>sum</span> <span class='ocrx_word' id='word_1_170' title='bbox 1204 1497 1371 1558; x_wconf 90' lang='lat' dir='ltr'>prosecutus</span> <span class='ocrx_word' id='word_1_171' title='bbox 1406 1491 1434 1544; x_wconf 95' lang='lat' dir='ltr'>in</span> <span class='ocrx_word' id='word_1_172' title='bbox 1478 1489 1646 1545; x_wconf 81' lang='lat' dir='ltr'>Pralatione</span> <span class='ocrx_word' id='word_1_173' title='bbox 1680 1491 1715 1545; x_wconf 90' lang='lat' dir='ltr'>ad</span> <span class='ocrx_word' id='word_1_174' title='bbox 1764 1489 1914 1546; x_wconf 84' lang='lat' dir='ltr'>Historiam</span> 
     </span>
     <span class='ocr_line' id='line_1_15' title="bbox 145 1577 1916 1654; baseline -0.005 -13"><span class='ocrx_word' id='word_1_175' title='bbox 145 1594 148 1599; x_wconf 86' lang='grc'><strong>’</strong></span> <span class='ocrx_word' id='word_1_176' title='bbox 223 1585 343 1641; x_wconf 89' lang='lat' dir='ltr'>disserit</span> <span class='ocrx_word' id='word_1_177' title='bbox 366 1584 393 1639; x_wconf 89' lang='lat' dir='ltr'>S.</span> <span class='ocrx_word' id='word_1_178' title='bbox 419 1583 576 1654; x_wconf 83' lang='lat' dir='ltr'>Gregorius</span> <span class='ocrx_word' id='word_1_179' title='bbox 599 1580 635 1651; x_wconf 85' lang='lat' dir='ltr'>(b)</span> <span class='ocrx_word' id='word_1_180' title='bbox 653 1581 735 1650; x_wconf 91' lang='lat' dir='ltr'>plura</span> <span class='ocrx_word' id='word_1_181' title='bbox 759 1593 793 1634; x_wconf 83' lang='lat' dir='ltr'>en</span> <span class='ocrx_word' id='word_1_182' title='bbox 821 1577 939 1647; x_wconf 81' lang='lat' dir='ltr'>mystico</span> <span class='ocrx_word' id='word_1_183' title='bbox 958 1588 1044 1629; x_wconf 90' lang='lat' dir='ltr'>sensu</span> <span class='ocrx_word' id='word_1_184' title='bbox 1098 1578 1302 1643; x_wconf 81' lang='lat' dir='ltr'>Universalem,</span> <span class='ocrx_word' id='word_1_185' title='bbox 1327 1593 1388 1648; x_wconf 89' lang='lat' dir='ltr'>cap.</span> <span class='ocrx_word' id='word_1_186' title='bbox 1409 1578 1435 1638; x_wconf 84' lang='lat' dir='ltr'>i.</span> <span class='ocrx_word' id='word_1_187' title='bbox 1459 1594 1493 1635; x_wconf 84' lang='lat' dir='ltr'>ex</span> <span class='ocrx_word' id='word_1_188' title='bbox 1517 1583 1552 1634; x_wconf 90' lang='lat' dir='ltr'>hl.</span> <span class='ocrx_word' id='word_1_189' title='bbox 1575 1579 1672 1634; x_wconf 93' lang='lat' dir='ltr'>Tullio</span> <span class='ocrx_word' id='word_1_190' title='bbox 1696 1579 1726 1634; x_wconf 96' lang='lat' dir='ltr'>in</span> <span class='ocrx_word' id='word_1_191' title='bbox 1753 1578 1831 1634; x_wconf 89' lang='lat' dir='ltr'>libro</span> <span class='ocrx_word' id='word_1_192' title='bbox 1847 1593 1867 1634; x_wconf 94' lang='grc' dir='ltr'>ιι</span> <span class='ocrx_word' id='word_1_193' title='bbox 1887 1579 1916 1634; x_wconf 88' lang='lat' dir='ltr'>de</span> 
     </span>
     <span class='ocr_line' id='line_1_16' title="bbox 222 1666 1918 1743; baseline -0.004 -15"><span class='ocrx_word' id='word_1_194' title='bbox 222 1673 435 1743; x_wconf 69' lang='lat' dir='ltr'>monacensem</span> <span class='ocrx_word' id='word_1_195' title='bbox 449 1669 643 1726; x_wconf 78' lang='lat' dir='ltr'>litteralitero</span> <span class='ocrx_word' id='word_1_196' title='bbox 657 1668 685 1722; x_wconf 92' lang='lat' dir='ltr'>id</span> <span class='ocrx_word' id='word_1_197' title='bbox 701 1666 876 1736; x_wconf 76' lang='lat' dir='ltr'>precipuum</span> <span class='ocrx_word' id='word_1_198' title='bbox 888 1675 1042 1732; x_wconf 82' lang='lat' dir='ltr'>exponens,</span> <span class='ocrx_word' id='word_1_199' title='bbox 1098 1667 1226 1736; x_wconf 88' lang='lat' dir='ltr'>Oratore,</span> <span class='ocrx_word' id='word_1_200' title='bbox 1238 1668 1287 1722; x_wconf 94' lang='lat' dir='ltr'>ubi</span> <span class='ocrx_word' id='word_1_201' title='bbox 1301 1669 1343 1722; x_wconf 89' lang='lat' dir='ltr'>ait</span> <span class='ocrx_word' id='word_1_202' title='bbox 1359 1687 1364 1721; x_wconf 91' lang='lat'>:</span> <span class='ocrx_word' id='word_1_203' title='bbox 1385 1690 1398 1720; x_wconf 81' lang='grc' dir='ltr'>ι</span> <span class='ocrx_word' id='word_1_204' title='bbox 1416 1670 1481 1723; x_wconf 82' lang='lat' dir='ltr'>Erat</span> <span class='ocrx_word' id='word_1_205' title='bbox 1498 1668 1617 1723; x_wconf 74' lang='lat' dir='ltr'>historia</span> <span class='ocrx_word' id='word_1_206' title='bbox 1635 1667 1677 1722; x_wconf 93' lang='lat' dir='ltr'>uil</span> <span class='ocrx_word' id='word_1_207' title='bbox 1690 1668 1773 1723; x_wconf 88' lang='lat' dir='ltr'>aliud</span> <span class='ocrx_word' id='word_1_208' title='bbox 1792 1668 1851 1722; x_wconf 89' lang='lat' dir='ltr'>nisl</span> <span class='ocrx_word' id='word_1_209' title='bbox 1866 1680 1918 1722; x_wconf 92' lang='lat' dir='ltr'>an-</span> 
     </span>
     <span class='ocr_line' id='line_1_17' title="bbox 223 1733 1917 1829; baseline -0.004 -13"><span class='ocrx_word' id='word_1_210' title='bbox 223 1767 383 1829; x_wconf 89' lang='lat' dir='ltr'>temporum</span> <span class='ocrx_word' id='word_1_211' title='bbox 400 1759 513 1814; x_wconf 87' lang='lat' dir='ltr'>scilicet</span> <span class='ocrx_word' id='word_1_212' title='bbox 527 1757 735 1813; x_wconf 88' lang='lat' dir='ltr'>enarrationem</span> <span class='ocrx_word' id='word_1_213' title='bbox 754 1756 793 1808; x_wconf 93' lang='lat' dir='ltr'>ita</span> <span class='ocrx_word' id='word_1_214' title='bbox 808 1753 976 1822; x_wconf 80' lang='lat' dir='ltr'>diligentem</span> <span class='ocrx_word' id='word_1_215' title='bbox 993 1763 1043 1819; x_wconf 90' lang='lat' dir='ltr'>pro</span> <span class='ocrx_word' id='word_1_216' title='bbox 1058 1733 1082 1792; x_wconf 87' lang='grc' dir='ltr'>Β</span> <span class='ocrx_word' id='word_1_217' title='bbox 1099 1755 1208 1810; x_wconf 88' lang='lat' dir='ltr'>natium</span> <span class='ocrx_word' id='word_1_218' title='bbox 1224 1754 1383 1823; x_wconf 73' lang='lat' dir='ltr'>conlectio,</span> <span class='ocrx_word' id='word_1_219' title='bbox 1398 1758 1481 1825; x_wconf 91' lang='lat' dir='ltr'>cujas</span> <span class='ocrx_word' id='word_1_220' title='bbox 1495 1757 1535 1811; x_wconf 89' lang='lat' dir='ltr'>rei</span> <span class='ocrx_word' id='word_1_221' title='bbox 1551 1757 1749 1826; x_wconf 84' lang='lat' dir='ltr'>memoriaeque</span> <span class='ocrx_word' id='word_1_222' title='bbox 1766 1756 1917 1811; x_wconf 79' lang='lat' dir='ltr'>retinenda</span> 
     </span>
     <span class='ocr_line' id='line_1_18' title="bbox 223 1838 1918 1914; baseline -0.002 -11"><span class='ocrx_word' id='word_1_223' title='bbox 223 1862 301 1905; x_wconf 91' lang='lat' dir='ltr'>more</span> <span class='ocrx_word' id='word_1_224' title='bbox 321 1855 448 1902; x_wconf 85' lang='lat' dir='ltr'>veterum</span> <span class='ocrx_word' id='word_1_225' title='bbox 479 1845 681 1914; x_wconf 91' lang='lat' dir='ltr'>prophetarum</span> <span class='ocrx_word' id='word_1_226' title='bbox 703 1841 792 1898; x_wconf 89' lang='lat' dir='ltr'>iuisse</span> <span class='ocrx_word' id='word_1_227' title='bbox 815 1840 850 1896; x_wconf 88' lang='lat' dir='ltr'>ab</span> <span class='ocrx_word' id='word_1_228' title='bbox 870 1838 1042 1911; x_wconf 84' lang='lat' dir='ltr'>evangelista</span> <span class='ocrx_word' id='word_1_229' title='bbox 1098 1856 1183 1898; x_wconf 89' lang='lat' dir='ltr'>causa</span> <span class='ocrx_word' id='word_1_230' title='bbox 1194 1843 1229 1898; x_wconf 89' lang='lat' dir='ltr'>ab</span> <span class='ocrx_word' id='word_1_231' title='bbox 1243 1844 1328 1900; x_wconf 93' lang='lat' dir='ltr'>initio</span> <span class='ocrx_word' id='word_1_232' title='bbox 1343 1859 1437 1899; x_wconf 91' lang='lat' dir='ltr'>rerum</span> <span class='ocrx_word' id='word_1_233' title='bbox 1454 1846 1643 1900; x_wconf 83' lang='lat' dir='ltr'>Romanarum</span> <span class='ocrx_word' id='word_1_234' title='bbox 1659 1857 1751 1914; x_wconf 89' lang='lat' dir='ltr'>usque</span> <span class='ocrx_word' id='word_1_235' title='bbox 1766 1844 1803 1899; x_wconf 90' lang='lat' dir='ltr'>ad</span> <span class='ocrx_word' id='word_1_236' title='bbox 1815 1845 1844 1899; x_wconf 88' lang='lat' dir='ltr'>P.</span> <span class='ocrx_word' id='word_1_237' title='bbox 1855 1845 1918 1899; x_wconf 81' lang='lat' dir='ltr'>blu-</span> 
     </span>
     <span class='ocr_line' id='line_1_19' title="bbox 221 1926 1915 2004; baseline -0.004 -11"><span class='ocrx_word' id='word_1_238' title='bbox 221 1942 360 1993; x_wconf 85' lang='lat' dir='ltr'>serratam</span> <span class='ocrx_word' id='word_1_239' title='bbox 388 1934 519 1990; x_wconf 89' lang='lat' dir='ltr'>utnulla</span> <span class='ocrx_word' id='word_1_240' title='bbox 542 1935 653 1989; x_wconf 87' lang='lat' dir='ltr'>deesset</span> <span class='ocrx_word' id='word_1_241' title='bbox 676 1926 1040 1995; x_wconf 88' lang='lat' dir='ltr'>auctoritasinstrumentl,</span> <span class='ocrx_word' id='word_1_242' title='bbox 1097 1931 1174 1987; x_wconf 89' lang='lat' dir='ltr'>rium</span> <span class='ocrx_word' id='word_1_243' title='bbox 1199 1933 1360 2002; x_wconf 83' lang='lat' dir='ltr'>pontilirem</span> <span class='ocrx_word' id='word_1_244' title='bbox 1389 1933 1543 1987; x_wconf 89' lang='lat' dir='ltr'>maximum</span> <span class='ocrx_word' id='word_1_245' title='bbox 1566 1947 1611 1987; x_wconf 91' lang='lat' dir='ltr'>res</span> <span class='ocrx_word' id='word_1_246' title='bbox 1625 1946 1723 1989; x_wconf 88' lang='lat' dir='ltr'>omnes</span> <span class='ocrx_word' id='word_1_247' title='bbox 1735 1930 1915 2004; x_wconf 86' lang='lat' dir='ltr'>singulorum</span> 
     </span>
     <span class='ocr_line' id='line_1_20' title="bbox 220 2017 1916 2094; baseline -0.008 -13"><span class='ocrx_word' id='word_1_248' title='bbox 220 2026 319 2082; x_wconf 90' lang='lat' dir='ltr'>dlrina</span> <span class='ocrx_word' id='word_1_249' title='bbox 334 2025 402 2080; x_wconf 89' lang='lat' dir='ltr'>licet</span> <span class='ocrx_word' id='word_1_250' title='bbox 417 2023 471 2079; x_wconf 89' lang='lat' dir='ltr'>ilde</span> <span class='ocrx_word' id='word_1_251' title='bbox 487 2024 569 2094; x_wconf 89' lang='lat' dir='ltr'>longe</span> <span class='ocrx_word' id='word_1_252' title='bbox 586 2021 712 2077; x_wconf 90' lang='lat' dir='ltr'>solidius</span> <span class='ocrx_word' id='word_1_253' title='bbox 724 2018 839 2087; x_wconf 89' lang='lat' dir='ltr'>drmati,</span> <span class='ocrx_word' id='word_1_254' title='bbox 851 2032 884 2073; x_wconf 82' lang='lat' dir='ltr'>ex</span> <span class='ocrx_word' id='word_1_255' title='bbox 898 2017 937 2072; x_wconf 87' lang='lat' dir='ltr'>iis</span> <span class='ocrx_word' id='word_1_256' title='bbox 962 2017 1043 2071; x_wconf 91' lang='lat' dir='ltr'>indi·</span> <span class='ocrx_word' id='word_1_257' title='bbox 1097 2034 1238 2076; x_wconf 91' lang='lat' dir='ltr'>annorum</span> <span class='ocrx_word' id='word_1_258' title='bbox 1256 2020 1407 2076; x_wconf 90' lang='lat' dir='ltr'>mandabat</span> <span class='ocrx_word' id='word_1_259' title='bbox 1420 2021 1528 2076; x_wconf 90' lang='lat' dir='ltr'>litteris</span> <span class='ocrx_word' id='word_1_260' title='bbox 1542 2018 1669 2090; x_wconf 75' lang='lat' dir='ltr'>pontifex</span> <span class='ocrx_word' id='word_1_261' title='bbox 1681 2022 1836 2086; x_wconf 73' lang='lat' dir='ltr'>maximus,</span> <span class='ocrx_word' id='word_1_262' title='bbox 1851 2019 1916 2076; x_wconf 75' lang='lat' dir='ltr'>otto-</span> 
     </span>
     <span class='ocr_line' id='line_1_21' title="bbox 220 2104 1914 2182; baseline -0.007 -13"><span class='ocrx_word' id='word_1_263' title='bbox 220 2113 396 2179; x_wconf 78' lang='lat' dir='ltr'>ctllionihuS,</span> <span class='ocrx_word' id='word_1_264' title='bbox 412 2124 484 2182; x_wconf 77' lang='lat' dir='ltr'>quas</span> <span class='ocrx_word' id='word_1_265' title='bbox 498 2109 682 2166; x_wconf 86' lang='lat' dir='ltr'>rationabilis</span> <span class='ocrx_word' id='word_1_266' title='bbox 694 2121 763 2164; x_wconf 80' lang='lat' dir='ltr'>cura</span> <span class='ocrx_word' id='word_1_267' title='bbox 776 2107 845 2163; x_wconf 79' lang='lat' dir='ltr'>solet</span> <span class='ocrx_word' id='word_1_268' title='bbox 861 2107 891 2161; x_wconf 89' lang='lat' dir='ltr'>itt</span> <span class='ocrx_word' id='word_1_269' title='bbox 917 2104 1041 2175; x_wconf 79' lang='lat' dir='ltr'>publicis</span> <span class='ocrx_word' id='word_1_270' title='bbox 1098 2108 1276 2178; x_wconf 83' lang='lat' dir='ltr'>rebatquein</span> <span class='ocrx_word' id='word_1_271' title='bbox 1303 2109 1411 2172; x_wconf 80' lang='lat' dir='ltr'>album,</span> <span class='ocrx_word' id='word_1_272' title='bbox 1440 2109 1670 2179; x_wconf 76' lang='lat' dir='ltr'>proponebatque</span> <span class='ocrx_word' id='word_1_273' title='bbox 1685 2108 1815 2165; x_wconf 85' lang='lat' dir='ltr'>tabulam</span> <span class='ocrx_word' id='word_1_274' title='bbox 1829 2109 1914 2175; x_wconf 81' lang='lat' dir='ltr'>domi,</span> 
     </span>
     <span class='ocr_line' id='line_1_22' title="bbox 220 2194 1913 2272; baseline -0.004 -15"><span class='ocrx_word' id='word_1_275' title='bbox 220 2208 248 2257; x_wconf 92' lang='lat' dir='ltr'>et</span> <span class='ocrx_word' id='word_1_276' title='bbox 261 2200 440 2272; x_wconf 85' lang='lat' dir='ltr'>gravissimis</span> <span class='ocrx_word' id='word_1_277' title='bbox 452 2199 566 2253; x_wconf 89' lang='lat' dir='ltr'>actibus</span> <span class='ocrx_word' id='word_1_278' title='bbox 580 2198 724 2253; x_wconf 90' lang='lat' dir='ltr'>adnotare.</span> <span class='ocrx_word' id='word_1_279' title='bbox 743 2197 835 2266; x_wconf 90' lang='lat' dir='ltr'>Longe</span> <span class='ocrx_word' id='word_1_280' title='bbox 850 2201 915 2249; x_wconf 89' lang='lat' dir='ltr'>aute</span> <span class='ocrx_word' id='word_1_281' title='bbox 929 2194 1039 2264; x_wconf 88' lang='lat' dir='ltr'>Grego-</span> <span class='ocrx_word' id='word_1_282' title='bbox 1096 2204 1220 2267; x_wconf 86' lang='lat' dir='ltr'>potestas</span> <span class='ocrx_word' id='word_1_283' title='bbox 1234 2204 1266 2252; x_wconf 94' lang='lat' dir='ltr'>ut</span> <span class='ocrx_word' id='word_1_284' title='bbox 1282 2204 1356 2253; x_wconf 91' lang='lat' dir='ltr'>esset</span> <span class='ocrx_word' id='word_1_285' title='bbox 1380 2196 1483 2265; x_wconf 93' lang='lat' dir='ltr'>populo</span> <span class='ocrx_word' id='word_1_286' title='bbox 1496 2196 1683 2268; x_wconf 86' lang='lat' dir='ltr'>cognoscendi</span> <span class='ocrx_word' id='word_1_287' title='bbox 1697 2214 1705 2259; x_wconf 87' lang='lat'>;</span> <span class='ocrx_word' id='word_1_288' title='bbox 1722 2197 1743 2251; x_wconf 91' lang='lat' dir='ltr'>ii</span> <span class='ocrx_word' id='word_1_289' title='bbox 1768 2199 1817 2267; x_wconf 93' lang='lat' dir='ltr'>qui</span> <span class='ocrx_word' id='word_1_290' title='bbox 1832 2198 1913 2253; x_wconf 87' lang='lat' dir='ltr'>etiam</span> 
     </span>
     <span class='ocr_line' id='line_1_23' title="bbox 219 2283 1912 2356; baseline -0.003 -12"><span class='ocrx_word' id='word_1_291' title='bbox 219 2288 295 2344; x_wconf 91' lang='lat' dir='ltr'>rium</span> <span class='ocrx_word' id='word_1_292' title='bbox 309 2287 337 2343; x_wconf 88' lang='lat' dir='ltr'>ld</span> <span class='ocrx_word' id='word_1_293' title='bbox 352 2283 597 2356; x_wconf 86' lang='lat' dir='ltr'>pervideratetab</span> <span class='ocrx_word' id='word_1_294' title='bbox 612 2283 769 2353; x_wconf 89' lang='lat' dir='ltr'>apostolica</span> <span class='ocrx_word' id='word_1_295' title='bbox 782 2290 864 2338; x_wconf 83' lang='lat' dir='ltr'>aetate</span> <span class='ocrx_word' id='word_1_296' title='bbox 878 2286 1041 2351; x_wconf 89' lang='lat' dir='ltr'>perceperat</span> <span class='ocrx_word' id='word_1_297' title='bbox 1096 2299 1172 2340; x_wconf 93' lang='lat' dir='ltr'>nunc</span> <span class='ocrx_word' id='word_1_298' title='bbox 1199 2285 1326 2354; x_wconf 89' lang='lat' dir='ltr'>annales,</span> <span class='ocrx_word' id='word_1_299' title='bbox 1347 2288 1460 2340; x_wconf 77' lang='lat' dir='ltr'>inanimi</span> <span class='ocrx_word' id='word_1_300' title='bbox 1490 2287 1684 2341; x_wconf 91' lang='lat' dir='ltr'>nominantur.</span> <span class='ocrx_word' id='word_1_301' title='bbox 1711 2305 1724 2336; x_wconf 82' lang='grc' dir='ltr'>ι</span> <span class='ocrx_word' id='word_1_302' title='bbox 1751 2288 1810 2343; x_wconf 89' lang='lat' dir='ltr'>lloc</span> <span class='ocrx_word' id='word_1_303' title='bbox 1834 2287 1912 2342; x_wconf 88' lang='lat' dir='ltr'>etiam</span> 
     </span>
     <span class='ocr_line' id='line_1_24' title="bbox 217 2371 1911 2444; baseline -0.003 -12"><span class='ocrx_word' id='word_1_304' title='bbox 217 2375 414 2433; x_wconf 89' lang='lat' dir='ltr'>Tertullianus</span> <span class='ocrx_word' id='word_1_305' title='bbox 443 2371 485 2444; x_wconf 90' lang='lat' dir='ltr'>(c),</span> <span class='ocrx_word' id='word_1_306' title='bbox 509 2374 538 2428; x_wconf 94' lang='lat' dir='ltr'>in</span> <span class='ocrx_word' id='word_1_307' title='bbox 570 2371 754 2443; x_wconf 75' lang='lat' dir='ltr'>apologetico</span> <span class='ocrx_word' id='word_1_308' title='bbox 777 2372 914 2431; x_wconf 85' lang='lat' dir='ltr'>adversus</span> <span class='ocrx_word' id='word_1_309' title='bbox 944 2375 1041 2440; x_wconf 82' lang='lat' dir='ltr'>gentes</span> <span class='ocrx_word' id='word_1_310' title='bbox 1094 2374 1243 2429; x_wconf 91' lang='lat' dir='ltr'>conllrmat</span> <span class='ocrx_word' id='word_1_311' title='bbox 1270 2374 1431 2429; x_wconf 85' lang='lat' dir='ltr'>Macrobius</span> <span class='ocrx_word' id='word_1_312' title='bbox 1450 2373 1595 2431; x_wconf 86' lang='lat' dir='ltr'>saturnal.</span> <span class='ocrx_word' id='word_1_313' title='bbox 1617 2373 1658 2428; x_wconf 95' lang='lat' dir='ltr'>lib</span> <span class='ocrx_word' id='word_1_314' title='bbox 1680 2388 1713 2443; x_wconf 91' lang='lat' dir='ltr'>n,</span> <span class='ocrx_word' id='word_1_315' title='bbox 1737 2388 1802 2444; x_wconf 88' lang='lat' dir='ltr'>cap.</span> <span class='ocrx_word' id='word_1_316' title='bbox 1822 2371 1911 2444; x_wconf 54' lang='lat' dir='ltr'>zeni</span> 
     </span>
     <span class='ocr_line' id='line_1_25' title="bbox 219 2460 1915 2535; baseline -0.002 -15"><span class='ocrx_word' id='word_1_317' title='bbox 219 2463 366 2535; x_wconf 79' lang='lat' dir='ltr'>protessus</span> <span class='ocrx_word' id='word_1_318' title='bbox 390 2464 461 2518; x_wconf 91' lang='lat' dir='ltr'>hanc</span> <span class='ocrx_word' id='word_1_319' title='bbox 484 2461 680 2531; x_wconf 90' lang='lat' dir='ltr'>disciplinam,</span> <span class='ocrx_word' id='word_1_320' title='bbox 708 2465 740 2516; x_wconf 92' lang='lat' dir='ltr'>ut</span> <span class='ocrx_word' id='word_1_321' title='bbox 762 2466 853 2513; x_wconf 86' lang='lat' dir='ltr'>certas</span> <span class='ocrx_word' id='word_1_322' title='bbox 880 2464 1039 2526; x_wconf 87' lang='lat' dir='ltr'>temporum</span> <span class='ocrx_word' id='word_1_323' title='bbox 1096 2462 1312 2531; x_wconf 68' lang='lat' dir='ltr'>praemittendus</span> <span class='ocrx_word' id='word_1_324' title='bbox 1326 2463 1479 2517; x_wconf 88' lang='lat' dir='ltr'>estLivius</span> <span class='ocrx_word' id='word_1_325' title='bbox 1493 2461 1542 2516; x_wconf 85' lang='lat' dir='ltr'>lib.</span> <span class='ocrx_word' id='word_1_326' title='bbox 1559 2476 1685 2531; x_wconf 68' lang='lat' dir='ltr'>annum.</span> <span class='ocrx_word' id='word_1_327' title='bbox 1699 2460 1746 2526; x_wconf 72' lang='lat' dir='ltr'>ab,</span> <span class='ocrx_word' id='word_1_328' title='bbox 1760 2476 1915 2519; x_wconf 84' lang='lat' dir='ltr'>memorans</span> 
     </span>
     <span class='ocr_line' id='line_1_26' title="bbox 217 2546 1914 2621; baseline -0.002 -11"><span class='ocrx_word' id='word_1_329' title='bbox 217 2546 1038 2621; x_wconf 79' lang='lat' dir='ltr'>notaspublicisdocumentisantiquitatisetarchirorum</span> <span class='ocrx_word' id='word_1_330' title='bbox 1093 2557 1201 2606; x_wconf 86' lang='lat' dir='ltr'>veteres</span> <span class='ocrx_word' id='word_1_331' title='bbox 1225 2551 1352 2618; x_wconf 89' lang='lat' dir='ltr'>annales,</span> <span class='ocrx_word' id='word_1_332' title='bbox 1383 2557 1410 2606; x_wconf 91' lang='lat' dir='ltr'>et</span> <span class='ocrx_word' id='word_1_333' title='bbox 1435 2549 1525 2605; x_wconf 93' lang='lat' dir='ltr'>libros</span> <span class='ocrx_word' id='word_1_334' title='bbox 1552 2550 1775 2621; x_wconf 78' lang='lat' dir='ltr'>magistratuum</span> <span class='ocrx_word' id='word_1_335' title='bbox 1803 2551 1914 2620; x_wconf 86' lang='lat' dir='ltr'>linteos,</span> 
     </span>
     <span class='ocr_line' id='line_1_27' title="bbox 215 2636 1916 2711; baseline -0.002 -13"><span class='ocrx_word' id='word_1_336' title='bbox 215 2653 374 2711; x_wconf 83' lang='lat' dir='ltr'>expressas,</span> <span class='ocrx_word' id='word_1_337' title='bbox 397 2643 539 2695; x_wconf 90' lang='lat' dir='ltr'>contestes</span> <span class='ocrx_word' id='word_1_338' title='bbox 548 2638 697 2693; x_wconf 84' lang='lat' dir='ltr'>advocaret</span> <span class='ocrx_word' id='word_1_339' title='bbox 710 2636 783 2705; x_wconf 82' lang='lat' dir='ltr'>ejus,</span> <span class='ocrx_word' id='word_1_340' title='bbox 800 2648 863 2705; x_wconf 82' lang='lat' dir='ltr'>quae</span> <span class='ocrx_word' id='word_1_341' title='bbox 874 2640 1036 2690; x_wconf 89' lang='lat' dir='ltr'>nostrorum</span> <span class='ocrx_word' id='word_1_342' title='bbox 1095 2639 1235 2707; x_wconf 91' lang='lat' dir='ltr'>repositos</span> <span class='ocrx_word' id='word_1_343' title='bbox 1248 2639 1277 2693; x_wconf 91' lang='lat' dir='ltr'>iu</span> <span class='ocrx_word' id='word_1_344' title='bbox 1291 2639 1349 2693; x_wconf 80' lang='lat' dir='ltr'>ude</span> <span class='ocrx_word' id='word_1_345' title='bbox 1363 2641 1490 2709; x_wconf 76' lang='lat' dir='ltr'>Monetae,</span> <span class='ocrx_word' id='word_1_346' title='bbox 1506 2653 1578 2707; x_wconf 92' lang='lat' dir='ltr'>quos</span> <span class='ocrx_word' id='word_1_347' title='bbox 1586 2641 1678 2694; x_wconf 89' lang='lat' dir='ltr'>blacer</span> <span class='ocrx_word' id='word_1_348' title='bbox 1688 2639 1841 2694; x_wconf 72' lang='lat' dir='ltr'>Livruelus</span> <span class='ocrx_word' id='word_1_349' title='bbox 1849 2639 1916 2694; x_wconf 90' lang='lat' dir='ltr'>citat</span> 
     </span>
     <span class='ocr_line' id='line_1_28' title="bbox 215 2723 1915 2798; baseline -0.001 -13"><span class='ocrx_word' id='word_1_350' title='bbox 215 2730 390 2798; x_wconf 86' lang='lat' dir='ltr'>scriptorum</span> <span class='ocrx_word' id='word_1_351' title='bbox 406 2732 540 2797; x_wconf 89' lang='lat' dir='ltr'>perpetua</span> <span class='ocrx_word' id='word_1_352' title='bbox 553 2732 597 2782; x_wconf 90' lang='lat' dir='ltr'>est</span> <span class='ocrx_word' id='word_1_353' title='bbox 611 2724 729 2793; x_wconf 85' lang='lat' dir='ltr'>assecla,</span> <span class='ocrx_word' id='word_1_354' title='bbox 745 2723 886 2780; x_wconf 88' lang='lat' dir='ltr'>veritatis.</span> <span class='ocrx_word' id='word_1_355' title='bbox 903 2724 943 2777; x_wconf 91' lang='lat' dir='ltr'>lta</span> <span class='ocrx_word' id='word_1_356' title='bbox 959 2723 1034 2777; x_wconf 95' lang='lat' dir='ltr'>enim</span> <span class='ocrx_word' id='word_1_357' title='bbox 1093 2727 1249 2782; x_wconf 90' lang='lat' dir='ltr'>identidem</span> <span class='ocrx_word' id='word_1_358' title='bbox 1275 2735 1416 2797; x_wconf 86' lang='lat' dir='ltr'>auctores,</span> <span class='ocrx_word' id='word_1_359' title='bbox 1439 2734 1471 2783; x_wconf 92' lang='lat' dir='ltr'>ut</span> <span class='ocrx_word' id='word_1_360' title='bbox 1498 2727 1596 2797; x_wconf 93' lang='lat' dir='ltr'>probet</span> <span class='ocrx_word' id='word_1_361' title='bbox 1622 2741 1695 2783; x_wconf 91' lang='lat' dir='ltr'>nono</span> <span class='ocrx_word' id='word_1_362' title='bbox 1717 2733 1782 2798; x_wconf 90' lang='lat' dir='ltr'>post</span> <span class='ocrx_word' id='word_1_363' title='bbox 1802 2729 1915 2784; x_wconf 89' lang='lat' dir='ltr'>demum</span> 
     </span>
     <span class='ocr_line' id='line_1_29' title="bbox 215 2809 1918 2886; baseline -0.002 -11"><span class='ocrx_word' id='word_1_364' title='bbox 215 2817 319 2875; x_wconf 84' lang='lat' dir='ltr'>scribit</span> <span class='ocrx_word' id='word_1_365' title='bbox 332 2829 393 2886; x_wconf 86' lang='lat' dir='ltr'>cap.</span> <span class='ocrx_word' id='word_1_366' title='bbox 410 2813 464 2870; x_wconf 77' lang='lat' dir='ltr'>ta:</span> <span class='ocrx_word' id='word_1_367' title='bbox 481 2835 494 2867; x_wconf 83' lang='grc' dir='ltr'>ι</span> <span class='ocrx_word' id='word_1_368' title='bbox 511 2813 637 2870; x_wconf 86' lang='lat' dir='ltr'>Primum</span> <span class='ocrx_word' id='word_1_369' title='bbox 651 2811 853 2869; x_wconf 91' lang='lat' dir='ltr'>instrumentis</span> <span class='ocrx_word' id='word_1_370' title='bbox 870 2812 935 2867; x_wconf 91' lang='lat' dir='ltr'>istis</span> <span class='ocrx_word' id='word_1_371' title='bbox 951 2829 963 2860; x_wconf 84' lang='grc' dir='ltr'>ι</span> <span class='ocrx_word' id='word_1_372' title='bbox 979 2809 1036 2881; x_wconf 88' lang='lat' dir='ltr'>(lo-</span> <span class='ocrx_word' id='word_1_373' title='bbox 1090 2830 1245 2872; x_wconf 91' lang='lat' dir='ltr'>annocum</span> <span class='ocrx_word' id='word_1_374' title='bbox 1261 2818 1291 2870; x_wconf 89' lang='lat' dir='ltr'>T.</span> <span class='ocrx_word' id='word_1_375' title='bbox 1316 2817 1452 2886; x_wconf 86' lang='lat' dir='ltr'>Quinctio</span> <span class='ocrx_word' id='word_1_376' title='bbox 1474 2818 1497 2872; x_wconf 87' lang='lat' dir='ltr'>lt</span> <span class='ocrx_word' id='word_1_377' title='bbox 1515 2816 1678 2872; x_wconf 88' lang='lat' dir='ltr'>Cornelium</span> <span class='ocrx_word' id='word_1_378' title='bbox 1701 2816 1823 2873; x_wconf 86' lang='lat' dir='ltr'>Cossum</span> <span class='ocrx_word' id='word_1_379' title='bbox 1846 2831 1918 2874; x_wconf 74' lang='lat' dir='ltr'>eou·</span> 
     </span>
     <span class='ocr_line' id='line_1_30' title="bbox 215 2899 1915 2976; baseline 0 -15"><span class='ocrx_word' id='word_1_380' title='bbox 215 2906 316 2976; x_wconf 88' lang='lat' dir='ltr'>quitur</span> <span class='ocrx_word' id='word_1_381' title='bbox 330 2905 365 2960; x_wconf 88' lang='lat' dir='ltr'>de</span> <span class='ocrx_word' id='word_1_382' title='bbox 381 2903 490 2958; x_wconf 87' lang='lat' dir='ltr'>divinis</span> <span class='ocrx_word' id='word_1_383' title='bbox 514 2902 599 2960; x_wconf 87' lang='lat' dir='ltr'>libris</span> <span class='ocrx_word' id='word_1_384' title='bbox 622 2903 734 2972; x_wconf 87' lang='lat' dir='ltr'>antiqui</span> <span class='ocrx_word' id='word_1_385' title='bbox 747 2900 873 2970; x_wconf 84' lang='lat' dir='ltr'>ioederis,</span> <span class='ocrx_word' id='word_1_386' title='bbox 897 2901 946 2970; x_wconf 91' lang='lat' dir='ltr'>qui</span> <span class='ocrx_word' id='word_1_387' title='bbox 961 2899 1035 2969; x_wconf 90' lang='lat' dir='ltr'>apud</span> <span class='ocrx_word' id='word_1_388' title='bbox 1090 2904 1168 2959; x_wconf 87' lang='lat' dir='ltr'>sules</span> <span class='ocrx_word' id='word_1_389' title='bbox 1180 2904 1290 2961; x_wconf 91' lang='lat' dir='ltr'>habere.</span> <span class='ocrx_word' id='word_1_390' title='bbox 1303 2907 1343 2960; x_wconf 90' lang='lat' dir='ltr'>De</span> <span class='ocrx_word' id='word_1_391' title='bbox 1355 2907 1672 2962; x_wconf 89' lang='lat' dir='ltr'>commentariisautem</span> <span class='ocrx_word' id='word_1_392' title='bbox 1683 2905 1828 2961; x_wconf 89' lang='lat' dir='ltr'>censoriis</span> <span class='ocrx_word' id='word_1_393' title='bbox 1838 2907 1915 2961; x_wconf 79' lang='lat' dir='ltr'>Livio</span> 
     </span>
     <span class='ocr_line' id='line_1_31' title="bbox 210 2988 1914 3066; baseline 0 -16"><span class='ocrx_word' id='word_1_394' title='bbox 210 2993 372 3063; x_wconf 77' lang='lat' dir='ltr'>Serapeum</span> <span class='ocrx_word' id='word_1_395' title='bbox 381 2993 524 3049; x_wconf 80' lang='lat' dir='ltr'>Ptolemaei</span> <span class='ocrx_word' id='word_1_396' title='bbox 538 2992 718 3049; x_wconf 84' lang='lat' dir='ltr'>bibliothecae</span> <span class='ocrx_word' id='word_1_397' title='bbox 728 3004 792 3045; x_wconf 88' lang='lat' dir='ltr'>cum</span> <span class='ocrx_word' id='word_1_398' title='bbox 807 2990 880 3059; x_wconf 88' lang='lat' dir='ltr'>ipsis</span> <span class='ocrx_word' id='word_1_399' title='bbox 888 2988 1036 3044; x_wconf 85' lang='lat' dir='ltr'>Hebraicis</span> <span class='ocrx_word' id='word_1_400' title='bbox 1092 2995 1240 3064; x_wconf 85' lang='lat' dir='ltr'>proximus</span> <span class='ocrx_word' id='word_1_401' title='bbox 1256 2995 1411 3064; x_wconf 85' lang='lat' dir='ltr'>Dionysius</span> <span class='ocrx_word' id='word_1_402' title='bbox 1433 2993 1667 3049; x_wconf 82' lang='lat' dir='ltr'>Halicarnasseus</span> <span class='ocrx_word' id='word_1_403' title='bbox 1683 2993 1734 3049; x_wconf 93' lang='lat' dir='ltr'>lib.</span> <span class='ocrx_word' id='word_1_404' title='bbox 1753 3008 1774 3056; x_wconf 82' lang='lat' dir='ltr'>r,</span> <span class='ocrx_word' id='word_1_405' title='bbox 1798 3008 1854 3066; x_wconf 86' lang='lat' dir='ltr'>pag</span> <span class='ocrx_word' id='word_1_406' title='bbox 1872 2993 1914 3066; x_wconf 83' lang='lat'>60,</span> 
     </span>
     <span class='ocr_line' id='line_1_32' title="bbox 213 3076 1914 3154; baseline -0.002 -14"><span class='ocrx_word' id='word_1_407' title='bbox 213 3083 322 3140; x_wconf 90' lang='lat' dir='ltr'>litteris</span> <span class='ocrx_word' id='word_1_408' title='bbox 335 3083 518 3152; x_wconf 83' lang='lat' dir='ltr'>exhibentur,</span> <span class='ocrx_word' id='word_1_409' title='bbox 538 3088 566 3139; x_wconf 93' lang='lat' dir='ltr'>et</span> <span class='ocrx_word' id='word_1_410' title='bbox 590 3096 606 3137; x_wconf 91' lang='lat' dir='ltr'>a</span> <span class='ocrx_word' id='word_1_411' title='bbox 627 3082 734 3138; x_wconf 78' lang='lat' dir='ltr'>ludaeis</span> <span class='ocrx_word' id='word_1_412' title='bbox 750 3081 841 3149; x_wconf 90' lang='lat' dir='ltr'>palam</span> <span class='ocrx_word' id='word_1_413' title='bbox 859 3076 1035 3148; x_wconf 89' lang='lat' dir='ltr'>lectitantur)</span> <span class='ocrx_word' id='word_1_414' title='bbox 1090 3084 1159 3139; x_wconf 85' lang='lat' dir='ltr'>edit.</span> <span class='ocrx_word' id='word_1_415' title='bbox 1176 3082 1208 3138; x_wconf 88' lang='lat' dir='ltr'>G.</span> <span class='ocrx_word' id='word_1_416' title='bbox 1231 3085 1260 3139; x_wconf 84' lang='lat' dir='ltr'>L.</span> <span class='ocrx_word' id='word_1_417' title='bbox 1275 3083 1432 3154; x_wconf 79' lang='lat' dir='ltr'>Sylburgii,</span> <span class='ocrx_word' id='word_1_418' title='bbox 1451 3082 1556 3139; x_wconf 86' lang='lat' dir='ltr'>latetur</span> <span class='ocrx_word' id='word_1_419' title='bbox 1581 3083 1633 3138; x_wconf 92' lang='lat' dir='ltr'>bos</span> <span class='ocrx_word' id='word_1_420' title='bbox 1652 3096 1668 3137; x_wconf 92' lang='lat' dir='ltr'>a</span> <span class='ocrx_word' id='word_1_421' title='bbox 1684 3082 1817 3152; x_wconf 88' lang='lat' dir='ltr'>patribus</span> <span class='ocrx_word' id='word_1_422' title='bbox 1840 3083 1914 3139; x_wconf 81' lang='lat' dir='ltr'>illios</span> 
     </span>
     <span class='ocr_line' id='line_1_33' title="bbox 214 3166 1913 3241; baseline -0.004 -15"><span class='ocrx_word' id='word_1_423' title='bbox 214 3166 1035 3240; x_wconf 71' lang='lat' dir='ltr'>«auctorilalemsummaantiquitasvindicatidpudvos</span> <span class='ocrx_word' id='word_1_424' title='bbox 1091 3186 1140 3241; x_wconf 84' lang='lat' dir='ltr'>per</span> <span class='ocrx_word' id='word_1_425' title='bbox 1169 3186 1268 3227; x_wconf 85' lang='lat' dir='ltr'>manus</span> <span class='ocrx_word' id='word_1_426' title='bbox 1293 3172 1422 3240; x_wconf 77' lang='lat' dir='ltr'>accipere</span> <span class='ocrx_word' id='word_1_427' title='bbox 1449 3171 1642 3240; x_wconf 45' lang='lat' dir='ltr'>consuevisse,</span> <span class='ocrx_word' id='word_1_428' title='bbox 1665 3177 1697 3226; x_wconf 86' lang='lat' dir='ltr'>ut</span> <span class='ocrx_word' id='word_1_429' title='bbox 1716 3170 1773 3240; x_wconf 83' lang='lat' dir='ltr'>ipsi</span> <span class='ocrx_word' id='word_1_430' title='bbox 1792 3172 1913 3240; x_wconf 79' lang='lat' dir='ltr'>posteris</span> 
     </span>
     <span class='ocr_line' id='line_1_34' title="bbox 211 3245 1909 3332; baseline -0.002 -15"><span class='ocrx_word' id='word_1_431' title='bbox 211 3274 327 3332; x_wconf 90' lang='lat' dir='ltr'>quoque</span> <span class='ocrx_word' id='word_1_432' title='bbox 350 3260 502 3332; x_wconf 88' lang='lat' dir='ltr'>religionis</span> <span class='ocrx_word' id='word_1_433' title='bbox 521 3265 564 3315; x_wconf 85' lang='lat' dir='ltr'>est</span> <span class='ocrx_word' id='word_1_434' title='bbox 587 3259 679 3314; x_wconf 84' lang='lat' dir='ltr'>instar</span> <span class='ocrx_word' id='word_1_435' title='bbox 698 3257 780 3312; x_wconf 90' lang='lat' dir='ltr'>iidem</span> <span class='ocrx_word' id='word_1_436' title='bbox 802 3257 837 3311; x_wconf 91' lang='lat' dir='ltr'>de</span> <span class='ocrx_word' id='word_1_437' title='bbox 856 3253 1035 3324; x_wconf 92' lang='lat' dir='ltr'>temporibus</span> <span class='ocrx_word' id='word_1_438' title='bbox 1090 3260 1151 3328; x_wconf 81' lang='lat' dir='ltr'>part</span> <span class='ocrx_word' id='word_1_439' title='bbox 1181 3274 1249 3315; x_wconf 83' lang='lat' dir='ltr'>cura</span> <span class='ocrx_word' id='word_1_440' title='bbox 1273 3261 1482 3330; x_wconf 82' lang='lat' dir='ltr'>contraderent,</span> <span class='ocrx_word' id='word_1_441' title='bbox 1512 3258 1588 3314; x_wconf 91' lang='lat' dir='ltr'>haud</span> <span class='ocrx_word' id='word_1_442' title='bbox 1616 3273 1699 3315; x_wconf 87' lang='lat' dir='ltr'>secus</span> <span class='ocrx_word' id='word_1_443' title='bbox 1722 3272 1810 3328; x_wconf 91' lang='lat' dir='ltr'>quam</span> <span class='ocrx_word' id='word_1_444' title='bbox 1833 3245 1909 3316; x_wconf 83' lang='lat' dir='ltr'>sacra</span> 
     </span>
     <span class='ocr_line' id='line_1_35' title="bbox 209 3342 1907 3418; baseline -0.002 -12"><span class='ocrx_word' id='word_1_445' title='bbox 209 3361 347 3406; x_wconf 84' lang='lat' dir='ltr'>asserere.</span> <span class='ocrx_word' id='word_1_446' title='bbox 362 3366 376 3398; x_wconf 78' lang='lat' dir='ltr'>r</span> <span class='ocrx_word' id='word_1_447' title='bbox 391 3348 484 3418; x_wconf 88' lang='lat' dir='ltr'>Quare</span> <span class='ocrx_word' id='word_1_448' title='bbox 501 3347 611 3416; x_wconf 81' lang='lat' dir='ltr'>intulit,</span> <span class='ocrx_word' id='word_1_449' title='bbox 631 3359 794 3418; x_wconf 82' lang='lat' dir='ltr'>germanam</span> <span class='ocrx_word' id='word_1_450' title='bbox 820 3344 930 3414; x_wconf 86' lang='lat' dir='ltr'>praxim</span> <span class='ocrx_word' id='word_1_451' title='bbox 948 3342 1034 3411; x_wconf 83' lang='lat' dir='ltr'>hujus</span> <span class='ocrx_word' id='word_1_452' title='bbox 1089 3354 1205 3416; x_wconf 90' lang='lat' dir='ltr'>paterna</span> <span class='ocrx_word' id='word_1_453' title='bbox 1217 3354 1245 3403; x_wconf 90' lang='lat' dir='ltr'>et</span> <span class='ocrx_word' id='word_1_454' title='bbox 1257 3348 1411 3418; x_wconf 88' lang='lat' dir='ltr'>gentilitia.</span> <span class='ocrx_word' id='word_1_455' title='bbox 1428 3349 1467 3403; x_wconf 83' lang='lat' dir='ltr'>dd</span> <span class='ocrx_word' id='word_1_456' title='bbox 1482 3349 1540 3403; x_wconf 85' lang='lat' dir='ltr'>haec</span> <span class='ocrx_word' id='word_1_457' title='bbox 1553 3348 1650 3418; x_wconf 90' lang='lat' dir='ltr'>itaque</span> <span class='ocrx_word' id='word_1_458' title='bbox 1664 3354 1850 3403; x_wconf 91' lang='lat' dir='ltr'>monumenta</span> <span class='ocrx_word' id='word_1_459' title='bbox 1862 3362 1907 3418; x_wconf 90' lang='lat' dir='ltr'>pu-</span> 
     </span>
     <span class='ocr_line' id='line_1_36' title="bbox 209 3435 1909 3506; baseline -0.004 -8"><span class='ocrx_word' id='word_1_460' title='bbox 209 3435 275 3494; x_wconf 82' lang='lat' dir='ltr'>ildei</span> <span class='ocrx_word' id='word_1_461' title='bbox 288 3435 512 3506; x_wconf 68' lang='lat' dir='ltr'>detentoribus</span> <span class='ocrx_word' id='word_1_462' title='bbox 529 3435 689 3491; x_wconf 55' lang='lat' dir='ltr'>asserendae</span> <span class='ocrx_word' id='word_1_463' title='bbox 709 3445 857 3498; x_wconf 68' lang='lat' dir='ltr'>eamesse,</span> <span class='ocrx_word' id='word_1_464' title='bbox 876 3438 1031 3488; x_wconf 90' lang='lat' dir='ltr'>utresera-</span> <span class='ocrx_word' id='word_1_465' title='bbox 1088 3435 1162 3491; x_wconf 90' lang='lat' dir='ltr'>blica</span> <span class='ocrx_word' id='word_1_466' title='bbox 1202 3442 1355 3505; x_wconf 87' lang='lat' dir='ltr'>provocant</span> <span class='ocrx_word' id='word_1_467' title='bbox 1391 3437 1497 3506; x_wconf 89' lang='lat' dir='ltr'>passim</span> <span class='ocrx_word' id='word_1_468' title='bbox 1526 3436 1660 3492; x_wconf 89' lang='lat' dir='ltr'>historici</span> <span class='ocrx_word' id='word_1_469' title='bbox 1694 3436 1735 3490; x_wconf 91' lang='lat' dir='ltr'>rei</span> <span class='ocrx_word' id='word_1_470' title='bbox 1769 3435 1909 3505; x_wconf 77' lang='lat' dir='ltr'>Romane,</span> 
     </span>
     <span class='ocr_line' id='line_1_37' title="bbox 209 3518 1909 3596; baseline -0.001 -14"><span class='ocrx_word' id='word_1_471' title='bbox 209 3531 310 3582; x_wconf 90' lang='lat' dir='ltr'>rentur</span> <span class='ocrx_word' id='word_1_472' title='bbox 320 3524 440 3580; x_wconf 83' lang='lat' dir='ltr'>archita</span> <span class='ocrx_word' id='word_1_473' title='bbox 453 3524 581 3596; x_wconf 91' lang='lat' dir='ltr'>gentium</span> <span class='ocrx_word' id='word_1_474' title='bbox 596 3523 805 3586; x_wconf 88' lang='lat' dir='ltr'>universarum,</span> <span class='ocrx_word' id='word_1_475' title='bbox 821 3534 884 3591; x_wconf 82' lang='lat' dir='ltr'>quac</span> <span class='ocrx_word' id='word_1_476' title='bbox 899 3518 1033 3589; x_wconf 89' lang='lat' dir='ltr'>antiqui-</span> <span class='ocrx_word' id='word_1_477' title='bbox 1088 3526 1202 3595; x_wconf 90' lang='lat' dir='ltr'>quando</span> <span class='ocrx_word' id='word_1_478' title='bbox 1216 3526 1399 3581; x_wconf 88' lang='lat' dir='ltr'>statuendum</span> <span class='ocrx_word' id='word_1_479' title='bbox 1413 3533 1454 3580; x_wconf 90' lang='lat' dir='ltr'>est</span> <span class='ocrx_word' id='word_1_480' title='bbox 1466 3527 1501 3580; x_wconf 91' lang='lat' dir='ltr'>de</span> <span class='ocrx_word' id='word_1_481' title='bbox 1515 3526 1644 3593; x_wconf 88' lang='lat' dir='ltr'>veritate,</span> <span class='ocrx_word' id='word_1_482' title='bbox 1663 3525 1747 3580; x_wconf 93' lang='lat' dir='ltr'>modo</span> <span class='ocrx_word' id='word_1_483' title='bbox 1767 3531 1819 3582; x_wconf 90' lang='lat' dir='ltr'>aut</span> <span class='ocrx_word' id='word_1_484' title='bbox 1840 3533 1909 3582; x_wconf 89' lang='lat' dir='ltr'>tem-</span> 
     </span>
     <span class='ocr_line' id='line_1_38' title="bbox 208 3612 1908 3686; baseline -0.001 -16"><span class='ocrx_word' id='word_1_485' title='bbox 208 3620 266 3670; x_wconf 91' lang='lat' dir='ltr'>tate</span> <span class='ocrx_word' id='word_1_486' title='bbox 280 3619 457 3684; x_wconf 77' lang='lat' dir='ltr'>praestarem,</span> <span class='ocrx_word' id='word_1_487' title='bbox 468 3619 496 3666; x_wconf 92' lang='lat' dir='ltr'>et</span> <span class='ocrx_word' id='word_1_488' title='bbox 508 3613 644 3683; x_wconf 88' lang='lat' dir='ltr'>genuinis</span> <span class='ocrx_word' id='word_1_489' title='bbox 658 3613 734 3668; x_wconf 88' lang='lat' dir='ltr'>notis</span> <span class='ocrx_word' id='word_1_490' title='bbox 752 3618 914 3667; x_wconf 91' lang='lat' dir='ltr'>nostrorum</span> <span class='ocrx_word' id='word_1_491' title='bbox 932 3618 1035 3677; x_wconf 82' lang='lat' dir='ltr'>tempo·</span> <span class='ocrx_word' id='word_1_492' title='bbox 1090 3628 1156 3682; x_wconf 90' lang='lat' dir='ltr'>pore</span> <span class='ocrx_word' id='word_1_493' title='bbox 1171 3615 1210 3669; x_wconf 92' lang='lat' dir='ltr'>rei</span> <span class='ocrx_word' id='word_1_494' title='bbox 1221 3622 1314 3686; x_wconf 77' lang='lat' dir='ltr'>gesta.</span> <span class='ocrx_word' id='word_1_495' title='bbox 1332 3615 1388 3670; x_wconf 87' lang='lat' dir='ltr'>llos</span> <span class='ocrx_word' id='word_1_496' title='bbox 1402 3614 1493 3685; x_wconf 90' lang='lat' dir='ltr'>igitur</span> <span class='ocrx_word' id='word_1_497' title='bbox 1510 3612 1602 3670; x_wconf 84' lang='lat' dir='ltr'>fontes</span> <span class='ocrx_word' id='word_1_498' title='bbox 1617 3613 1765 3670; x_wconf 91' lang='lat' dir='ltr'>adeundos</span> <span class='ocrx_word' id='word_1_499' title='bbox 1777 3628 1841 3671; x_wconf 91' lang='lat' dir='ltr'>esse</span> <span class='ocrx_word' id='word_1_500' title='bbox 1855 3614 1908 3670; x_wconf 91' lang='lat' dir='ltr'>sibi</span> 
     </span>
     <span class='ocr_line' id='line_1_39' title="bbox 207 3695 1910 3773; baseline 0.001 -18"><span class='ocrx_word' id='word_1_501' title='bbox 207 3715 271 3756; x_wconf 91' lang='lat' dir='ltr'>ruru</span> <span class='ocrx_word' id='word_1_502' title='bbox 287 3713 321 3756; x_wconf 88' lang='lat' dir='ltr'>ae</span> <span class='ocrx_word' id='word_1_503' title='bbox 341 3700 520 3756; x_wconf 83' lang='lat' dir='ltr'>voluminum</span> <span class='ocrx_word' id='word_1_504' title='bbox 546 3698 753 3755; x_wconf 76' lang='lat' dir='ltr'>conferrentur.</span> <span class='ocrx_word' id='word_1_505' title='bbox 780 3720 793 3751; x_wconf 79' lang='grc' dir='ltr'>ι</span> <span class='ocrx_word' id='word_1_506' title='bbox 821 3700 883 3753; x_wconf 80' lang='lat' dir='ltr'>llaec</span> <span class='ocrx_word' id='word_1_507' title='bbox 900 3699 943 3754; x_wconf 90' lang='lat' dir='ltr'>ait</span> <span class='ocrx_word' id='word_1_508' title='bbox 960 3695 1030 3767; x_wconf 89' lang='lat' dir='ltr'>(cop.</span> <span class='ocrx_word' id='word_1_509' title='bbox 1087 3711 1116 3758; x_wconf 93' lang='lat' dir='ltr'>et</span> <span class='ocrx_word' id='word_1_510' title='bbox 1127 3702 1302 3759; x_wconf 91' lang='lat' dir='ltr'>hauriendos</span> <span class='ocrx_word' id='word_1_511' title='bbox 1317 3709 1511 3773; x_wconf 90' lang='lat' dir='ltr'>cognoverunt</span> <span class='ocrx_word' id='word_1_512' title='bbox 1523 3702 1638 3758; x_wconf 90' lang='lat' dir='ltr'>etiame</span> <span class='ocrx_word' id='word_1_513' title='bbox 1658 3702 1769 3758; x_wconf 72' lang='lat' dir='ltr'>Graecis</span> <span class='ocrx_word' id='word_1_514' title='bbox 1784 3703 1910 3759; x_wconf 89' lang='lat' dir='ltr'>celeber·</span> 
     </span>
     <span class='ocr_line' id='line_1_40' title="bbox 208 3785 1911 3862; baseline 0.001 -17"><span class='ocrx_word' id='word_1_515' title='bbox 208 3786 254 3859; x_wconf 80' lang='lat' dir='ltr'>ab)</span> <span class='ocrx_word' id='word_1_516' title='bbox 267 3788 375 3857; x_wconf 87' lang='lat' dir='ltr'>quibus</span> <span class='ocrx_word' id='word_1_517' title='bbox 386 3786 540 3842; x_wconf 90' lang='lat' dir='ltr'>ordinibus</span> <span class='ocrx_word' id='word_1_518' title='bbox 556 3786 670 3855; x_wconf 91' lang='lat' dir='ltr'>probari</span> <span class='ocrx_word' id='word_1_519' title='bbox 687 3787 799 3855; x_wconf 92' lang='lat' dir='ltr'>possint</span> <span class='ocrx_word' id='word_1_520' title='bbox 813 3800 868 3842; x_wconf 91' lang='lat' dir='ltr'>non</span> <span class='ocrx_word' id='word_1_521' title='bbox 885 3793 938 3841; x_wconf 86' lang='lat' dir='ltr'>taur</span> <span class='ocrx_word' id='word_1_522' title='bbox 953 3785 1031 3842; x_wconf 90' lang='lat' dir='ltr'>dilii-</span> <span class='ocrx_word' id='word_1_523' title='bbox 1088 3792 1166 3860; x_wconf 88' lang='lat' dir='ltr'>rimi,</span> <span class='ocrx_word' id='word_1_524' title='bbox 1179 3792 1275 3862; x_wconf 90' lang='lat' dir='ltr'>qualis</span> <span class='ocrx_word' id='word_1_525' title='bbox 1291 3792 1434 3847; x_wconf 87' lang='lat' dir='ltr'>Diodorus</span> <span class='ocrx_word' id='word_1_526' title='bbox 1445 3792 1559 3848; x_wconf 85' lang='lat' dir='ltr'>Siculus</span> <span class='ocrx_word' id='word_1_527' title='bbox 1576 3790 1626 3847; x_wconf 93' lang='lat' dir='ltr'>lib.</span> <span class='ocrx_word' id='word_1_528' title='bbox 1644 3805 1664 3859; x_wconf 89' lang='lat' dir='ltr'>r,</span> <span class='ocrx_word' id='word_1_529' title='bbox 1678 3796 1747 3847; x_wconf 89' lang='lat' dir='ltr'>sect.</span> <span class='ocrx_word' id='word_1_530' title='bbox 1766 3789 1798 3855; x_wconf 82' lang='lat' dir='ltr'>i;</span> <span class='ocrx_word' id='word_1_531' title='bbox 1811 3791 1911 3860; x_wconf 80' lang='lat' dir='ltr'>Diony·</span> 
     </span>
     <span class='ocr_line' id='line_1_41' title="bbox 207 3875 1908 3950; baseline -0.001 -16"><span class='ocrx_word' id='word_1_532' title='bbox 207 3877 263 3934; x_wconf 90' lang='lat' dir='ltr'>cllc</span> <span class='ocrx_word' id='word_1_533' title='bbox 272 3882 317 3932; x_wconf 90' lang='lat' dir='ltr'>est</span> <span class='ocrx_word' id='word_1_534' title='bbox 328 3875 412 3932; x_wconf 91' lang='lat' dir='ltr'>nobis</span> <span class='ocrx_word' id='word_1_535' title='bbox 422 3887 561 3945; x_wconf 83' lang='lat' dir='ltr'>exponere</span> <span class='ocrx_word' id='word_1_536' title='bbox 571 3888 656 3944; x_wconf 90' lang='lat' dir='ltr'>quam</span> <span class='ocrx_word' id='word_1_537' title='bbox 668 3887 783 3929; x_wconf 91' lang='lat' dir='ltr'>enorme</span> <span class='ocrx_word' id='word_1_538' title='bbox 795 3880 823 3929; x_wconf 92' lang='lat' dir='ltr'>et</span> <span class='ocrx_word' id='word_1_539' title='bbox 835 3876 968 3930; x_wconf 90' lang='lat' dir='ltr'>arduum.</span> <span class='ocrx_word' id='word_1_540' title='bbox 978 3875 1030 3930; x_wconf 84' lang='lat' dir='ltr'>sed</span> <span class='ocrx_word' id='word_1_541' title='bbox 1086 3880 1149 3934; x_wconf 89' lang='lat' dir='ltr'>slus</span> <span class='ocrx_word' id='word_1_542' title='bbox 1168 3879 1413 3950; x_wconf 82' lang='lat' dir='ltr'>Halicarnasseus,</span> <span class='ocrx_word' id='word_1_543' title='bbox 1428 3879 1577 3950; x_wconf 82' lang='lat' dir='ltr'>appianus</span> <span class='ocrx_word' id='word_1_544' title='bbox 1599 3879 1826 3947; x_wconf 78' lang='lat' dir='ltr'>Alexandrinus,</span> <span class='ocrx_word' id='word_1_545' title='bbox 1840 3878 1908 3934; x_wconf 92' lang='lat' dir='ltr'>alii·</span> 
     </span>
     <span class='ocr_line' id='line_1_42' title="bbox 207 3963 1910 4037; baseline 0 -15"><span class='ocrx_word' id='word_1_546' title='bbox 207 3965 324 4022; x_wconf 89' lang='lat' dir='ltr'>interim</span> <span class='ocrx_word' id='word_1_547' title='bbox 339 3966 455 4036; x_wconf 94' lang='lat' dir='ltr'>longum</span> <span class='ocrx_word' id='word_1_548' title='bbox 466 3963 567 4019; x_wconf 92' lang='lat' dir='ltr'>multis</span> <span class='ocrx_word' id='word_1_549' title='bbox 581 3963 783 4018; x_wconf 83' lang='lat' dir='ltr'>instrumentis</span> <span class='ocrx_word' id='word_1_550' title='bbox 794 3977 858 4017; x_wconf 88' lang='lat' dir='ltr'>cum</span> <span class='ocrx_word' id='word_1_551' title='bbox 871 3963 1029 4034; x_wconf 91' lang='lat' dir='ltr'>digitorum</span> <span class='ocrx_word' id='word_1_552' title='bbox 1086 3982 1150 4037; x_wconf 87' lang='lat' dir='ltr'>que.</span> <span class='ocrx_word' id='word_1_553' title='bbox 1160 3967 1264 4022; x_wconf 85' lang='lat' dir='ltr'>Solidae</span> <span class='ocrx_word' id='word_1_554' title='bbox 1278 3967 1345 4022; x_wconf 90' lang='lat' dir='ltr'>huic</span> <span class='ocrx_word' id='word_1_555' title='bbox 1363 3967 1421 4023; x_wconf 88' lang='lat' dir='ltr'>basi</span> <span class='ocrx_word' id='word_1_556' title='bbox 1431 3969 1668 4024; x_wconf 90' lang='lat' dir='ltr'>documentorum</span> <span class='ocrx_word' id='word_1_557' title='bbox 1682 3966 1798 4037; x_wconf 91' lang='lat' dir='ltr'>publice</span> <span class='ocrx_word' id='word_1_558' title='bbox 1808 3967 1910 4036; x_wconf 85' lang='lat' dir='ltr'>posito</span> 
     </span>
     <span class='ocr_line' id='line_1_43' title="bbox 204 4050 1909 4127; baseline -0.002 -15"><span class='ocrx_word' id='word_1_559' title='bbox 204 4054 386 4125; x_wconf 87' lang='lat' dir='ltr'>supputariis</span> <span class='ocrx_word' id='word_1_560' title='bbox 414 4051 564 4125; x_wconf 89' lang='lat' dir='ltr'>gesticulis</span> <span class='ocrx_word' id='word_1_561' title='bbox 589 4050 773 4106; x_wconf 89' lang='lat' dir='ltr'>assidendum</span> <span class='ocrx_word' id='word_1_562' title='bbox 800 4058 853 4106; x_wconf 87' lang='lat' dir='ltr'>est.</span> <span class='ocrx_word' id='word_1_563' title='bbox 870 4052 1029 4106; x_wconf 82' lang='lat' dir='ltr'>Reseranda</span> <span class='ocrx_word' id='word_1_564' title='bbox 1086 4069 1148 4110; x_wconf 92' lang='lat' dir='ltr'>rum</span> <span class='ocrx_word' id='word_1_565' title='bbox 1163 4056 1413 4124; x_wconf 87' lang='lat' dir='ltr'>superstruendam</span> <span class='ocrx_word' id='word_1_566' title='bbox 1426 4056 1526 4112; x_wconf 91' lang='lat' dir='ltr'>molem</span> <span class='ocrx_word' id='word_1_567' title='bbox 1540 4056 1702 4112; x_wconf 86' lang='lat' dir='ltr'>universam</span> <span class='ocrx_word' id='word_1_568' title='bbox 1717 4055 1909 4127; x_wconf 78' lang='lat' dir='ltr'>chronologia</span> 
     </span>
     <span class='ocr_line' id='line_1_44' title="bbox 202 4139 1909 4214; baseline -0.001 -14"><span class='ocrx_word' id='word_1_569' title='bbox 202 4143 474 4214; x_wconf 75' lang='lat' dir='ltr'>antiquissimarum</span> <span class='ocrx_word' id='word_1_570' title='bbox 489 4144 575 4196; x_wconf 90' lang='lat' dir='ltr'>etiam</span> <span class='ocrx_word' id='word_1_571' title='bbox 589 4141 717 4212; x_wconf 89' lang='lat' dir='ltr'>gentium</span> <span class='ocrx_word' id='word_1_572' title='bbox 731 4139 860 4210; x_wconf 87' lang='lat' dir='ltr'>archiva,</span> <span class='ocrx_word' id='word_1_573' title='bbox 877 4139 1029 4209; x_wconf 83' lang='lat' dir='ltr'>AEgyptio-</span> <span class='ocrx_word' id='word_1_574' title='bbox 1084 4149 1170 4213; x_wconf 91' lang='lat' dir='ltr'>atque</span> <span class='ocrx_word' id='word_1_575' title='bbox 1197 4143 1335 4213; x_wconf 81' lang='lat' dir='ltr'>historiae,</span> <span class='ocrx_word' id='word_1_576' title='bbox 1361 4143 1445 4199; x_wconf 89' lang='lat' dir='ltr'>etiam</span> <span class='ocrx_word' id='word_1_577' title='bbox 1463 4145 1496 4200; x_wconf 88' lang='lat' dir='ltr'>ad</span> <span class='ocrx_word' id='word_1_578' title='bbox 1513 4145 1721 4201; x_wconf 89' lang='lat' dir='ltr'>remotissimas</span> <span class='ocrx_word' id='word_1_579' title='bbox 1745 4149 1846 4199; x_wconf 64' lang='lat' dir='ltr'>aetates</span> <span class='ocrx_word' id='word_1_580' title='bbox 1858 4157 1909 4199; x_wconf 83' lang='lat' dir='ltr'>ex-</span> 
     </span>
     <span class='ocr_line' id='line_1_45' title="bbox 206 4229 1908 4301; baseline -0.001 -13"><span class='ocrx_word' id='word_1_581' title='bbox 206 4230 489 4299; x_wconf 81' lang='lat' dir='ltr'>rumealdaeorum,</span> <span class='ocrx_word' id='word_1_582' title='bbox 505 4229 682 4297; x_wconf 84' lang='lat' dir='ltr'>Phoenicum,</span> <span class='ocrx_word' id='word_1_583' title='bbox 698 4247 710 4278; x_wconf 84' lang='grc' dir='ltr'>ι</span> <span class='ocrx_word' id='word_1_584' title='bbox 725 4235 779 4284; x_wconf 90' lang='lat' dir='ltr'>etc.</span> <span class='ocrx_word' id='word_1_585' title='bbox 1085 4237 1180 4301; x_wconf 83' lang='lat' dir='ltr'>tensae,</span> <span class='ocrx_word' id='word_1_586' title='bbox 1197 4232 1332 4298; x_wconf 86' lang='lat' dir='ltr'>cognorit</span> <span class='ocrx_word' id='word_1_587' title='bbox 1361 4233 1547 4301; x_wconf 85' lang='lat' dir='ltr'>Euhemerus,</span> <span class='ocrx_word' id='word_1_588' title='bbox 1573 4244 1696 4301; x_wconf 92' lang='lat' dir='ltr'>eumque</span> <span class='ocrx_word' id='word_1_589' title='bbox 1722 4236 1843 4287; x_wconf 87' lang='lat' dir='ltr'>secutus</span> <span class='ocrx_word' id='word_1_590' title='bbox 1856 4233 1908 4287; x_wconf 81' lang='lat' dir='ltr'>ia-</span> 
     </span>
    </p>

    <p class='ocr_par' dir='ltr' id='par_1_3' title="bbox 804 4316 1936 4744">
     <span class='ocr_line' id='line_1_46' title="bbox 1003 4316 1908 4389; baseline -0.003 -13"><span class='ocrx_word' id='word_1_591' title='bbox 1003 4373 1009 4386; x_wconf 87' lang='grc'><strong>,</strong></span> <span class='ocrx_word' id='word_1_592' title='bbox 1083 4321 1211 4376; x_wconf 90' lang='lat' dir='ltr'>ctanlius</span> <span class='ocrx_word' id='word_1_593' title='bbox 1235 4321 1405 4377; x_wconf 75' lang='lat' dir='ltr'>divinarum</span> <span class='ocrx_word' id='word_1_594' title='bbox 1430 4321 1647 4377; x_wconf 91' lang='lat' dir='ltr'>institutionum</span> <span class='ocrx_word' id='word_1_595' title='bbox 1669 4318 1721 4375; x_wconf 90' lang='lat' dir='ltr'>lib.</span> <span class='ocrx_word' id='word_1_596' title='bbox 1747 4334 1767 4387; x_wconf 88' lang='lat' dir='ltr'>l,</span> <span class='ocrx_word' id='word_1_597' title='bbox 1785 4333 1841 4389; x_wconf 89' lang='lat' dir='ltr'>cap</span> <span class='ocrx_word' id='word_1_598' title='bbox 1856 4316 1908 4389; x_wconf 80' lang='lat' dir='ltr'>ll3</span> 
     </span>
     <span class='ocr_line' id='line_1_47' title="bbox 804 4375 1936 4481; baseline -0.002 -18"><span class='ocrx_word' id='word_1_599' title='bbox 804 4375 901 4441; x_wconf 54' lang='lat' dir='ltr'><strong>¹¹¹p⁰t⁰</strong></span> <span class='ocrx_word' id='word_1_600' title='bbox 933 4385 1027 4428; x_wconf 57' lang='grc' dir='ltr'>ΟΜ</span> <span class='ocrx_word' id='word_1_601' title='bbox 1041 4391 1068 4452; x_wconf 84' lang='lat' dir='ltr'>D</span> <span class='ocrx_word' id='word_1_602' title='bbox 1082 4411 1210 4479; x_wconf 81' lang='lat' dir='ltr'>exemplo</span> <span class='ocrx_word' id='word_1_603' title='bbox 1218 4411 1306 4465; x_wconf 91' lang='lat' dir='ltr'>Tullii</span> <span class='ocrx_word' id='word_1_604' title='bbox 1316 4418 1344 4466; x_wconf 92' lang='lat' dir='ltr'>et</span> <span class='ocrx_word' id='word_1_605' title='bbox 1353 4410 1519 4478; x_wconf 65' lang='lat' dir='ltr'>laconiam</span> <span class='ocrx_word' id='word_1_606' title='bbox 1532 4408 1907 4481; x_wconf 87' lang='lat' dir='ltr'>regravissimastatuenda,</span> <span class='ocrx_word' id='word_1_607' title='bbox 1928 4424 1936 4438; x_wconf 88' lang='lat'><strong>·</strong></span> 
     </span>
     <span class='ocr_line' id='line_1_48' title="bbox 1083 4497 1908 4569; baseline -0.004 -15"><span class='ocrx_word' id='word_1_608' title='bbox 1083 4513 1155 4569; x_wconf 93' lang='lat' dir='ltr'>quos</span> <span class='ocrx_word' id='word_1_609' title='bbox 1181 4500 1267 4556; x_wconf 93' lang='lat' dir='ltr'>etiam</span> <span class='ocrx_word' id='word_1_610' title='bbox 1296 4501 1429 4556; x_wconf 87' lang='lat' dir='ltr'>imitatur</span> <span class='ocrx_word' id='word_1_611' title='bbox 1447 4499 1602 4555; x_wconf 79' lang='lat' dir='ltr'>hruobius.</span> <span class='ocrx_word' id='word_1_612' title='bbox 1618 4500 1689 4552; x_wconf 88' lang='lat' dir='ltr'>Nam</span> <span class='ocrx_word' id='word_1_613' title='bbox 1707 4502 1739 4552; x_wconf 92' lang='lat' dir='ltr'>ut</span> <span class='ocrx_word' id='word_1_614' title='bbox 1753 4497 1908 4553; x_wconf 90' lang='lat' dir='ltr'>ostendant</span> 
     </span>
     <span class='ocr_line' id='line_1_49' title="bbox 1085 4585 1904 4658; baseline -0.005 -16"><span class='ocrx_word' id='word_1_615' title='bbox 1085 4588 1214 4643; x_wconf 91' lang='lat' dir='ltr'>homines</span> <span class='ocrx_word' id='word_1_616' title='bbox 1226 4588 1317 4644; x_wconf 88' lang='lat' dir='ltr'>luisse</span> <span class='ocrx_word' id='word_1_617' title='bbox 1330 4602 1378 4643; x_wconf 90' lang='lat' dir='ltr'>eos</span> <span class='ocrx_word' id='word_1_618' title='bbox 1394 4602 1465 4658; x_wconf 93' lang='lat' dir='ltr'>quos</span> <span class='ocrx_word' id='word_1_619' title='bbox 1477 4590 1659 4644; x_wconf 87' lang='lat' dir='ltr'>ethnicorum</span> <span class='ocrx_word' id='word_1_620' title='bbox 1675 4586 1849 4656; x_wconf 84' lang='lat' dir='ltr'>superstitio</span> <span class='ocrx_word' id='word_1_621' title='bbox 1860 4585 1904 4640; x_wconf 91' lang='lat' dir='ltr'>uti</span> 
     </span>
     <span class='ocr_line' id='line_1_50' title="bbox 1606 4676 1909 4744; baseline -0.013 -12"><span class='ocrx_word' id='word_1_622' title='bbox 1606 4677 1773 4744; x_wconf 87' lang='lat' dir='ltr'>Saturnum,</span> <span class='ocrx_word' id='word_1_623' title='bbox 1795 4676 1909 4743; x_wconf 87' lang='lat' dir='ltr'>Neptu-</span> 
     </span>
    </p>
   </div>
   <div class='ocr_carea' id='block_1_3' title="bbox 206 4350 1028 4622">
    <p class='ocr_par' dir='ltr' id='par_1_4' title="bbox 206 4350 1028 4622">
     <span class='ocr_line' id='line_1_51' title="bbox 241 4350 776 4442; baseline -0.006 -13"><span class='ocrx_word' id='word_1_624' title='bbox 241 4350 358 4429; x_wconf 85' lang='lat' dir='ltr'>Goustat</span> <span class='ocrx_word' id='word_1_625' title='bbox 383 4373 481 4442; x_wconf 90' lang='lat' dir='ltr'>itaque</span> <span class='ocrx_word' id='word_1_626' title='bbox 507 4371 623 4427; x_wconf 89' lang='lat' dir='ltr'>divinas</span> <span class='ocrx_word' id='word_1_627' title='bbox 655 4369 776 4442; x_wconf 86' lang='lat' dir='ltr'>litteras,</span> 
     </span>
     <span class='ocr_line' id='line_1_52' title="bbox 206 4460 1026 4534; baseline -0.001 -17"><span class='ocrx_word' id='word_1_628' title='bbox 206 4462 338 4519; x_wconf 85' lang='lat' dir='ltr'>veritatis</span> <span class='ocrx_word' id='word_1_629' title='bbox 351 4460 512 4534; x_wconf 90' lang='lat' dir='ltr'>magistras,</span> <span class='ocrx_word' id='word_1_630' title='bbox 544 4460 612 4515; x_wconf 94' lang='lat' dir='ltr'>huic</span> <span class='ocrx_word' id='word_1_631' title='bbox 624 4460 711 4515; x_wconf 86' lang='lat' dir='ltr'>etiarn</span> <span class='ocrx_word' id='word_1_632' title='bbox 731 4460 925 4529; x_wconf 82' lang='lat' dir='ltr'>experimento</span> <span class='ocrx_word' id='word_1_633' title='bbox 939 4460 1026 4516; x_wconf 88' lang='lat' dir='ltr'>lacem</span> 
     </span>
     <span class='ocr_line' id='line_1_53' title="bbox 207 4549 1028 4622; baseline -0.002 -16"><span class='ocrx_word' id='word_1_634' title='bbox 207 4549 350 4622; x_wconf 77' lang='lat' dir='ltr'>praeferre,</span> <span class='ocrx_word' id='word_1_635' title='bbox 369 4555 399 4605; x_wconf 94' lang='lat' dir='ltr'>ut</span> <span class='ocrx_word' id='word_1_636' title='bbox 422 4549 451 4605; x_wconf 92' lang='lat' dir='ltr'>in</span> <span class='ocrx_word' id='word_1_637' title='bbox 474 4549 586 4604; x_wconf 91' lang='lat' dir='ltr'>ratione</span> <span class='ocrx_word' id='word_1_638' title='bbox 601 4554 759 4616; x_wconf 90' lang='lat' dir='ltr'>temporum</span> <span class='ocrx_word' id='word_1_639' title='bbox 775 4549 957 4616; x_wconf 86' lang='lat' dir='ltr'>vindicanda,</span> <span class='ocrx_word' id='word_1_640' title='bbox 973 4551 1028 4605; x_wconf 89' lang='lat' dir='ltr'>do-</span> 
     </span>
    </p>
   </div>
   <div class='ocr_carea' id='block_1_4' title="bbox 207 4637 1583 4747">
    <p class='ocr_par' dir='ltr' id='par_1_5' title="bbox 207 4637 1583 4747">
     <span class='ocr_line' id='line_1_54' title="bbox 207 4637 1583 4747; baseline -0.004 -50"><span class='ocrx_word' id='word_1_641' title='bbox 207 4645 339 4697; x_wconf 87' lang='lat' dir='ltr'>eumenia</span> <span class='ocrx_word' id='word_1_642' title='bbox 350 4639 475 4711; x_wconf 91' lang='lat' dir='ltr'>genuina</span> <span class='ocrx_word' id='word_1_643' title='bbox 487 4637 899 4708; x_wconf 89' lang='lat' dir='ltr'>abomniantiquitate,quam</span> <span class='ocrx_word' id='word_1_644' title='bbox 913 4637 1027 4707; x_wconf 92' lang='lat' dir='ltr'>publica</span> <span class='ocrx_word' id='word_1_645' title='bbox 1082 4677 1248 4747; x_wconf 59' lang='lat' dir='ltr'>deosimpie</span> <span class='ocrx_word' id='word_1_646' title='bbox 1262 4678 1381 4746; x_wconf 36' lang='lat' dir='ltr'>colebat,</span> <span class='ocrx_word' id='word_1_647' title='bbox 1395 4679 1488 4733; x_wconf 62' lang='lat' dir='ltr'>,ovem</span> <span class='ocrx_word' id='word_1_648' title='bbox 1507 4678 1583 4747; x_wconf 45' lang='lat' dir='ltr'>dico,</span> 
     </span>
    </p>
   </div>
   <div class='ocr_carea' id='block_1_5' title="bbox 203 4726 1027 4891">
    <p class='ocr_par' dir='ltr' id='par_1_6' title="bbox 203 4726 1027 4891">
     <span class='ocr_line' id='line_1_55' title="bbox 205 4726 1027 4801; baseline -0.007 -13"><span class='ocrx_word' id='word_1_649' title='bbox 205 4743 274 4797; x_wconf 83' lang='lat' dir='ltr'>cura</span> <span class='ocrx_word' id='word_1_650' title='bbox 299 4729 455 4801; x_wconf 90' lang='lat' dir='ltr'>diligenter</span> <span class='ocrx_word' id='word_1_651' title='bbox 480 4740 496 4782; x_wconf 91' lang='lat' dir='ltr'>a</span> <span class='ocrx_word' id='word_1_652' title='bbox 519 4740 549 4781; x_wconf 88' lang='lat' dir='ltr'>se</span> <span class='ocrx_word' id='word_1_653' title='bbox 569 4726 743 4782; x_wconf 89' lang='lat' dir='ltr'>custoditam</span> <span class='ocrx_word' id='word_1_654' title='bbox 769 4727 924 4790; x_wconf 90' lang='lat' dir='ltr'>ministret,</span> <span class='ocrx_word' id='word_1_655' title='bbox 945 4727 1027 4783; x_wconf 86' lang='lat' dir='ltr'>aride</span> 
     </span>
     <span class='ocr_line' id='line_1_56' title="bbox 203 4817 423 4891; baseline -0.027 -13"><span class='ocrx_word' id='word_1_656' title='bbox 203 4817 423 4891; x_wconf 90' lang='lat' dir='ltr'>conquirantur.</span> 
     </span>
    </p>
   </div>
   <div class='ocr_carea' id='block_1_6' title="bbox 205 4940 1026 5358">
    <p class='ocr_par' dir='ltr' id='par_1_7' title="bbox 205 4940 1026 5358">
     <span class='ocr_line' id='line_1_57' title="bbox 240 4940 1026 5008; baseline -0.005 -9"><span class='ocrx_word' id='word_1_657' title='bbox 240 4941 266 4999; x_wconf 83' lang='lat' dir='ltr'>l.</span> <span class='ocrx_word' id='word_1_658' title='bbox 280 4943 384 5000; x_wconf 85' lang='lat' dir='ltr'>Verum</span> <span class='ocrx_word' id='word_1_659' title='bbox 398 4941 840 5001; x_wconf 86' lang='lat' dir='ltr'>utbumiliorissubselliivades</span> <span class='ocrx_word' id='word_1_660' title='bbox 854 4940 943 5008; x_wconf 91' lang='lat' dir='ltr'>priori</span> <span class='ocrx_word' id='word_1_661' title='bbox 958 4941 1026 4996; x_wconf 85' lang='lat' dir='ltr'>huic</span> 
     </span>
     <span class='ocr_line' id='line_1_58' title="bbox 206 5029 1025 5102; baseline 0 -18"><span class='ocrx_word' id='word_1_662' title='bbox 206 5030 312 5100; x_wconf 81' lang='lat' dir='ltr'>regulae</span> <span class='ocrx_word' id='word_1_663' title='bbox 324 5032 521 5102; x_wconf 89' lang='lat' dir='ltr'>adhibeamus,</span> <span class='ocrx_word' id='word_1_664' title='bbox 536 5031 612 5087; x_wconf 88' lang='lat' dir='ltr'>intra</span> <span class='ocrx_word' id='word_1_665' title='bbox 625 5035 702 5098; x_wconf 84' lang='lat' dir='ltr'>septa</span> <span class='ocrx_word' id='word_1_666' title='bbox 718 5030 907 5084; x_wconf 91' lang='lat' dir='ltr'>humanarum</span> <span class='ocrx_word' id='word_1_667' title='bbox 918 5029 1025 5084; x_wconf 90' lang='lat' dir='ltr'>artium</span> 
     </span>
     <span class='ocr_line' id='line_1_59' title="bbox 206 5115 1025 5187; baseline 0.006 -18"><span class='ocrx_word' id='word_1_668' title='bbox 206 5115 336 5170; x_wconf 84' lang='lat' dir='ltr'>historiae</span> <span class='ocrx_word' id='word_1_669' title='bbox 352 5125 466 5187; x_wconf 78' lang='lat' dir='ltr'>nostra,</span> <span class='ocrx_word' id='word_1_670' title='bbox 491 5124 519 5174; x_wconf 90' lang='lat' dir='ltr'>et</span> <span class='ocrx_word' id='word_1_671' title='bbox 539 5116 732 5184; x_wconf 85' lang='lat' dir='ltr'>chronologiae</span> <span class='ocrx_word' id='word_1_672' title='bbox 750 5117 838 5171; x_wconf 91' lang='lat' dir='ltr'>duces</span> <span class='ocrx_word' id='word_1_673' title='bbox 864 5118 1025 5174; x_wconf 90' lang='lat' dir='ltr'>tutissimos</span> 
     </span>
     <span class='ocr_line' id='line_1_60' title="bbox 208 5201 1025 5273; baseline 0.002 -14"><span class='ocrx_word' id='word_1_674' title='bbox 208 5201 367 5273; x_wconf 88' lang='lat' dir='ltr'>indaganti,</span> <span class='ocrx_word' id='word_1_675' title='bbox 386 5217 440 5259; x_wconf 93' lang='lat' dir='ltr'>non</span> <span class='ocrx_word' id='word_1_676' title='bbox 466 5204 641 5260; x_wconf 85' lang='lat' dir='ltr'>recusabunt</span> <span class='ocrx_word' id='word_1_677' title='bbox 655 5215 717 5257; x_wconf 89' lang='lat' dir='ltr'>esse</span> <span class='ocrx_word' id='word_1_678' title='bbox 731 5202 813 5259; x_wconf 90' lang='lat' dir='ltr'>illius</span> <span class='ocrx_word' id='word_1_679' title='bbox 826 5213 982 5261; x_wconf 88' lang='lat' dir='ltr'>assertores</span> <span class='ocrx_word' id='word_1_680' title='bbox 992 5218 1025 5262; x_wconf 91' lang='lat' dir='ltr'>ac</span> 
     </span>
     <span class='ocr_line' id='line_1_61' title="bbox 205 5289 1024 5358; baseline 0.004 -12"><span class='ocrx_word' id='word_1_681' title='bbox 205 5289 346 5346; x_wconf 81' lang='lat' dir='ltr'>veridicos</span> <span class='ocrx_word' id='word_1_682' title='bbox 368 5295 508 5358; x_wconf 90' lang='lat' dir='ltr'>quotquot</span> <span class='ocrx_word' id='word_1_683' title='bbox 522 5305 538 5346; x_wconf 89' lang='lat' dir='ltr'>e</span> <span class='ocrx_word' id='word_1_684' title='bbox 553 5289 660 5346; x_wconf 85' lang='lat' dir='ltr'>Latinis</span> <span class='ocrx_word' id='word_1_685' title='bbox 674 5294 725 5344; x_wconf 92' lang='lat' dir='ltr'>aut</span> <span class='ocrx_word' id='word_1_686' title='bbox 746 5289 853 5347; x_wconf 84' lang='lat' dir='ltr'>Graecis</span> <span class='ocrx_word' id='word_1_687' title='bbox 867 5294 896 5348; x_wconf 92' lang='lat' dir='ltr'>iu</span> <span class='ocrx_word' id='word_1_688' title='bbox 908 5306 1024 5349; x_wconf 91' lang='lat' dir='ltr'>censum</span> 
     </span>
    </p>
   </div>
   <div class='ocr_carea' id='block_1_7' title="bbox 240 5482 599 5630">
    <p class='ocr_par' dir='ltr' id='par_1_8' title="bbox 240 5482 599 5630">
     <span class='ocr_line' id='line_1_62' title="bbox 240 5482 561 5557; baseline -0.003 -17"><span class='ocrx_word' id='word_1_689' title='bbox 240 5486 281 5557; x_wconf 87' lang='lat' dir='ltr'>(a)</span> <span class='ocrx_word' id='word_1_690' title='bbox 292 5489 321 5543; x_wconf 91' lang='lat' dir='ltr'>ln</span> <span class='ocrx_word' id='word_1_691' title='bbox 333 5489 447 5542; x_wconf 89' lang='lat' dir='ltr'>Lucam.</span> <span class='ocrx_word' id='word_1_692' title='bbox 459 5497 521 5554; x_wconf 90' lang='lat' dir='ltr'>cap.</span> <span class='ocrx_word' id='word_1_693' title='bbox 534 5482 561 5541; x_wconf 73' lang='grc'>2.</span> 
     </span>
     <span class='ocr_line' id='line_1_63' title="bbox 241 5554 599 5630; baseline 0 -18"><span class='ocrx_word' id='word_1_694' title='bbox 241 5557 282 5628; x_wconf 84' lang='lat' dir='ltr'>(t)</span> <span class='ocrx_word' id='word_1_695' title='bbox 294 5559 373 5615; x_wconf 88' lang='lat' dir='ltr'>llom.</span> <span class='ocrx_word' id='word_1_696' title='bbox 386 5554 433 5627; x_wconf 78' lang='lat' dir='ltr'>ab,</span> <span class='ocrx_word' id='word_1_697' title='bbox 450 5556 481 5612; x_wconf 90' lang='lat' dir='ltr'>lu</span> <span class='ocrx_word' id='word_1_698' title='bbox 495 5558 599 5630; x_wconf 83' lang='lat' dir='ltr'>Evaug.</span> 
     </span>
    </p>
   </div>
   <div class='ocr_carea' id='block_1_8' title="bbox 1080 4764 1908 5366">
    <p class='ocr_par' dir='ltr' id='par_1_9' title="bbox 1080 4764 1908 5366">
     <span class='ocr_line' id='line_1_64' title="bbox 1083 4764 1908 4834; baseline -0.005 -15"><span class='ocrx_word' id='word_1_699' title='bbox 1083 4778 1149 4820; x_wconf 93' lang='lat' dir='ltr'>num</span> <span class='ocrx_word' id='word_1_700' title='bbox 1166 4774 1194 4821; x_wconf 92' lang='lat' dir='ltr'>et</span> <span class='ocrx_word' id='word_1_701' title='bbox 1207 4765 1343 4834; x_wconf 83' lang='lat' dir='ltr'>reliquos,</span> <span class='ocrx_word' id='word_1_702' title='bbox 1360 4766 1523 4821; x_wconf 92' lang='lat' dir='ltr'>eorumdem</span> <span class='ocrx_word' id='word_1_703' title='bbox 1552 4764 1703 4821; x_wconf 88' lang='lat' dir='ltr'>historiam</span> <span class='ocrx_word' id='word_1_704' title='bbox 1727 4776 1761 4818; x_wconf 91' lang='lat' dir='ltr'>ac</span> <span class='ocrx_word' id='word_1_705' title='bbox 1779 4767 1908 4831; x_wconf 91' lang='lat' dir='ltr'>tempora</span> 
     </span>
     <span class='ocr_line' id='line_1_65' title="bbox 1082 4851 1905 4924; baseline -0.005 -16"><span class='ocrx_word' id='word_1_706' title='bbox 1082 4854 1246 4920; x_wconf 88' lang='lat' dir='ltr'>ostendunt,</span> <span class='ocrx_word' id='word_1_707' title='bbox 1265 4867 1313 4921; x_wconf 92' lang='lat' dir='ltr'>per</span> <span class='ocrx_word' id='word_1_708' title='bbox 1337 4853 1527 4909; x_wconf 89' lang='lat' dir='ltr'>Euhemerum</span> <span class='ocrx_word' id='word_1_709' title='bbox 1551 4854 1707 4924; x_wconf 88' lang='lat' dir='ltr'>diligenter</span> <span class='ocrx_word' id='word_1_710' title='bbox 1728 4851 1848 4907; x_wconf 85' lang='lat' dir='ltr'>collecta</span> <span class='ocrx_word' id='word_1_711' title='bbox 1870 4863 1905 4905; x_wconf 81' lang='lat' dir='ltr'>ex</span> 
     </span>
     <span class='ocr_line' id='line_1_66' title="bbox 1081 4939 1907 5011; baseline -0.002 -15"><span class='ocrx_word' id='word_1_712' title='bbox 1081 4941 1179 4998; x_wconf 89' lang='lat' dir='ltr'>titulis</span> <span class='ocrx_word' id='word_1_713' title='bbox 1191 4940 1410 5010; x_wconf 85' lang='lat' dir='ltr'>sepulcralibus,</span> <span class='ocrx_word' id='word_1_714' title='bbox 1427 4947 1455 4996; x_wconf 92' lang='lat' dir='ltr'>et</span> <span class='ocrx_word' id='word_1_715' title='bbox 1471 4939 1714 5011; x_wconf 88' lang='lat' dir='ltr'>inscriptionibus</span> <span class='ocrx_word' id='word_1_716' title='bbox 1728 4940 1832 5010; x_wconf 86' lang='lat' dir='ltr'>sacris,</span> <span class='ocrx_word' id='word_1_717' title='bbox 1843 4951 1907 5010; x_wconf 82' lang='lat' dir='ltr'>quae</span> 
     </span>
     <span class='ocr_line' id='line_1_67' title="bbox 1082 5027 1904 5099; baseline 0 -17"><span class='ocrx_word' id='word_1_718' title='bbox 1082 5029 1111 5084; x_wconf 92' lang='lat' dir='ltr'>in</span> <span class='ocrx_word' id='word_1_719' title='bbox 1124 5028 1239 5098; x_wconf 89' lang='lat' dir='ltr'>templis</span> <span class='ocrx_word' id='word_1_720' title='bbox 1251 5030 1467 5098; x_wconf 87' lang='lat' dir='ltr'>antiquissimis</span> <span class='ocrx_word' id='word_1_721' title='bbox 1485 5029 1598 5099; x_wconf 88' lang='lat' dir='ltr'>publice</span> <span class='ocrx_word' id='word_1_722' title='bbox 1617 5027 1794 5099; x_wconf 88' lang='lat' dir='ltr'>prostabant.</span> <span class='ocrx_word' id='word_1_723' title='bbox 1813 5027 1904 5083; x_wconf 84' lang='lat' dir='ltr'>Verba</span> 
     </span>
     <span class='ocr_line' id='line_1_68' title="bbox 1080 5115 1904 5188; baseline -0.002 -16"><span class='ocrx_word' id='word_1_724' title='bbox 1080 5116 1219 5172; x_wconf 87' lang='lat' dir='ltr'>Laetantii</span> <span class='ocrx_word' id='word_1_725' title='bbox 1232 5121 1309 5171; x_wconf 93' lang='lat' dir='ltr'>sunt.</span> <span class='ocrx_word' id='word_1_726' title='bbox 1328 5138 1341 5168; x_wconf 81' lang='lat' dir='ltr'>a</span> <span class='ocrx_word' id='word_1_727' title='bbox 1360 5116 1505 5188; x_wconf 70' lang='lat' dir='ltr'>antiquus</span> <span class='ocrx_word' id='word_1_728' title='bbox 1526 5126 1627 5175; x_wconf 90' lang='lat' dir='ltr'>auctor</span> <span class='ocrx_word' id='word_1_729' title='bbox 1640 5117 1830 5185; x_wconf 85' lang='lat' dir='ltr'>Euhemerus,</span> <span class='ocrx_word' id='word_1_730' title='bbox 1853 5115 1904 5185; x_wconf 93' lang='lat' dir='ltr'>qui</span> 
     </span>
     <span class='ocr_line' id='line_1_69' title="bbox 1081 5202 1905 5278; baseline 0 -20"><span class='ocrx_word' id='word_1_731' title='bbox 1081 5202 1183 5259; x_wconf 84' lang='lat' dir='ltr'>luiten</span> <span class='ocrx_word' id='word_1_732' title='bbox 1206 5203 1321 5259; x_wconf 84' lang='lat' dir='ltr'>civitate</span> <span class='ocrx_word' id='word_1_733' title='bbox 1336 5207 1473 5275; x_wconf 87' lang='lat' dir='ltr'>Messana,</span> <span class='ocrx_word' id='word_1_734' title='bbox 1498 5221 1543 5262; x_wconf 89' lang='lat' dir='ltr'>res</span> <span class='ocrx_word' id='word_1_735' title='bbox 1557 5211 1650 5278; x_wconf 87' lang='lat' dir='ltr'>gestas</span> <span class='ocrx_word' id='word_1_736' title='bbox 1672 5205 1754 5261; x_wconf 82' lang='lat' dir='ltr'>lovis</span> <span class='ocrx_word' id='word_1_737' title='bbox 1768 5210 1796 5260; x_wconf 90' lang='lat' dir='ltr'>et</span> <span class='ocrx_word' id='word_1_738' title='bbox 1818 5211 1905 5258; x_wconf 81' lang='lat' dir='ltr'>raete-</span> 
     </span>
     <span class='ocr_line' id='line_1_70' title="bbox 1081 5290 1905 5366; baseline -0.005 -18"><span class='ocrx_word' id='word_1_739' title='bbox 1081 5304 1177 5348; x_wconf 91' lang='lat' dir='ltr'>rorum</span> <span class='ocrx_word' id='word_1_740' title='bbox 1191 5290 1240 5361; x_wconf 92' lang='lat' dir='ltr'>qui</span> <span class='ocrx_word' id='word_1_741' title='bbox 1251 5292 1293 5347; x_wconf 92' lang='lat' dir='ltr'>dil</span> <span class='ocrx_word' id='word_1_742' title='bbox 1309 5298 1457 5364; x_wconf 88' lang='lat' dir='ltr'>putantur,</span> <span class='ocrx_word' id='word_1_743' title='bbox 1476 5294 1593 5366; x_wconf 91' lang='lat' dir='ltr'>collegit</span> <span class='ocrx_word' id='word_1_744' title='bbox 1606 5307 1641 5349; x_wconf 80' lang='lat' dir='ltr'>ex</span> <span class='ocrx_word' id='word_1_745' title='bbox 1660 5290 1905 5362; x_wconf 86' lang='lat' dir='ltr'>inscriptionibus</span> 
     </span>
    </p>
   </div>
   <div class='ocr_carea' id='block_1_9' title="bbox 1114 5488 1279 5561">
    <p class='ocr_par' dir='ltr' id='par_1_10' title="bbox 1114 5488 1279 5561">
     <span class='ocr_line' id='line_1_71' title="bbox 1114 5488 1279 5561; baseline 0.012 -18"><span class='ocrx_word' id='word_1_746' title='bbox 1114 5489 1146 5561; x_wconf 84' lang='lat' dir='ltr'>(c)</span> <span class='ocrx_word' id='word_1_747' title='bbox 1158 5490 1224 5560; x_wconf 85' lang='lat' dir='ltr'>Cap.</span> <span class='ocrx_word' id='word_1_748' title='bbox 1237 5488 1279 5546; x_wconf 84' lang='grc'>19.</span> 
     </span>
    </p>
   </div>
   <div class='ocr_carea' id='block_1_10' title="bbox 0 0 1950 6136">
    <p class='ocr_par' dir='ltr' id='par_1_11' title="bbox 0 0 1950 6136">
     <span class='ocr_line' id='line_1_72' title="bbox 0 0 1950 6136; baseline 0 1"><span class='ocrx_word' id='word_1_749' title='bbox 0 0 1950 6136; x_wconf 95' lang='lat' dir='ltr'> </span> 
     </span>
    </p>
   </div>
  </div>
 </body>
</html>
