<?xml version="1.0" encoding="UTF-8"?>
<!DOCTYPE html PUBLIC "-//W3C//DTD XHTML 1.0 Transitional//EN"
    "http://www.w3.org/TR/xhtml1/DTD/xhtml1-transitional.dtd">
<html xmlns="http://www.w3.org/1999/xhtml" xml:lang="en" lang="en">
 <head>
  <title>
</title>
<meta http-equiv="Content-Type" content="text/html;charset=utf-8" />
  <meta name='ocr-system' content='tesseract 3.04.00' />
  <meta name='ocr-capabilities' content='ocr_page ocr_carea ocr_par ocr_line ocrx_word'/>
</head>
<body>
  <div class='ocr_page' id='page_1' title='image "./patrologiaecurs48unkngoog/patrologiaecurs48unkngoog_0555.png"; bbox 0 0 3892 6136; ppageno 0'>
   <div class='ocr_carea' id='block_1_1' title="bbox 379 352 1659 424">
    <p class='ocr_par' dir='ltr' id='par_1_1' title="bbox 379 352 1659 424">
     <span class='ocr_line' id='line_1_1' title="bbox 379 352 1659 424; baseline 0.011 -15"><span class='ocrx_word' id='word_1_1' title='bbox 379 353 538 411; x_wconf 75' lang='lat' dir='ltr'>HISTORIA</span> <span class='ocrx_word' id='word_1_2' title='bbox 556 354 602 410; x_wconf 86' lang='lat' dir='ltr'><strong>DE</strong></span> <span class='ocrx_word' id='word_1_3' title='bbox 620 352 708 411; x_wconf 83' lang='lat' dir='ltr'><strong>vltis</strong></span> <span class='ocrx_word' id='word_1_4' title='bbox 725 352 810 410; x_wconf 85' lang='lat' dir='ltr'><strong>ROlf.</strong></span> <span class='ocrx_word' id='word_1_5' title='bbox 833 352 932 409; x_wconf 83' lang='lat' dir='ltr'><strong>PONT.</strong></span> <span class='ocrx_word' id='word_1_6' title='bbox 953 382 988 396; x_wconf 89' lang='lat'><em>-</em></span> <span class='ocrx_word' id='word_1_7' title='bbox 1007 354 1034 410; x_wconf 90' lang='lat' dir='ltr'><strong>S.</strong></span> <span class='ocrx_word' id='word_1_8' title='bbox 1055 356 1223 414; x_wconf 79' lang='lat' dir='ltr'>CLEMENS.</span> <span class='ocrx_word' id='word_1_9' title='bbox 1589 363 1659 424; x_wconf 70' lang='lat'><strong>⁴102</strong></span> 
     </span>
    </p>
   </div>
   <div class='ocr_carea' id='block_1_2' title="bbox 87 476 1734 5989">
    <p class='ocr_par' dir='ltr' id='par_1_2' title="bbox 87 476 1734 5989">
     <span class='ocr_line' id='line_1_2' title="bbox 91 476 1657 555; baseline 0.006 -22"><span class='ocrx_word' id='word_1_10' title='bbox 91 492 146 548; x_wconf 90' lang='lat' dir='ltr'><strong>res,</strong></span> <span class='ocrx_word' id='word_1_11' title='bbox 172 485 199 535; x_wconf 91' lang='lat' dir='ltr'><strong>et</strong></span> <span class='ocrx_word' id='word_1_12' title='bbox 223 479 325 535; x_wconf 82' lang='lat' dir='ltr'><strong>vicarii</strong></span> <span class='ocrx_word' id='word_1_13' title='bbox 360 481 437 535; x_wconf 90' lang='lat' dir='ltr'><strong>circa</strong></span> <span class='ocrx_word' id='word_1_14' title='bbox 464 494 570 536; x_wconf 90' lang='lat' dir='ltr'><strong>annam</strong></span> <span class='ocrx_word' id='word_1_15' title='bbox 598 480 706 535; x_wconf 85' lang='lat' dir='ltr'><strong>christi</strong></span> <span class='ocrx_word' id='word_1_16' title='bbox 734 476 769 535; x_wconf 84' lang='grc'><strong>66</strong></span> <span class='ocrx_word' id='word_1_17' title='bbox 791 478 967 548; x_wconf 85' lang='lat' dir='ltr'><strong>Aginnum,</strong></span> <span class='ocrx_word' id='word_1_18' title='bbox 992 479 1101 536; x_wconf 91' lang='lat' dir='ltr'><strong>indicta</strong></span> <span class='ocrx_word' id='word_1_19' title='bbox 1125 493 1142 534; x_wconf 95' lang='lat' dir='ltr'><strong>a</strong></span> <span class='ocrx_word' id='word_1_20' title='bbox 1165 480 1233 536; x_wconf 90' lang='lat' dir='ltr'><strong>caio</strong></span> <span class='ocrx_word' id='word_1_21' title='bbox 1254 484 1349 537; x_wconf 86' lang='lat' dir='ltr'><strong>necitis</strong></span> <span class='ocrx_word' id='word_1_22' title='bbox 1370 485 1492 554; x_wconf 83' lang='lat' dir='ltr'><strong>nudique</strong></span> <span class='ocrx_word' id='word_1_23' title='bbox 1515 488 1599 555; x_wconf 81' lang='lat' dir='ltr'><strong>copiis</strong></span> <span class='ocrx_word' id='word_1_24' title='bbox 1622 488 1657 543; x_wconf 93' lang='lat' dir='ltr'><strong>ad</strong></span> 
     </span>
     <span class='ocr_line' id='line_1_3' title="bbox 87 550 1658 626; baseline 0.006 -21"><span class='ocrx_word' id='word_1_25' title='bbox 87 552 146 621; x_wconf 88' lang='lat' dir='ltr'><strong>ipse</strong></span> <span class='ocrx_word' id='word_1_26' title='bbox 163 552 354 607; x_wconf 89' lang='lat' dir='ltr'><strong>constituerat</strong></span> <span class='ocrx_word' id='word_1_27' title='bbox 368 552 565 608; x_wconf 79' lang='lat' dir='ltr'><strong>occidentales</strong></span> <span class='ocrx_word' id='word_1_28' title='bbox 584 552 699 621; x_wconf 93' lang='lat' dir='ltr'><strong>imperii</strong></span> <span class='ocrx_word' id='word_1_29' title='bbox 712 565 781 622; x_wconf 93' lang='lat' dir='ltr'><strong>pro-</strong></span> <span class='ocrx_word' id='word_1_30' title='bbox 836 550 1029 607; x_wconf 76' lang='lat' dir='ltr'>Britannicam</span> <span class='ocrx_word' id='word_1_31' title='bbox 1045 550 1274 621; x_wconf 74' lang='lat' dir='ltr'>expeditionem:</span> <span class='ocrx_word' id='word_1_32' title='bbox 1293 555 1340 610; x_wconf 94' lang='lat' dir='ltr'><strong>cni</strong></span> <span class='ocrx_word' id='word_1_33' title='bbox 1356 555 1446 611; x_wconf 92' lang='lat' dir='ltr'><strong>altera</strong></span> <span class='ocrx_word' id='word_1_34' title='bbox 1463 557 1593 626; x_wconf 79' lang='lat' dir='ltr'><strong>proxime</strong></span> <span class='ocrx_word' id='word_1_35' title='bbox 1606 571 1658 614; x_wconf 90' lang='lat' dir='ltr'><strong>ac-</strong></span> 
     </span>
     <span class='ocr_line' id='line_1_4' title="bbox 88 621 1658 700; baseline 0.004 -22"><span class='ocrx_word' id='word_1_36' title='bbox 88 635 233 694; x_wconf 88' lang='lat' dir='ltr'><strong>peragrare</strong></span> <span class='ocrx_word' id='word_1_37' title='bbox 246 623 280 678; x_wconf 90' lang='lat' dir='ltr'><strong>ad</strong></span> <span class='ocrx_word' id='word_1_38' title='bbox 294 622 469 680; x_wconf 90' lang='lat' dir='ltr'><strong>inferendam</strong></span> <span class='ocrx_word' id='word_1_39' title='bbox 484 624 512 679; x_wconf 92' lang='lat' dir='ltr'><strong>in</strong></span> <span class='ocrx_word' id='word_1_40' title='bbox 527 636 575 679; x_wconf 88' lang='lat' dir='ltr'><strong>eas</strong></span> <span class='ocrx_word' id='word_1_41' title='bbox 590 623 680 680; x_wconf 93' lang='lat' dir='ltr'><strong>lacem</strong></span> <span class='ocrx_word' id='word_1_42' title='bbox 693 624 780 679; x_wconf 86' lang='lat' dir='ltr'><strong>Eran-</strong></span> <span class='ocrx_word' id='word_1_43' title='bbox 835 623 922 677; x_wconf 83' lang='lat' dir='ltr'><strong>cessit</strong></span> <span class='ocrx_word' id='word_1_44' title='bbox 934 621 989 678; x_wconf 92' lang='lat' dir='ltr'><strong>sub</strong></span> <span class='ocrx_word' id='word_1_45' title='bbox 998 622 1130 688; x_wconf 89' lang='lat' dir='ltr'><strong>claudio,</strong></span> <span class='ocrx_word' id='word_1_46' title='bbox 1142 637 1231 695; x_wconf 91' lang='lat' dir='ltr'><strong>eaque</strong></span> <span class='ocrx_word' id='word_1_47' title='bbox 1243 623 1367 682; x_wconf 76' lang='lat' dir='ltr'><strong>feliciter</strong></span> <span class='ocrx_word' id='word_1_48' title='bbox 1376 628 1519 684; x_wconf 91' lang='lat' dir='ltr'><strong>absoluta.</strong></span> <span class='ocrx_word' id='word_1_49' title='bbox 1531 628 1658 700; x_wconf 87' lang='lat' dir='ltr'><strong>Utraque</strong></span> 
     </span>
     <span class='ocr_line' id='line_1_5' title="bbox 89 694 1658 819; baseline 0.004 -70"><span class='ocrx_word' id='word_1_50' title='bbox 89 694 97 749; x_wconf 97' lang='grc'>1</span> <span class='ocrx_word' id='word_1_51' title='bbox 113 708 201 763; x_wconf 87' lang='lat' dir='ltr'><strong>supra</strong></span> <span class='ocrx_word' id='word_1_52' title='bbox 224 695 310 749; x_wconf 90' lang='lat' dir='ltr'><strong>retuli</strong></span> <span class='ocrx_word' id='word_1_53' title='bbox 329 699 357 749; x_wconf 92' lang='lat' dir='ltr'><strong>el</strong></span> <span class='ocrx_word' id='word_1_54' title='bbox 371 695 538 751; x_wconf 88' lang='lat' dir='ltr'><strong>confirmavi</strong></span> <span class='ocrx_word' id='word_1_55' title='bbox 553 696 735 751; x_wconf 80' lang='lat' dir='ltr'><strong>documentis</strong></span> <span class='ocrx_word' id='word_1_56' title='bbox 749 696 778 748; x_wconf 92' lang='lat' dir='ltr'><strong>ln</strong></span> <span class='ocrx_word' id='word_1_57' title='bbox 834 694 929 819; x_wconf 63' lang='lat' dir='ltr'><strong>potuit</strong></span> <span class='ocrx_word' id='word_1_58' title='bbox 941 707 1004 750; x_wconf 90' lang='lat' dir='ltr'><strong>cum</strong></span> <span class='ocrx_word' id='word_1_59' title='bbox 1016 694 1149 751; x_wconf 89' lang='lat' dir='ltr'><strong>cornelio</strong></span> <span class='ocrx_word' id='word_1_60' title='bbox 1164 697 1343 765; x_wconf 79' lang='lat' dir='ltr'><strong>centurione,</strong></span> <span class='ocrx_word' id='word_1_61' title='bbox 1359 710 1393 754; x_wconf 91' lang='lat' dir='ltr'><strong>ac</strong></span> <span class='ocrx_word' id='word_1_62' title='bbox 1409 700 1520 756; x_wconf 76' lang='lat' dir='ltr'><strong>celeris</strong></span> <span class='ocrx_word' id='word_1_63' title='bbox 1533 701 1658 756; x_wconf 91' lang='lat' dir='ltr'><strong>commi-</strong></span> 
     </span>
     <span class='ocr_line' id='line_1_6' title="bbox 88 764 1657 836; baseline 0.004 -16"><span class='ocrx_word' id='word_1_64' title='bbox 88 766 114 820; x_wconf 84' lang='lat' dir='ltr'><strong>S.</strong></span> <span class='ocrx_word' id='word_1_65' title='bbox 127 767 239 821; x_wconf 91' lang='lat' dir='ltr'><strong>Petram</strong></span> <span class='ocrx_word' id='word_1_66' title='bbox 256 767 335 820; x_wconf 86' lang='lat' dir='ltr'><strong>Lino.</strong></span> <span class='ocrx_word' id='word_1_67' title='bbox 350 765 479 822; x_wconf 87' lang='lat' dir='ltr'><strong>clemens</strong></span> <span class='ocrx_word' id='word_1_68' title='bbox 489 780 555 823; x_wconf 86' lang='lat' dir='ltr'><strong>iero</strong></span> <span class='ocrx_word' id='word_1_69' title='bbox 569 767 684 836; x_wconf 89' lang='lat' dir='ltr'><strong>adjutor</strong></span> <span class='ocrx_word' id='word_1_70' title='bbox 697 765 777 822; x_wconf 80' lang='lat' dir='ltr'><strong>Ponti</strong></span> <span class='ocrx_word' id='word_1_71' title='bbox 847 764 975 821; x_wconf 91' lang='lat' dir='ltr'><strong>itonibus</strong></span> <span class='ocrx_word' id='word_1_72' title='bbox 990 780 1049 822; x_wconf 84' lang='lat' dir='ltr'><strong>snae</strong></span> <span class='ocrx_word' id='word_1_73' title='bbox 1066 766 1223 835; x_wconf 70' lang='lat' dir='ltr'><strong>presertim</strong></span> <span class='ocrx_word' id='word_1_74' title='bbox 1238 769 1368 824; x_wconf 84' lang='lat' dir='ltr'><strong>cohortis</strong></span> <span class='ocrx_word' id='word_1_75' title='bbox 1385 770 1492 827; x_wconf 78' lang='lat' dir='ltr'><strong>Italicae</strong></span> <span class='ocrx_word' id='word_1_76' title='bbox 1507 778 1556 827; x_wconf 91' lang='lat' dir='ltr'><strong>aut</strong></span> <span class='ocrx_word' id='word_1_77' title='bbox 1578 771 1657 827; x_wconf 91' lang='lat' dir='ltr'><strong>alia-</strong></span> 
     </span>
     <span class='ocr_line' id='line_1_7' title="bbox 88 837 1657 910; baseline 0.004 -18"><span class='ocrx_word' id='word_1_78' title='bbox 88 837 208 892; x_wconf 88' lang='lat' dir='ltr'><strong>ninetur</strong></span> <span class='ocrx_word' id='word_1_79' title='bbox 228 837 257 891; x_wconf 92' lang='lat' dir='ltr'><strong>in</strong></span> <span class='ocrx_word' id='word_1_80' title='bbox 280 837 402 907; x_wconf 89' lang='lat' dir='ltr'><strong>epistola</strong></span> <span class='ocrx_word' id='word_1_81' title='bbox 428 839 462 894; x_wconf 92' lang='lat' dir='ltr'><strong>ad</strong></span> <span class='ocrx_word' id='word_1_82' title='bbox 489 838 689 908; x_wconf 72' lang='lat' dir='ltr'><strong>Philippenses</strong></span> <span class='ocrx_word' id='word_1_83' title='bbox 712 838 777 894; x_wconf 92' lang='lat' dir='ltr'><strong>data</strong></span> <span class='ocrx_word' id='word_1_84' title='bbox 834 851 897 892; x_wconf 91' lang='lat' dir='ltr'><strong>rain</strong></span> <span class='ocrx_word' id='word_1_85' title='bbox 912 849 1009 893; x_wconf 91' lang='lat' dir='ltr'><strong>secam</strong></span> <span class='ocrx_word' id='word_1_86' title='bbox 1027 838 1192 909; x_wconf 90' lang='lat' dir='ltr'><strong>degentiam</strong></span> <span class='ocrx_word' id='word_1_87' title='bbox 1209 839 1239 894; x_wconf 92' lang='lat' dir='ltr'><strong>in</strong></span> <span class='ocrx_word' id='word_1_88' title='bbox 1256 839 1416 910; x_wconf 83' lang='lat' dir='ltr'><strong>Palaestina,</strong></span> <span class='ocrx_word' id='word_1_89' title='bbox 1437 848 1464 898; x_wconf 91' lang='lat' dir='ltr'><strong>et</strong></span> <span class='ocrx_word' id='word_1_90' title='bbox 1487 843 1657 899; x_wconf 87' lang='lat' dir='ltr'><strong>domesticis</strong></span> 
     </span>
     <span class='ocr_line' id='line_1_8' title="bbox 88 907 1655 985; baseline 0.004 -20"><span class='ocrx_word' id='word_1_91' title='bbox 88 922 153 965; x_wconf 93' lang='lat' dir='ltr'><strong>num</strong></span> <span class='ocrx_word' id='word_1_92' title='bbox 171 908 217 977; x_wconf 90' lang='grc'>60,</span> <span class='ocrx_word' id='word_1_93' title='bbox 240 913 268 964; x_wconf 89' lang='grc' dir='ltr'><strong>ιι</strong></span> <span class='ocrx_word' id='word_1_94' title='bbox 290 909 375 978; x_wconf 90' lang='lat' dir='ltr'><strong>paulo</strong></span> <span class='ocrx_word' id='word_1_95' title='bbox 390 912 455 965; x_wconf 90' lang='lat' dir='ltr'><strong>ante</strong></span> <span class='ocrx_word' id='word_1_96' title='bbox 477 923 534 965; x_wconf 91' lang='lat' dir='ltr'><strong>una</strong></span> <span class='ocrx_word' id='word_1_97' title='bbox 555 923 619 965; x_wconf 91' lang='lat' dir='ltr'><strong>cam</strong></span> <span class='ocrx_word' id='word_1_98' title='bbox 641 910 777 965; x_wconf 84' lang='lat' dir='ltr'><strong>hiracleto</strong></span> <span class='ocrx_word' id='word_1_99' title='bbox 832 921 928 964; x_wconf 89' lang='lat' dir='ltr'><strong>secam</strong></span> <span class='ocrx_word' id='word_1_100' title='bbox 957 907 1120 979; x_wconf 89' lang='lat' dir='ltr'><strong>baptizatis,</strong></span> <span class='ocrx_word' id='word_1_101' title='bbox 1150 922 1183 964; x_wconf 90' lang='lat' dir='ltr'><strong>ac</strong></span> <span class='ocrx_word' id='word_1_102' title='bbox 1211 910 1334 967; x_wconf 89' lang='lat' dir='ltr'><strong>testibus</strong></span> <span class='ocrx_word' id='word_1_103' title='bbox 1358 914 1481 969; x_wconf 89' lang='lat' dir='ltr'><strong>oculatis</strong></span> <span class='ocrx_word' id='word_1_104' title='bbox 1509 921 1655 985; x_wconf 86' lang='lat' dir='ltr'><strong>gestorum</strong></span> 
     </span>
     <span class='ocr_line' id='line_1_9' title="bbox 88 980 1655 1055; baseline 0.004 -19"><span class='ocrx_word' id='word_1_105' title='bbox 88 986 136 1036; x_wconf 93' lang='lat' dir='ltr'><strong>tar</strong></span> <span class='ocrx_word' id='word_1_106' title='bbox 151 981 226 1035; x_wconf 89' lang='lat' dir='ltr'><strong>iuter</strong></span> <span class='ocrx_word' id='word_1_107' title='bbox 239 980 377 1036; x_wconf 89' lang='lat' dir='ltr'><strong>diaconos</strong></span> <span class='ocrx_word' id='word_1_108' title='bbox 393 981 473 1037; x_wconf 88' lang='lat' dir='ltr'><strong>Petro</strong></span> <span class='ocrx_word' id='word_1_109' title='bbox 495 981 693 1037; x_wconf 83' lang='lat' dir='ltr'><strong>ministrantes</strong></span> <span class='ocrx_word' id='word_1_110' title='bbox 707 980 776 1053; x_wconf 86' lang='lat' dir='ltr'><strong>(nisi</strong></span> <span class='ocrx_word' id='word_1_111' title='bbox 831 980 939 1035; x_wconf 85' lang='lat' dir='ltr'><strong>Christi</strong></span> <span class='ocrx_word' id='word_1_112' title='bbox 955 980 1083 1046; x_wconf 87' lang='lat' dir='ltr'><strong>Domini,</strong></span> <span class='ocrx_word' id='word_1_113' title='bbox 1108 986 1136 1036; x_wconf 91' lang='lat' dir='ltr'><strong>et</strong></span> <span class='ocrx_word' id='word_1_114' title='bbox 1154 982 1349 1050; x_wconf 92' lang='lat' dir='ltr'><strong>apostoloram</strong></span> <span class='ocrx_word' id='word_1_115' title='bbox 1377 990 1418 1039; x_wconf 90' lang='lat' dir='ltr'><strong>tot</strong></span> <span class='ocrx_word' id='word_1_116' title='bbox 1432 998 1575 1055; x_wconf 81' lang='lat' dir='ltr'><strong>yiraeoones</strong></span> <span class='ocrx_word' id='word_1_117' title='bbox 1598 999 1655 1042; x_wconf 80' lang='lat' dir='ltr'><strong>no-</strong></span> 
     </span>
     <span class='ocr_line' id='line_1_10' title="bbox 88 1025 1654 1124; baseline 0.004 -18"><span class='ocrx_word' id='word_1_118' title='bbox 88 1057 144 1107; x_wconf 86' lang='grc' dir='ltr'>,ιιι</span> <span class='ocrx_word' id='word_1_119' title='bbox 157 1051 291 1121; x_wconf 90' lang='lat' dir='ltr'><strong>periocha</strong></span> <span class='ocrx_word' id='word_1_120' title='bbox 305 1051 546 1123; x_wconf 84' lang='lat' dir='ltr'><strong>epistolaelgnatii</strong></span> <span class='ocrx_word' id='word_1_121' title='bbox 559 1052 592 1108; x_wconf 93' lang='lat' dir='ltr'><strong>ad</strong></span> <span class='ocrx_word' id='word_1_122' title='bbox 605 1053 775 1115; x_wconf 77' lang='lat' dir='ltr'><strong>Trallianos,</strong></span> <span class='ocrx_word' id='word_1_123' title='bbox 833 1057 897 1106; x_wconf 79' lang='lat' dir='ltr'><strong>strae</strong></span> <span class='ocrx_word' id='word_1_124' title='bbox 912 1051 978 1108; x_wconf 87' lang='lat' dir='ltr'><strong>fidel</strong></span> <span class='ocrx_word' id='word_1_125' title='bbox 992 1065 1026 1108; x_wconf 94' lang='lat' dir='ltr'><strong>eo</strong></span> <span class='ocrx_word' id='word_1_126' title='bbox 1045 1051 1212 1121; x_wconf 90' lang='lat' dir='ltr'><strong>transferre,</strong></span> <span class='ocrx_word' id='word_1_127' title='bbox 1226 1060 1296 1124; x_wconf 89' lang='lat' dir='ltr'><strong>quot</strong></span> <span class='ocrx_word' id='word_1_128' title='bbox 1312 1025 1437 1122; x_wconf 73' lang='lat' dir='ltr'><strong>milites,</strong></span> <span class='ocrx_word' id='word_1_129' title='bbox 1453 1062 1504 1113; x_wconf 89' lang='lat' dir='ltr'><strong>aot</strong></span> <span class='ocrx_word' id='word_1_130' title='bbox 1527 1057 1654 1113; x_wconf 91' lang='lat' dir='ltr'><strong>militam</strong></span> 
     </span>
     <span class='ocr_line' id='line_1_11' title="bbox 95 1118 1652 1194; baseline 0.003 -17"><span class='ocrx_word' id='word_1_131' title='bbox 95 1118 132 1177; x_wconf 77' lang='lat' dir='ltr'><strong>‚T</strong></span> <span class='ocrx_word' id='word_1_132' title='bbox 149 1125 175 1177; x_wconf 88' lang='lat' dir='ltr'><strong>iit</strong></span> <span class='ocrx_word' id='word_1_133' title='bbox 195 1122 776 1194; x_wconf 83' lang='lat' dir='ltr'><strong>infert,utisapraexpeudiinnotisad</strong></span> <span class='ocrx_word' id='word_1_134' title='bbox 833 1124 936 1191; x_wconf 88' lang='lat' dir='ltr'><strong>socios,</strong></span> <span class='ocrx_word' id='word_1_135' title='bbox 968 1122 1212 1193; x_wconf 89' lang='lat' dir='ltr'><strong>conturbernales,</strong></span> <span class='ocrx_word' id='word_1_136' title='bbox 1243 1126 1351 1183; x_wconf 90' lang='lat' dir='ltr'><strong>amicos</strong></span> <span class='ocrx_word' id='word_1_137' title='bbox 1379 1128 1448 1183; x_wconf 82' lang='lat' dir='ltr'><strong>Nori</strong></span> <span class='ocrx_word' id='word_1_138' title='bbox 1480 1129 1652 1184; x_wconf 81' lang='lat' dir='ltr'><strong>Testamenti</strong></span> 
     </span>
     <span class='ocr_line' id='line_1_12' title="bbox 88 1194 1652 1268; baseline 0.003 -19"><span class='ocrx_word' id='word_1_139' title='bbox 88 1194 127 1249; x_wconf 89' lang='lat' dir='ltr'><strong>ris</strong></span> <span class='ocrx_word' id='word_1_140' title='bbox 142 1194 236 1250; x_wconf 88' lang='lat' dir='ltr'><strong>vorbis</strong></span> <span class='ocrx_word' id='word_1_141' title='bbox 253 1196 326 1265; x_wconf 89' lang='lat' dir='ltr'><strong>apud</strong></span> <span class='ocrx_word' id='word_1_142' title='bbox 342 1195 514 1251; x_wconf 89' lang='lat' dir='ltr'><strong>cotelerium</strong></span> <span class='ocrx_word' id='word_1_143' title='bbox 537 1196 565 1249; x_wconf 91' lang='lat' dir='ltr'><strong>ia</strong></span> <span class='ocrx_word' id='word_1_144' title='bbox 584 1195 775 1265; x_wconf 78' lang='lat' dir='ltr'><strong>interpolatis,</strong></span> <span class='ocrx_word' id='word_1_145' title='bbox 835 1194 1138 1261; x_wconf 89' lang='lat' dir='ltr'><strong>ininislrosdiaeonos,</strong></span> <span class='ocrx_word' id='word_1_146' title='bbox 1157 1194 1335 1266; x_wconf 87' lang='lat' dir='ltr'><strong>presbyteros</strong></span> <span class='ocrx_word' id='word_1_147' title='bbox 1347 1198 1396 1268; x_wconf 91' lang='lat' dir='ltr'><strong>qai</strong></span> <span class='ocrx_word' id='word_1_148' title='bbox 1411 1198 1537 1255; x_wconf 89' lang='lat' dir='ltr'><strong>ordinati</strong></span> <span class='ocrx_word' id='word_1_149' title='bbox 1548 1208 1652 1265; x_wconf 88' lang='lat' dir='ltr'><strong>cssoal,</strong></span> 
     </span>
     <span class='ocr_line' id='line_1_13' title="bbox 88 1265 1654 1340; baseline 0.004 -22"><span class='ocrx_word' id='word_1_150' title='bbox 88 1265 178 1332; x_wconf 49' lang='lat' dir='ltr'><strong>¹Quid</strong></span> <span class='ocrx_word' id='word_1_151' title='bbox 192 1282 254 1320; x_wconf 83' lang='lat' dir='ltr'><strong>mro</strong></span> <span class='ocrx_word' id='word_1_152' title='bbox 274 1267 383 1321; x_wconf 83' lang='lat' dir='ltr'><strong>‹lincurii</strong></span> <span class='ocrx_word' id='word_1_153' title='bbox 401 1282 485 1335; x_wconf 77' lang='lat' dir='ltr'><strong>qnam</strong></span> <span class='ocrx_word' id='word_1_154' title='bbox 503 1269 653 1321; x_wconf 74' lang='lat' dir='ltr'><strong>limitatione</strong></span> <span class='ocrx_word' id='word_1_155' title='bbox 671 1267 777 1334; x_wconf 77' lang='lat' dir='ltr'><strong>lupeti-</strong></span> <span class='ocrx_word' id='word_1_156' title='bbox 832 1279 927 1322; x_wconf 92' lang='lat' dir='ltr'><strong>secam</strong></span> <span class='ocrx_word' id='word_1_157' title='bbox 950 1266 1063 1322; x_wconf 91' lang='lat' dir='ltr'><strong>habere.</strong></span> <span class='ocrx_word' id='word_1_158' title='bbox 1084 1265 1273 1337; x_wconf 85' lang='lat' dir='ltr'><strong>Exploremus</strong></span> <span class='ocrx_word' id='word_1_159' title='bbox 1295 1269 1378 1325; x_wconf 93' lang='lat' dir='ltr'><strong>modo</strong></span> <span class='ocrx_word' id='word_1_160' title='bbox 1401 1283 1435 1324; x_wconf 89' lang='lat' dir='ltr'><strong>an</strong></span> <span class='ocrx_word' id='word_1_161' title='bbox 1459 1278 1556 1340; x_wconf 91' lang='lat' dir='ltr'><strong>parata</strong></span> <span class='ocrx_word' id='word_1_162' title='bbox 1580 1276 1654 1327; x_wconf 90' lang='lat' dir='ltr'><strong>esset</strong></span> 
     </span>
     <span class='ocr_line' id='line_1_14' title="bbox 88 1337 1654 1411; baseline 0.003 -19"><span class='ocrx_word' id='word_1_163' title='bbox 88 1340 199 1392; x_wconf 88' lang='lat' dir='ltr'><strong>irtutnm</strong></span> <span class='ocrx_word' id='word_1_164' title='bbox 212 1341 225 1391; x_wconf 81' lang='lat' dir='ltr'><strong>P</strong></span> <span class='ocrx_word' id='word_1_165' title='bbox 238 1353 338 1407; x_wconf 85' lang='lat' dir='ltr'><strong>porum</strong></span> <span class='ocrx_word' id='word_1_166' title='bbox 353 1343 377 1392; x_wconf 89' lang='lat' dir='ltr'><strong>et</strong></span> <span class='ocrx_word' id='word_1_167' title='bbox 400 1343 525 1392; x_wconf 83' lang='lat' dir='ltr'><strong>sancium</strong></span> <span class='ocrx_word' id='word_1_168' title='bbox 538 1340 720 1392; x_wconf 83' lang='lat' dir='ltr'><strong>ministeriam</strong></span> <span class='ocrx_word' id='word_1_169' title='bbox 735 1338 778 1391; x_wconf 82' lang='lat' dir='ltr'><strong>illi</strong></span> <span class='ocrx_word' id='word_1_170' title='bbox 831 1337 928 1393; x_wconf 89' lang='lat' dir='ltr'><strong>eadem</strong></span> <span class='ocrx_word' id='word_1_171' title='bbox 944 1338 1059 1394; x_wconf 91' lang='lat' dir='ltr'><strong>orcasio</strong></span> <span class='ocrx_word' id='word_1_172' title='bbox 1073 1338 1306 1397; x_wconf 85' lang='lat' dir='ltr'><strong>transmissionis</strong></span> <span class='ocrx_word' id='word_1_173' title='bbox 1326 1355 1417 1411; x_wconf 90' lang='lat' dir='ltr'><strong>usqae</strong></span> <span class='ocrx_word' id='word_1_174' title='bbox 1431 1341 1460 1396; x_wconf 91' lang='lat' dir='ltr'><strong>in</strong></span> <span class='ocrx_word' id='word_1_175' title='bbox 1476 1342 1654 1399; x_wconf 87' lang='lat' dir='ltr'><strong>Britanniam</strong></span> 
     </span>
     <span class='ocr_line' id='line_1_15' title="bbox 88 1408 1656 1483; baseline 0.005 -20"><span class='ocrx_word' id='word_1_176' title='bbox 88 1424 123 1479; x_wconf 83' lang='lat' dir='ltr'><strong>rs,</strong></span> <span class='ocrx_word' id='word_1_177' title='bbox 142 1414 173 1464; x_wconf 90' lang='lat' dir='ltr'><strong>iit</strong></span> <span class='ocrx_word' id='word_1_178' title='bbox 188 1413 299 1463; x_wconf 86' lang='lat' dir='ltr'><strong>siinctns</strong></span> <span class='ocrx_word' id='word_1_179' title='bbox 321 1409 476 1479; x_wconf 87' lang='lat' dir='ltr'><strong>Stephanus</strong></span> <span class='ocrx_word' id='word_1_180' title='bbox 496 1411 571 1464; x_wconf 88' lang='lat' dir='ltr'><strong>beato</strong></span> <span class='ocrx_word' id='word_1_181' title='bbox 591 1411 701 1478; x_wconf 83' lang='lat' dir='ltr'><strong>locabo,</strong></span> <span class='ocrx_word' id='word_1_182' title='bbox 727 1410 778 1463; x_wconf 88' lang='lat' dir='ltr'><strong>Ti·</strong></span> <span class='ocrx_word' id='word_1_183' title='bbox 831 1408 885 1464; x_wconf 91' lang='lat' dir='ltr'><strong>sub</strong></span> <span class='ocrx_word' id='word_1_184' title='bbox 898 1411 1008 1465; x_wconf 77' lang='lat' dir='ltr'><strong>Nerone</strong></span> <span class='ocrx_word' id='word_1_185' title='bbox 1021 1415 1084 1480; x_wconf 91' lang='lat' dir='ltr'><strong>post</strong></span> <span class='ocrx_word' id='word_1_186' title='bbox 1096 1423 1202 1467; x_wconf 90' lang='lat' dir='ltr'><strong>aniiuin</strong></span> <span class='ocrx_word' id='word_1_187' title='bbox 1216 1410 1324 1466; x_wconf 89' lang='lat' dir='ltr'><strong>Christi</strong></span> <span class='ocrx_word' id='word_1_188' title='bbox 1339 1409 1383 1479; x_wconf 89' lang='grc'>60,</span> <span class='ocrx_word' id='word_1_189' title='bbox 1400 1413 1527 1483; x_wconf 90' lang='lat' dir='ltr'><strong>quierat</strong></span> <span class='ocrx_word' id='word_1_190' title='bbox 1543 1427 1558 1469; x_wconf 89' lang='lat' dir='ltr'><strong>a</strong></span> <span class='ocrx_word' id='word_1_191' title='bbox 1573 1429 1656 1471; x_wconf 88' lang='lat' dir='ltr'><strong>com-</strong></span> 
     </span>
     <span class='ocr_line' id='line_1_16' title="bbox 94 1479 1654 1555; baseline 0.003 -20"><span class='ocrx_word' id='word_1_192' title='bbox 94 1486 120 1536; x_wconf 88' lang='lat' dir='ltr'><strong>et</strong></span> <span class='ocrx_word' id='word_1_193' title='bbox 137 1481 223 1534; x_wconf 78' lang='lat' dir='ltr'><strong>Liiiiis</strong></span> <span class='ocrx_word' id='word_1_194' title='bbox 244 1482 337 1547; x_wconf 79' lang='lat' dir='ltr'><strong>Paulo,</strong></span> <span class='ocrx_word' id='word_1_195' title='bbox 367 1480 516 1535; x_wconf 81' lang='lat' dir='ltr'><strong>Aiioolrtiis</strong></span> <span class='ocrx_word' id='word_1_196' title='bbox 535 1485 560 1535; x_wconf 86' lang='lat' dir='ltr'><strong>rt</strong></span> <span class='ocrx_word' id='word_1_197' title='bbox 579 1481 697 1536; x_wconf 87' lang='lat' dir='ltr'><strong>clemens</strong></span> <span class='ocrx_word' id='word_1_198' title='bbox 723 1481 777 1535; x_wconf 85' lang='lat' dir='ltr'><strong>Pe·</strong></span> <span class='ocrx_word' id='word_1_199' title='bbox 833 1479 908 1550; x_wconf 90' lang='lat' dir='ltr'><strong>pleto</strong></span> <span class='ocrx_word' id='word_1_200' title='bbox 922 1481 1050 1548; x_wconf 85' lang='lat' dir='ltr'><strong>ejusdem</strong></span> <span class='ocrx_word' id='word_1_201' title='bbox 1069 1481 1196 1536; x_wconf 89' lang='lat' dir='ltr'><strong>mitioris</strong></span> <span class='ocrx_word' id='word_1_202' title='bbox 1209 1481 1323 1552; x_wconf 89' lang='lat' dir='ltr'><strong>imperii</strong></span> <span class='ocrx_word' id='word_1_203' title='bbox 1341 1484 1433 1552; x_wconf 90' lang='lat' dir='ltr'><strong>primo</strong></span> <span class='ocrx_word' id='word_1_204' title='bbox 1451 1484 1654 1555; x_wconf 89' lang='lat' dir='ltr'><strong>quinquennio</strong></span> 
     </span>
     <span class='ocr_line' id='line_1_17' title="bbox 88 1551 1655 1622; baseline 0.005 -18"><span class='ocrx_word' id='word_1_205' title='bbox 88 1557 140 1609; x_wconf 78' lang='lat' dir='ltr'><strong>itar</strong></span> <span class='ocrx_word' id='word_1_206' title='bbox 162 1552 259 1608; x_wconf 91' lang='lat' dir='ltr'><strong>eodem</strong></span> <span class='ocrx_word' id='word_1_207' title='bbox 275 1565 350 1606; x_wconf 90' lang='lat' dir='ltr'><strong>auno</strong></span> <span class='ocrx_word' id='word_1_208' title='bbox 369 1551 413 1618; x_wconf 90' lang='grc'>60,</span> <span class='ocrx_word' id='word_1_209' title='bbox 439 1551 567 1607; x_wconf 91' lang='lat' dir='ltr'><strong>nundum</strong></span> <span class='ocrx_word' id='word_1_210' title='bbox 593 1558 778 1608; x_wconf 87' lang='lat' dir='ltr'><strong>consecratus</strong></span> <span class='ocrx_word' id='word_1_211' title='bbox 833 1551 994 1622; x_wconf 86' lang='lat' dir='ltr'><strong>proximus,</strong></span> <span class='ocrx_word' id='word_1_212' title='bbox 1013 1552 1076 1622; x_wconf 90' lang='lat' dir='ltr'><strong>ipso</strong></span> <span class='ocrx_word' id='word_1_213' title='bbox 1096 1551 1207 1610; x_wconf 87' lang='lat' dir='ltr'><strong>Nerone</strong></span> <span class='ocrx_word' id='word_1_214' title='bbox 1222 1567 1265 1622; x_wconf 92' lang='grc' dir='ltr'>ιιι,</span> <span class='ocrx_word' id='word_1_215' title='bbox 1280 1561 1308 1610; x_wconf 87' lang='grc' dir='ltr'><strong>ιι</strong></span> <span class='ocrx_word' id='word_1_216' title='bbox 1329 1554 1463 1612; x_wconf 86' lang='lat' dir='ltr'><strong>cornelio</strong></span> <span class='ocrx_word' id='word_1_217' title='bbox 1482 1557 1569 1612; x_wconf 90' lang='lat' dir='ltr'><strong>cosso</strong></span> <span class='ocrx_word' id='word_1_218' title='bbox 1581 1570 1655 1614; x_wconf 91' lang='lat' dir='ltr'><strong>con-</strong></span> 
     </span>
     <span class='ocr_line' id='line_1_18' title="bbox 87 1620 958 1695; baseline -0.002 -16"><span class='ocrx_word' id='word_1_219' title='bbox 87 1638 120 1680; x_wconf 88' lang='lat' dir='ltr'><strong>is.</strong></span> <span class='ocrx_word' id='word_1_220' title='bbox 139 1623 181 1678; x_wconf 83' lang='lat' dir='ltr'><strong>ab</strong></span> <span class='ocrx_word' id='word_1_221' title='bbox 196 1636 272 1679; x_wconf 91' lang='lat' dir='ltr'><strong>anno</strong></span> <span class='ocrx_word' id='word_1_222' title='bbox 287 1623 378 1695; x_wconf 87' lang='lat' dir='ltr'><strong>igitur</strong></span> <span class='ocrx_word' id='word_1_223' title='bbox 397 1621 431 1679; x_wconf 94' lang='grc'>60</span> <span class='ocrx_word' id='word_1_224' title='bbox 455 1623 489 1679; x_wconf 89' lang='lat' dir='ltr'><strong>ed</strong></span> <span class='ocrx_word' id='word_1_225' title='bbox 505 1620 550 1694; x_wconf 86' lang='grc'><strong>66,</strong></span> <span class='ocrx_word' id='word_1_226' title='bbox 568 1624 720 1694; x_wconf 79' lang='lat' dir='ltr'><strong>quaerenda</strong></span> <span class='ocrx_word' id='word_1_227' title='bbox 734 1627 778 1679; x_wconf 92' lang='lat' dir='ltr'><strong>est</strong></span> <span class='ocrx_word' id='word_1_228' title='bbox 832 1623 958 1679; x_wconf 87' lang='lat' dir='ltr'><strong>salibus.</strong></span> 
     </span>
     <span class='ocr_line' id='line_1_19' title="bbox 88 1693 1656 1769; baseline 0.003 -20"><span class='ocrx_word' id='word_1_229' title='bbox 88 1695 184 1751; x_wconf 91' lang='lat' dir='ltr'><strong>inatio</strong></span> <span class='ocrx_word' id='word_1_230' title='bbox 197 1694 379 1764; x_wconf 87' lang='lat' dir='ltr'><strong>episcopalis.</strong></span> <span class='ocrx_word' id='word_1_231' title='bbox 867 1695 982 1750; x_wconf 85' lang='lat' dir='ltr'><strong>Tacitus</strong></span> <span class='ocrx_word' id='word_1_232' title='bbox 993 1693 1149 1750; x_wconf 78' lang='lat' dir='ltr'><strong>Annalium</strong></span> <span class='ocrx_word' id='word_1_233' title='bbox 1163 1693 1215 1751; x_wconf 92' lang='lat' dir='ltr'><strong>lili.</strong></span> <span class='ocrx_word' id='word_1_234' title='bbox 1229 1709 1289 1759; x_wconf 88' lang='lat' dir='ltr'><strong>xiv,</strong></span> <span class='ocrx_word' id='word_1_235' title='bbox 1310 1696 1458 1767; x_wconf 90' lang='lat' dir='ltr'><strong>sequentis</strong></span> <span class='ocrx_word' id='word_1_236' title='bbox 1472 1698 1541 1754; x_wconf 89' lang='lat' dir='ltr'><strong>anni</strong></span> <span class='ocrx_word' id='word_1_237' title='bbox 1557 1699 1656 1769; x_wconf 87' lang='lat' dir='ltr'><strong>(Chri-</strong></span> 
     </span>
     <span class='ocr_line' id='line_1_20' title="bbox 89 1763 1656 1890; baseline 0.003 -67"><span class='ocrx_word' id='word_1_238' title='bbox 89 1765 250 1836; x_wconf 92' lang='lat' dir='ltr'><strong>linasapad</strong></span> <span class='ocrx_word' id='word_1_239' title='bbox 260 1766 406 1821; x_wconf 90' lang='lat' dir='ltr'><strong>laudatam</strong></span> <span class='ocrx_word' id='word_1_240' title='bbox 417 1765 590 1821; x_wconf 91' lang='lat' dir='ltr'><strong>coteleriam</strong></span> <span class='ocrx_word' id='word_1_241' title='bbox 600 1766 776 1890; x_wconf 63' lang='lat' dir='ltr'><strong>tomol,Rag.</strong></span> <span class='ocrx_word' id='word_1_242' title='bbox 832 1765 869 1822; x_wconf 89' lang='lat' dir='ltr'><strong>sti</strong></span> <span class='ocrx_word' id='word_1_243' title='bbox 883 1763 928 1837; x_wconf 83' lang='grc'>61)</span> <span class='ocrx_word' id='word_1_244' title='bbox 942 1765 1076 1822; x_wconf 85' lang='lat' dir='ltr'><strong>consules</strong></span> <span class='ocrx_word' id='word_1_245' title='bbox 1090 1764 1189 1822; x_wconf 93' lang='lat' dir='ltr'><strong>subdit</strong></span> <span class='ocrx_word' id='word_1_246' title='bbox 1203 1767 1365 1824; x_wconf 81' lang='lat' dir='ltr'><strong>cesoniam</strong></span> <span class='ocrx_word' id='word_1_247' title='bbox 1381 1770 1496 1838; x_wconf 80' lang='lat' dir='ltr'><strong>Petam,</strong></span> <span class='ocrx_word' id='word_1_248' title='bbox 1512 1776 1539 1826; x_wconf 92' lang='lat' dir='ltr'><strong>et</strong></span> <span class='ocrx_word' id='word_1_249' title='bbox 1555 1772 1656 1827; x_wconf 87' lang='lat' dir='ltr'><strong>Petro-</strong></span> 
     </span>
     <span class='ocr_line' id='line_1_21' title="bbox 88 1836 1653 1914; baseline 0.003 -20"><span class='ocrx_word' id='word_1_250' title='bbox 88 1850 224 1909; x_wconf 89' lang='lat' dir='ltr'><strong>ononyino</strong></span> <span class='ocrx_word' id='word_1_251' title='bbox 239 1838 380 1907; x_wconf 89' lang='lat' dir='ltr'><strong>scriptore</strong></span> <span class='ocrx_word' id='word_1_252' title='bbox 398 1836 495 1893; x_wconf 77' lang='lat' dir='ltr'><strong>croco</strong></span> <span class='ocrx_word' id='word_1_253' title='bbox 509 1838 544 1893; x_wconf 97' lang='grc' dir='ltr'><strong>ιιι</strong></span> <span class='ocrx_word' id='word_1_254' title='bbox 558 1837 708 1893; x_wconf 88' lang='lat' dir='ltr'><strong>certamini</strong></span> <span class='ocrx_word' id='word_1_255' title='bbox 733 1850 817 1914; x_wconf 79' lang='lat' dir='ltr'><strong>as,B</strong></span> <span class='ocrx_word' id='word_1_256' title='bbox 834 1838 914 1894; x_wconf 94' lang='lat' dir='ltr'><strong>nium</strong></span> <span class='ocrx_word' id='word_1_257' title='bbox 935 1836 1160 1907; x_wconf 89' lang='lat' dir='ltr'><strong>Turpilianam:</strong></span> <span class='ocrx_word' id='word_1_258' title='bbox 1180 1853 1237 1909; x_wconf 91' lang='lat' dir='ltr'><strong>qao</strong></span> <span class='ocrx_word' id='word_1_259' title='bbox 1258 1852 1334 1895; x_wconf 91' lang='lat' dir='ltr'><strong>anno</strong></span> <span class='ocrx_word' id='word_1_260' title='bbox 1354 1846 1460 1910; x_wconf 90' lang='lat' dir='ltr'><strong>narrat,</strong></span> <span class='ocrx_word' id='word_1_261' title='bbox 1485 1842 1653 1899; x_wconf 88' lang='lat' dir='ltr'><strong>Suetonium</strong></span> 
     </span>
     <span class='ocr_line' id='line_1_22' title="bbox 88 1908 1655 1980; baseline 0.003 -15"><span class='ocrx_word' id='word_1_262' title='bbox 88 1909 251 1976; x_wconf 69' lang='lat' dir='ltr'><strong>‚orionibus</strong></span> <span class='ocrx_word' id='word_1_263' title='bbox 269 1910 328 1965; x_wconf 87' lang='lat' dir='ltr'><strong>rita</strong></span> <span class='ocrx_word' id='word_1_264' title='bbox 342 1918 369 1964; x_wconf 94' lang='lat' dir='ltr'><strong>ct</strong></span> <span class='ocrx_word' id='word_1_265' title='bbox 383 1915 472 1965; x_wconf 93' lang='lat' dir='ltr'><strong>morte</strong></span> <span class='ocrx_word' id='word_1_266' title='bbox 488 1909 561 1964; x_wconf 91' lang='lat' dir='ltr'><strong>Petri</strong></span> <span class='ocrx_word' id='word_1_267' title='bbox 577 1914 605 1965; x_wconf 91' lang='lat' dir='ltr'><strong>et</strong></span> <span class='ocrx_word' id='word_1_268' title='bbox 622 1908 701 1963; x_wconf 91' lang='lat' dir='ltr'><strong>Pauli</strong></span> <span class='ocrx_word' id='word_1_269' title='bbox 716 1915 779 1963; x_wconf 90' lang='lat' dir='ltr'><strong>sta·</strong></span> <span class='ocrx_word' id='word_1_270' title='bbox 834 1909 987 1965; x_wconf 92' lang='lat' dir='ltr'><strong>Paulinam</strong></span> <span class='ocrx_word' id='word_1_271' title='bbox 1004 1908 1180 1965; x_wconf 91' lang='lat' dir='ltr'><strong>obtinentem</strong></span> <span class='ocrx_word' id='word_1_272' title='bbox 1200 1910 1362 1980; x_wconf 90' lang='lat' dir='ltr'><strong>Britannos,</strong></span> <span class='ocrx_word' id='word_1_273' title='bbox 1384 1919 1411 1968; x_wconf 90' lang='lat' dir='ltr'><strong>et</strong></span> <span class='ocrx_word' id='word_1_274' title='bbox 1431 1919 1655 1970; x_wconf 87' lang='lat' dir='ltr'><strong>concertatorem</strong></span> 
     </span>
     <span class='ocr_line' id='line_1_23' title="bbox 89 1979 1656 2056; baseline 0.002 -20"><span class='ocrx_word' id='word_1_275' title='bbox 89 1981 178 2038; x_wconf 88' lang='lat' dir='ltr'><strong>iscam</strong></span> <span class='ocrx_word' id='word_1_276' title='bbox 191 1986 313 2050; x_wconf 89' lang='lat' dir='ltr'><strong>tempus,</strong></span> <span class='ocrx_word' id='word_1_277' title='bbox 328 1988 355 2035; x_wconf 89' lang='grc' dir='ltr'><strong>ιι</strong></span> <span class='ocrx_word' id='word_1_278' title='bbox 367 1993 483 2035; x_wconf 91' lang='lat' dir='ltr'><strong>raasain</strong></span> <span class='ocrx_word' id='word_1_279' title='bbox 494 1981 688 2036; x_wconf 81' lang='lat' dir='ltr'><strong>ordinationis</strong></span> <span class='ocrx_word' id='word_1_280' title='bbox 702 1979 777 2049; x_wconf 87' lang='lat' dir='ltr'><strong>Lini,</strong></span> <span class='ocrx_word' id='word_1_281' title='bbox 832 1980 1015 2050; x_wconf 76' lang='lat' dir='ltr'><strong>Corbulonis,</strong></span> <span class='ocrx_word' id='word_1_282' title='bbox 1030 1993 1106 2037; x_wconf 91' lang='lat' dir='ltr'><strong>anno</strong></span> <span class='ocrx_word' id='word_1_283' title='bbox 1119 1982 1263 2051; x_wconf 89' lang='lat' dir='ltr'><strong>superiori</strong></span> <span class='ocrx_word' id='word_1_284' title='bbox 1277 1981 1398 2054; x_wconf 86' lang='lat' dir='ltr'><strong>gloriam</strong></span> <span class='ocrx_word' id='word_1_285' title='bbox 1409 1984 1505 2053; x_wconf 90' lang='lat' dir='ltr'><strong>adepti</strong></span> <span class='ocrx_word' id='word_1_286' title='bbox 1521 1984 1656 2056; x_wconf 84' lang='lat' dir='ltr'><strong>singala-</strong></span> 
     </span>
     <span class='ocr_line' id='line_1_24' title="bbox 97 2051 1653 2128; baseline 0.003 -20"><span class='ocrx_word' id='word_1_287' title='bbox 97 2057 125 2108; x_wconf 93' lang='lat' dir='ltr'><strong>et</strong></span> <span class='ocrx_word' id='word_1_288' title='bbox 140 2051 326 2123; x_wconf 89' lang='lat' dir='ltr'><strong>profectionis</strong></span> <span class='ocrx_word' id='word_1_289' title='bbox 343 2053 416 2106; x_wconf 89' lang='lat' dir='ltr'><strong>Petri</strong></span> <span class='ocrx_word' id='word_1_290' title='bbox 434 2065 469 2106; x_wconf 91' lang='lat' dir='ltr'><strong>ex</strong></span> <span class='ocrx_word' id='word_1_291' title='bbox 482 2052 553 2107; x_wconf 84' lang='lat' dir='ltr'><strong>crbo</strong></span> <span class='ocrx_word' id='word_1_292' title='bbox 569 2052 598 2106; x_wconf 93' lang='lat' dir='ltr'><strong>in</strong></span> <span class='ocrx_word' id='word_1_293' title='bbox 616 2051 780 2120; x_wconf 85' lang='lat' dir='ltr'><strong>provincias</strong></span> <span class='ocrx_word' id='word_1_294' title='bbox 835 2067 893 2109; x_wconf 90' lang='lat' dir='ltr'><strong>rem</strong></span> <span class='ocrx_word' id='word_1_295' title='bbox 914 2051 950 2107; x_wconf 95' lang='lat' dir='ltr'><strong>ob</strong></span> <span class='ocrx_word' id='word_1_296' title='bbox 970 2057 1110 2120; x_wconf 78' lang='lat' dir='ltr'><strong>receptam</strong></span> <span class='ocrx_word' id='word_1_297' title='bbox 1131 2052 1306 2123; x_wconf 75' lang='lat' dir='ltr'><strong>Armeniam,</strong></span> <span class='ocrx_word' id='word_1_298' title='bbox 1328 2056 1510 2111; x_wconf 89' lang='lat' dir='ltr'><strong>contendisse</strong></span> <span class='ocrx_word' id='word_1_299' title='bbox 1529 2070 1653 2128; x_wconf 80' lang='lat' dir='ltr'><strong>aquare,</strong></span> 
     </span>
     <span class='ocr_line' id='line_1_25' title="bbox 88 2123 1657 2198; baseline 0.003 -19"><span class='ocrx_word' id='word_1_300' title='bbox 88 2124 150 2180; x_wconf 90' lang='lat' dir='ltr'><strong>ales</strong></span> <span class='ocrx_word' id='word_1_301' title='bbox 167 2124 292 2193; x_wconf 86' lang='lat' dir='ltr'><strong>liuperii,</strong></span> <span class='ocrx_word' id='word_1_302' title='bbox 310 2124 350 2179; x_wconf 91' lang='lat' dir='ltr'><strong>ita</strong></span> <span class='ocrx_word' id='word_1_303' title='bbox 366 2128 398 2178; x_wconf 93' lang='lat' dir='ltr'><strong>ut</strong></span> <span class='ocrx_word' id='word_1_304' title='bbox 412 2123 498 2177; x_wconf 91' lang='lat' dir='ltr'><strong>etiam</strong></span> <span class='ocrx_word' id='word_1_305' title='bbox 517 2124 652 2191; x_wconf 90' lang='lat' dir='ltr'><strong>perducat</strong></span> <span class='ocrx_word' id='word_1_306' title='bbox 667 2123 697 2177; x_wconf 92' lang='lat' dir='ltr'><strong>ia</strong></span> <span class='ocrx_word' id='word_1_307' title='bbox 713 2123 780 2177; x_wconf 89' lang='lat' dir='ltr'><strong>Bri·</strong></span> <span class='ocrx_word' id='word_1_308' title='bbox 834 2130 978 2193; x_wconf 87' lang='lat' dir='ltr'><strong>autsaper</strong></span> <span class='ocrx_word' id='word_1_309' title='bbox 998 2123 1164 2179; x_wconf 79' lang='lat' dir='ltr'><strong>rediacmali</strong></span> <span class='ocrx_word' id='word_1_310' title='bbox 1175 2125 1454 2198; x_wconf 80' lang='lat' dir='ltr'><strong>saidecoraegregio</strong></span> <span class='ocrx_word' id='word_1_311' title='bbox 1466 2127 1566 2198; x_wconf 89' lang='lat' dir='ltr'><strong>aliquo</strong></span> <span class='ocrx_word' id='word_1_312' title='bbox 1577 2132 1657 2198; x_wconf 87' lang='lat' dir='ltr'><strong>gesto</strong></span> 
     </span>
     <span class='ocr_line' id='line_1_26' title="bbox 93 2193 1656 2268; baseline 0.003 -19"><span class='ocrx_word' id='word_1_313' title='bbox 93 2197 144 2251; x_wconf 85' lang='grc' dir='ltr'><strong>,ιι</strong></span> <span class='ocrx_word' id='word_1_314' title='bbox 159 2196 328 2251; x_wconf 83' lang='grc' dir='ltr'>ιιιιιιιιιιο</span> <span class='ocrx_word' id='word_1_315' title='bbox 339 2208 373 2249; x_wconf 92' lang='lat' dir='ltr'><strong>eii</strong></span> <span class='ocrx_word' id='word_1_316' title='bbox 386 2194 535 2249; x_wconf 85' lang='lat' dir='ltr'><strong>Britannia</strong></span> <span class='ocrx_word' id='word_1_317' title='bbox 545 2193 702 2265; x_wconf 87' lang='lat' dir='ltr'><strong>contigisse</strong></span> <span class='ocrx_word' id='word_1_318' title='bbox 711 2206 780 2249; x_wconf 88' lang='lat' dir='ltr'><strong>aar·</strong></span> <span class='ocrx_word' id='word_1_319' title='bbox 834 2201 933 2252; x_wconf 91' lang='lat' dir='ltr'><strong>contra</strong></span> <span class='ocrx_word' id='word_1_320' title='bbox 946 2209 975 2250; x_wconf 91' lang='lat' dir='ltr'><strong>re</strong></span> <span class='ocrx_word' id='word_1_321' title='bbox 1013 2194 1067 2251; x_wconf 91' lang='lat' dir='ltr'><strong>lles</strong></span> <span class='ocrx_word' id='word_1_322' title='bbox 1081 2195 1185 2252; x_wconf 81' lang='lat' dir='ltr'><strong>insule</strong></span> <span class='ocrx_word' id='word_1_323' title='bbox 1202 2198 1372 2253; x_wconf 86' lang='lat' dir='ltr'><strong>Britannicae</strong></span> <span class='ocrx_word' id='word_1_324' title='bbox 1387 2216 1393 2252; x_wconf 93' lang='lat'><strong>:</strong></span> <span class='ocrx_word' id='word_1_325' title='bbox 1410 2197 1547 2268; x_wconf 84' lang='lat' dir='ltr'><strong>aquibus</strong></span> <span class='ocrx_word' id='word_1_326' title='bbox 1562 2206 1656 2254; x_wconf 89' lang='lat' dir='ltr'><strong>tamen</strong></span> 
     </span>
     <span class='ocr_line' id='line_1_27' title="bbox 88 2264 1657 2340; baseline 0.001 -18"><span class='ocrx_word' id='word_1_327' title='bbox 88 2267 228 2323; x_wconf 88' lang='lat' dir='ltr'><strong>nationem</strong></span> <span class='ocrx_word' id='word_1_328' title='bbox 243 2266 407 2321; x_wconf 92' lang='lat' dir='ltr'><strong>clementis.</strong></span> <span class='ocrx_word' id='word_1_329' title='bbox 425 2264 515 2320; x_wconf 88' lang='lat' dir='ltr'><strong>Verba</strong></span> <span class='ocrx_word' id='word_1_330' title='bbox 529 2265 678 2320; x_wconf 80' lang='lat' dir='ltr'><strong>l&#39;ondeliai</strong></span> <span class='ocrx_word' id='word_1_331' title='bbox 693 2269 777 2320; x_wconf 90' lang='lat' dir='ltr'><strong>sant:</strong></span> <span class='ocrx_word' id='word_1_332' title='bbox 836 2268 889 2322; x_wconf 89' lang='lat' dir='ltr'><strong>hoo</strong></span> <span class='ocrx_word' id='word_1_333' title='bbox 904 2280 980 2323; x_wconf 90' lang='lat' dir='ltr'><strong>auno</strong></span> <span class='ocrx_word' id='word_1_334' title='bbox 995 2265 1078 2322; x_wconf 89' lang='lat' dir='ltr'><strong>talem</strong></span> <span class='ocrx_word' id='word_1_335' title='bbox 1099 2273 1266 2340; x_wconf 83' lang='lat' dir='ltr'><strong>tantamque</strong></span> <span class='ocrx_word' id='word_1_336' title='bbox 1279 2268 1388 2325; x_wconf 89' lang='lat' dir='ltr'><strong>cladem</strong></span> <span class='ocrx_word' id='word_1_337' title='bbox 1409 2270 1562 2332; x_wconf 80' lang='lat' dir='ltr'><strong>sustinuit,</strong></span> <span class='ocrx_word' id='word_1_338' title='bbox 1580 2278 1611 2326; x_wconf 89' lang='lat' dir='ltr'><strong>at</strong></span> <span class='ocrx_word' id='word_1_339' title='bbox 1627 2270 1657 2325; x_wconf 93' lang='lat' dir='ltr'><strong>in</strong></span> 
     </span>
     <span class='ocr_line' id='line_1_28' title="bbox 88 2334 1656 2406; baseline 0.003 -13"><span class='ocrx_word' id='word_1_340' title='bbox 88 2338 115 2395; x_wconf 94' lang='lat' dir='ltr'><strong>lo</strong></span> <span class='ocrx_word' id='word_1_341' title='bbox 129 2337 244 2394; x_wconf 83' lang='lat' dir='ltr'><strong>sublato</strong></span> <span class='ocrx_word' id='word_1_342' title='bbox 258 2353 283 2393; x_wconf 89' lang='lat' dir='ltr'><strong>a.</strong></span> <span class='ocrx_word' id='word_1_343' title='bbox 301 2338 330 2393; x_wconf 91' lang='grc' dir='ltr'><strong>ιι.</strong></span> <span class='ocrx_word' id='word_1_344' title='bbox 348 2350 389 2391; x_wconf 89' lang='lat' dir='ltr'><strong>iri.</strong></span> <span class='ocrx_word' id='word_1_345' title='bbox 405 2337 473 2393; x_wconf 93' lang='lat' dir='ltr'><strong>ldas</strong></span> <span class='ocrx_word' id='word_1_346' title='bbox 485 2334 628 2404; x_wconf 85' lang='lat' dir='ltr'><strong>Octobris,</strong></span> <span class='ocrx_word' id='word_1_347' title='bbox 644 2348 719 2391; x_wconf 92' lang='lat' dir='ltr'><strong>anno</strong></span> <span class='ocrx_word' id='word_1_348' title='bbox 734 2348 782 2391; x_wconf 84' lang='lat' dir='ltr'><strong>no</strong></span> <span class='ocrx_word' id='word_1_349' title='bbox 834 2337 950 2395; x_wconf 91' lang='lat' dir='ltr'><strong>colonia</strong></span> <span class='ocrx_word' id='word_1_350' title='bbox 970 2337 1175 2403; x_wconf 82' lang='lat' dir='ltr'><strong>camaloduno,</strong></span> <span class='ocrx_word' id='word_1_351' title='bbox 1198 2346 1326 2396; x_wconf 88' lang='lat' dir='ltr'><strong>recenter</strong></span> <span class='ocrx_word' id='word_1_352' title='bbox 1339 2341 1425 2396; x_wconf 91' lang='lat' dir='ltr'><strong>ducta</strong></span> <span class='ocrx_word' id='word_1_353' title='bbox 1450 2340 1504 2396; x_wconf 92' lang='lat' dir='ltr'><strong>sab</strong></span> <span class='ocrx_word' id='word_1_354' title='bbox 1525 2341 1656 2406; x_wconf 88' lang='lat' dir='ltr'><strong>claudio,</strong></span> 
     </span>
     <span class='ocr_line' id='line_1_29' title="bbox 88 2406 1661 2482; baseline 0.001 -16"><span class='ocrx_word' id='word_1_355' title='bbox 88 2456 90 2467; x_wconf 82' lang='grc'>,</span> <span class='ocrx_word' id='word_1_356' title='bbox 112 2410 252 2466; x_wconf 86' lang='lat' dir='ltr'><strong>successit</strong></span> <span class='ocrx_word' id='word_1_357' title='bbox 273 2411 357 2479; x_wconf 85' lang='lat' dir='ltr'><strong>Nero,</strong></span> <span class='ocrx_word' id='word_1_358' title='bbox 375 2409 468 2478; x_wconf 91' lang='lat' dir='ltr'><strong>primo</strong></span> <span class='ocrx_word' id='word_1_359' title='bbox 485 2407 598 2477; x_wconf 91' lang='lat' dir='ltr'><strong>imperii</strong></span> <span class='ocrx_word' id='word_1_360' title='bbox 621 2407 668 2462; x_wconf 92' lang='lat' dir='ltr'><strong>sai</strong></span> <span class='ocrx_word' id='word_1_361' title='bbox 691 2406 782 2477; x_wconf 93' lang='lat' dir='ltr'><strong>quln-</strong></span> <span class='ocrx_word' id='word_1_362' title='bbox 836 2408 1661 2482; x_wconf 85' lang='lat' dir='ltr'><strong>Londini,elinmanicipioveralamioseptuagintamil·</strong></span> 
     </span>
     <span class='ocr_line' id='line_1_30' title="bbox 105 2478 1658 2552; baseline 0 -15"><span class='ocrx_word' id='word_1_363' title='bbox 105 2480 349 2537; x_wconf 89' lang='lat' dir='ltr'><strong>clementissimus</strong></span> <span class='ocrx_word' id='word_1_364' title='bbox 371 2480 513 2549; x_wconf 90' lang='lat' dir='ltr'><strong>princeps.</strong></span> <span class='ocrx_word' id='word_1_365' title='bbox 530 2478 588 2534; x_wconf 84' lang='lat' dir='ltr'><strong>Sub</strong></span> <span class='ocrx_word' id='word_1_366' title='bbox 610 2492 667 2548; x_wconf 91' lang='lat' dir='ltr'><strong>qao</strong></span> <span class='ocrx_word' id='word_1_367' title='bbox 683 2479 783 2534; x_wconf 92' lang='lat' dir='ltr'><strong>Petrus</strong></span> <span class='ocrx_word' id='word_1_368' title='bbox 837 2480 876 2537; x_wconf 91' lang='lat' dir='ltr'><strong>lia</strong></span> <span class='ocrx_word' id='word_1_369' title='bbox 899 2481 1007 2538; x_wconf 84' lang='lat' dir='ltr'><strong>ciuium</strong></span> <span class='ocrx_word' id='word_1_370' title='bbox 1031 2486 1058 2536; x_wconf 91' lang='grc' dir='ltr'><strong>ιι</strong></span> <span class='ocrx_word' id='word_1_371' title='bbox 1079 2482 1224 2538; x_wconf 90' lang='lat' dir='ltr'><strong>sociorum</strong></span> <span class='ocrx_word' id='word_1_372' title='bbox 1243 2483 1338 2539; x_wconf 88' lang='lat' dir='ltr'><strong>occisa</strong></span> <span class='ocrx_word' id='word_1_373' title='bbox 1362 2481 1454 2539; x_wconf 89' lang='lat' dir='ltr'><strong>fuisse</strong></span> <span class='ocrx_word' id='word_1_374' title='bbox 1477 2484 1658 2552; x_wconf 89' lang='lat' dir='ltr'><strong>compererit.</strong></span> 
     </span>
     <span class='ocr_line' id='line_1_31' title="bbox 88 2550 1660 2622; baseline 0.001 -14"><span class='ocrx_word' id='word_1_375' title='bbox 88 2553 228 2621; x_wconf 75' lang='lat' dir='ltr'><strong>thomam,</strong></span> <span class='ocrx_word' id='word_1_376' title='bbox 244 2566 299 2608; x_wconf 93' lang='lat' dir='ltr'><strong>non</strong></span> <span class='ocrx_word' id='word_1_377' title='bbox 317 2550 677 2607; x_wconf 87' lang='lat' dir='ltr'><strong>illicsedentariamritam</strong></span> <span class='ocrx_word' id='word_1_378' title='bbox 695 2554 783 2605; x_wconf 89' lang='lat' dir='ltr'><strong>trans·</strong></span> <span class='ocrx_word' id='word_1_379' title='bbox 836 2554 924 2607; x_wconf 90' lang='lat' dir='ltr'><strong>Tanta</strong></span> <span class='ocrx_word' id='word_1_380' title='bbox 949 2551 1111 2622; x_wconf 85' lang='lat' dir='ltr'><strong>amplitudo</strong></span> <span class='ocrx_word' id='word_1_381' title='bbox 1138 2555 1251 2610; x_wconf 91' lang='lat' dir='ltr'><strong>numeri</strong></span> <span class='ocrx_word' id='word_1_382' title='bbox 1276 2554 1464 2611; x_wconf 89' lang='lat' dir='ltr'><strong>deductorum</strong></span> <span class='ocrx_word' id='word_1_383' title='bbox 1496 2554 1606 2610; x_wconf 88' lang='lat' dir='ltr'><strong>civium</strong></span> <span class='ocrx_word' id='word_1_384' title='bbox 1633 2562 1660 2610; x_wconf 94' lang='lat' dir='ltr'><strong>et</strong></span> 
     </span>
     <span class='ocr_line' id='line_1_32' title="bbox 88 2620 1662 2697; baseline 0.001 -17"><span class='ocrx_word' id='word_1_385' title='bbox 88 2623 241 2697; x_wconf 81' lang='lat' dir='ltr'><strong>dgrariter</strong></span> <span class='ocrx_word' id='word_1_386' title='bbox 255 2630 341 2693; x_wconf 90' lang='lat' dir='ltr'><strong>atque</strong></span> <span class='ocrx_word' id='word_1_387' title='bbox 358 2623 479 2692; x_wconf 78' lang='lat' dir='ltr'><strong>impigre</strong></span> <span class='ocrx_word' id='word_1_388' title='bbox 491 2621 565 2677; x_wconf 93' lang='lat' dir='ltr'><strong>alias</strong></span> <span class='ocrx_word' id='word_1_389' title='bbox 577 2633 691 2692; x_wconf 91' lang='lat' dir='ltr'><strong>qaoque</strong></span> <span class='ocrx_word' id='word_1_390' title='bbox 703 2620 783 2676; x_wconf 90' lang='lat' dir='ltr'><strong>orbis</strong></span> <span class='ocrx_word' id='word_1_391' title='bbox 837 2623 982 2679; x_wconf 89' lang='lat' dir='ltr'><strong>sociorum</strong></span> <span class='ocrx_word' id='word_1_392' title='bbox 1005 2622 1059 2679; x_wconf 90' lang='lat' dir='ltr'><strong>sub</strong></span> <span class='ocrx_word' id='word_1_393' title='bbox 1079 2622 1200 2680; x_wconf 89' lang='lat' dir='ltr'><strong>Claudio</strong></span> <span class='ocrx_word' id='word_1_394' title='bbox 1218 2625 1246 2680; x_wconf 93' lang='lat' dir='ltr'><strong>in</strong></span> <span class='ocrx_word' id='word_1_395' title='bbox 1263 2625 1440 2682; x_wconf 87' lang='lat' dir='ltr'><strong>Britanniam</strong></span> <span class='ocrx_word' id='word_1_396' title='bbox 1463 2626 1535 2682; x_wconf 89' lang='lat' dir='ltr'><strong>satis</strong></span> <span class='ocrx_word' id='word_1_397' title='bbox 1556 2640 1662 2695; x_wconf 92' lang='lat' dir='ltr'><strong>saper-</strong></span> 
     </span>
     <span class='ocr_line' id='line_1_33' title="bbox 100 2692 1662 2767; baseline 0.001 -16"><span class='ocrx_word' id='word_1_398' title='bbox 100 2696 263 2766; x_wconf 89' lang='lat' dir='ltr'><strong>prorincias</strong></span> <span class='ocrx_word' id='word_1_399' title='bbox 274 2695 433 2755; x_wconf 87' lang='lat' dir='ltr'><strong>circumiit,</strong></span> <span class='ocrx_word' id='word_1_400' title='bbox 447 2706 479 2748; x_wconf 91' lang='lat' dir='ltr'><strong>ac</strong></span> <span class='ocrx_word' id='word_1_401' title='bbox 493 2693 618 2763; x_wconf 90' lang='lat' dir='ltr'><strong>denique</strong></span> <span class='ocrx_word' id='word_1_402' title='bbox 631 2693 661 2746; x_wconf 93' lang='lat' dir='ltr'><strong>in</strong></span> <span class='ocrx_word' id='word_1_403' title='bbox 674 2692 784 2747; x_wconf 88' lang='lat' dir='ltr'><strong>Britan·</strong></span> <span class='ocrx_word' id='word_1_404' title='bbox 838 2707 893 2765; x_wconf 92' lang='lat' dir='ltr'><strong>qae</strong></span> <span class='ocrx_word' id='word_1_405' title='bbox 905 2693 1042 2760; x_wconf 89' lang='lat' dir='ltr'><strong>declarat,</strong></span> <span class='ocrx_word' id='word_1_406' title='bbox 1058 2701 1127 2764; x_wconf 91' lang='lat' dir='ltr'><strong>quot</strong></span> <span class='ocrx_word' id='word_1_407' title='bbox 1144 2695 1314 2765; x_wconf 77' lang='lat' dir='ltr'><strong>legionariis</strong></span> <span class='ocrx_word' id='word_1_408' title='bbox 1334 2696 1480 2767; x_wconf 83' lang='lat' dir='ltr'><strong>Romanis,</strong></span> <span class='ocrx_word' id='word_1_409' title='bbox 1501 2703 1551 2752; x_wconf 91' lang='lat' dir='ltr'><strong>ant</strong></span> <span class='ocrx_word' id='word_1_410' title='bbox 1573 2697 1662 2753; x_wconf 89' lang='lat' dir='ltr'><strong>sociis</strong></span> 
     </span>
     <span class='ocr_line' id='line_1_34' title="bbox 88 2763 1665 2839; baseline 0.002 -17"><span class='ocrx_word' id='word_1_411' title='bbox 88 2768 209 2822; x_wconf 83' lang='lat' dir='ltr'><strong>retraxit.</strong></span> <span class='ocrx_word' id='word_1_412' title='bbox 234 2769 305 2822; x_wconf 88' lang='lat' dir='ltr'><strong>Bam</strong></span> <span class='ocrx_word' id='word_1_413' title='bbox 324 2779 389 2821; x_wconf 87' lang='lat' dir='ltr'><strong>vero</strong></span> <span class='ocrx_word' id='word_1_414' title='bbox 404 2764 494 2834; x_wconf 90' lang='lat' dir='ltr'><strong>abest,</strong></span> <span class='ocrx_word' id='word_1_415' title='bbox 509 2778 543 2819; x_wconf 92' lang='lat' dir='ltr'><strong>ne</strong></span> <span class='ocrx_word' id='word_1_416' title='bbox 557 2766 643 2819; x_wconf 85' lang='lat' dir='ltr'><strong>ltoma</strong></span> <span class='ocrx_word' id='word_1_417' title='bbox 655 2763 719 2818; x_wconf 90' lang='lat' dir='ltr'><strong>sine</strong></span> <span class='ocrx_word' id='word_1_418' title='bbox 732 2776 783 2818; x_wconf 88' lang='lat' dir='ltr'><strong>ca·</strong></span> <span class='ocrx_word' id='word_1_419' title='bbox 837 2764 1033 2821; x_wconf 83' lang='lat' dir='ltr'><strong>auxiliaribus</strong></span> <span class='ocrx_word' id='word_1_420' title='bbox 1046 2770 1107 2820; x_wconf 90' lang='lat' dir='ltr'><strong>tum</strong></span> <span class='ocrx_word' id='word_1_421' title='bbox 1121 2765 1156 2821; x_wconf 91' lang='lat' dir='ltr'><strong>ab</strong></span> <span class='ocrx_word' id='word_1_422' title='bbox 1175 2766 1248 2823; x_wconf 87' lang='lat' dir='ltr'><strong>Urbe</strong></span> <span class='ocrx_word' id='word_1_423' title='bbox 1264 2766 1371 2834; x_wconf 91' lang='lat' dir='ltr'><strong>missis,</strong></span> <span class='ocrx_word' id='word_1_424' title='bbox 1391 2774 1451 2824; x_wconf 89' lang='lat' dir='ltr'><strong>tam</strong></span> <span class='ocrx_word' id='word_1_425' title='bbox 1466 2781 1501 2824; x_wconf 88' lang='lat' dir='ltr'><strong>ea</strong></span> <span class='ocrx_word' id='word_1_426' title='bbox 1516 2768 1598 2839; x_wconf 86' lang='lat' dir='ltr'><strong>Syria</strong></span> <span class='ocrx_word' id='word_1_427' title='bbox 1611 2782 1665 2825; x_wconf 91' lang='lat' dir='ltr'><strong>ae-</strong></span> 
     </span>
     <span class='ocr_line' id='line_1_35' title="bbox 88 2835 1662 2911; baseline 0.002 -18"><span class='ocrx_word' id='word_1_428' title='bbox 88 2839 146 2895; x_wconf 90' lang='lat' dir='ltr'><strong>rim</strong></span> <span class='ocrx_word' id='word_1_429' title='bbox 155 2844 260 2911; x_wconf 88' lang='lat' dir='ltr'><strong>ageret,</strong></span> <span class='ocrx_word' id='word_1_430' title='bbox 272 2838 373 2893; x_wconf 91' lang='lat' dir='ltr'><strong>Linum</strong></span> <span class='ocrx_word' id='word_1_431' title='bbox 385 2836 431 2891; x_wconf 93' lang='lat' dir='ltr'><strong>illi</strong></span> <span class='ocrx_word' id='word_1_432' title='bbox 442 2835 782 2906; x_wconf 86' lang='lat' dir='ltr'><strong>constituitepiscopum,</strong></span> <span class='ocrx_word' id='word_1_433' title='bbox 838 2837 916 2899; x_wconf 89' lang='lat' dir='ltr'><strong>citis,</strong></span> <span class='ocrx_word' id='word_1_434' title='bbox 932 2850 963 2892; x_wconf 89' lang='lat' dir='ltr'><strong>se</strong></span> <span class='ocrx_word' id='word_1_435' title='bbox 976 2835 1132 2908; x_wconf 76' lang='lat' dir='ltr'><strong>adiungere</strong></span> <span class='ocrx_word' id='word_1_436' title='bbox 1145 2839 1291 2907; x_wconf 89' lang='lat' dir='ltr'><strong>potuerint</strong></span> <span class='ocrx_word' id='word_1_437' title='bbox 1303 2841 1404 2896; x_wconf 90' lang='lat' dir='ltr'><strong>Petras</strong></span> <span class='ocrx_word' id='word_1_438' title='bbox 1421 2839 1532 2910; x_wconf 92' lang='lat' dir='ltr'><strong>aliique</strong></span> <span class='ocrx_word' id='word_1_439' title='bbox 1551 2853 1662 2909; x_wconf 85' lang='lat' dir='ltr'><strong>praeco-</strong></span> 
     </span>
     <span class='ocr_line' id='line_1_36' title="bbox 88 2904 1664 2992; baseline 0.001 -26"><span class='ocrx_word' id='word_1_440' title='bbox 88 2916 117 2966; x_wconf 89' lang='grc' dir='ltr'><strong>ιιι</strong></span> <span class='ocrx_word' id='word_1_441' title='bbox 139 2911 261 2966; x_wconf 91' lang='lat' dir='ltr'><strong>Neronis</strong></span> <span class='ocrx_word' id='word_1_442' title='bbox 283 2916 311 2965; x_wconf 86' lang='lat' dir='ltr'><strong>et</strong></span> <span class='ocrx_word' id='word_1_443' title='bbox 333 2908 452 2974; x_wconf 80' lang='lat' dir='ltr'><strong>Veteris,</strong></span> <span class='ocrx_word' id='word_1_444' title='bbox 469 2920 543 2963; x_wconf 92' lang='lat' dir='ltr'><strong>anno</strong></span> <span class='ocrx_word' id='word_1_445' title='bbox 567 2912 665 2962; x_wconf 92' lang='lat' dir='ltr'><strong>nostro</strong></span> <span class='ocrx_word' id='word_1_446' title='bbox 688 2904 733 2962; x_wconf 80' lang='lat'><strong>55.</strong></span> <span class='ocrx_word' id='word_1_447' title='bbox 756 2907 784 2961; x_wconf 92' lang='lat' dir='ltr'><strong>ls</strong></span> <span class='ocrx_word' id='word_1_448' title='bbox 839 2908 1056 2992; x_wconf 76' lang='lat' dir='ltr'><strong>aesllrangelii,</strong></span> <span class='ocrx_word' id='word_1_449' title='bbox 1070 2916 1096 2962; x_wconf 93' lang='lat' dir='ltr'><strong>et</strong></span> <span class='ocrx_word' id='word_1_450' title='bbox 1111 2910 1194 2966; x_wconf 88' lang='lat' dir='ltr'><strong>rioris</strong></span> <span class='ocrx_word' id='word_1_451' title='bbox 1207 2910 1319 2992; x_wconf 79' lang='lat' dir='ltr'><strong>legatis,</strong></span> <span class='ocrx_word' id='word_1_452' title='bbox 1335 2910 1582 2980; x_wconf 89' lang='lat' dir='ltr'><strong>procuratoribus,</strong></span> <span class='ocrx_word' id='word_1_453' title='bbox 1596 2925 1664 2980; x_wconf 79' lang='lat' dir='ltr'><strong>pre·</strong></span> 
     </span>
     <span class='ocr_line' id='line_1_37' title="bbox 88 2976 1665 3051; baseline 0.001 -15"><span class='ocrx_word' id='word_1_454' title='bbox 88 2982 119 3038; x_wconf 89' lang='lat' dir='ltr'><strong>lit</strong></span> <span class='ocrx_word' id='word_1_455' title='bbox 133 2994 223 3037; x_wconf 89' lang='lat' dir='ltr'><strong>annos</strong></span> <span class='ocrx_word' id='word_1_456' title='bbox 242 2981 394 3037; x_wconf 90' lang='lat' dir='ltr'><strong>duodecim</strong></span> <span class='ocrx_word' id='word_1_457' title='bbox 413 2979 575 3051; x_wconf 79' lang='lat' dir='ltr'><strong>[inchoatos</strong></span> <span class='ocrx_word' id='word_1_458' title='bbox 591 2976 782 3050; x_wconf 82' lang='lat' dir='ltr'><strong>interpretor),</strong></span> <span class='ocrx_word' id='word_1_459' title='bbox 839 2978 953 3035; x_wconf 88' lang='lat' dir='ltr'><strong>iectisle</strong></span> <span class='ocrx_word' id='word_1_460' title='bbox 975 2980 1665 3049; x_wconf 73' lang='lat' dir='ltr'><strong>ionamnenturionibas,eorumvefamiliaribus</strong></span> 
     </span>
     <span class='ocr_line' id='line_1_38' title="bbox 88 2995 1662 3123; baseline 0 -14"><span class='ocrx_word' id='word_1_461' title='bbox 88 3095 91 3121; x_wconf 86' lang='lat'><strong>,</strong></span> <span class='ocrx_word' id='word_1_462' title='bbox 114 3053 246 3110; x_wconf 85' lang='lat' dir='ltr'><strong>undecim</strong></span> <span class='ocrx_word' id='word_1_463' title='bbox 268 3057 382 3108; x_wconf 82' lang='lat' dir='ltr'><strong>exactos</strong></span> <span class='ocrx_word' id='word_1_464' title='bbox 401 3065 466 3106; x_wconf 92' lang='lat' dir='ltr'><strong>eam</strong></span> <span class='ocrx_word' id='word_1_465' title='bbox 483 3049 631 3106; x_wconf 92' lang='lat' dir='ltr'><strong>mensibus</strong></span> <span class='ocrx_word' id='word_1_466' title='bbox 647 3054 782 3120; x_wconf 91' lang='lat' dir='ltr'><strong>quatuor,</strong></span> <span class='ocrx_word' id='word_1_467' title='bbox 839 3063 869 3106; x_wconf 93' lang='lat' dir='ltr'><strong>se</strong></span> <span class='ocrx_word' id='word_1_468' title='bbox 890 2995 1009 3106; x_wconf 52' lang='lat' dir='ltr'><strong>comftes</strong></span> <span class='ocrx_word' id='word_1_469' title='bbox 1026 3050 1104 3105; x_wconf 88' lang='lat' dir='ltr'><strong>dare.</strong></span> <span class='ocrx_word' id='word_1_470' title='bbox 1127 3052 1158 3104; x_wconf 92' lang='lat' dir='ltr'><strong>ln</strong></span> <span class='ocrx_word' id='word_1_471' title='bbox 1174 3051 1287 3107; x_wconf 90' lang='lat' dir='ltr'><strong>colonia</strong></span> <span class='ocrx_word' id='word_1_472' title='bbox 1309 3051 1501 3108; x_wconf 78' lang='lat' dir='ltr'><strong>camaloduno</strong></span> <span class='ocrx_word' id='word_1_473' title='bbox 1525 3054 1662 3123; x_wconf 90' lang='lat' dir='ltr'><strong>templum</strong></span> 
     </span>
     <span class='ocr_line' id='line_1_39' title="bbox 87 3120 1665 3195; baseline 0.001 -15"><span class='ocrx_word' id='word_1_474' title='bbox 87 3123 242 3193; x_wconf 90' lang='lat' dir='ltr'><strong>laodecim,</strong></span> <span class='ocrx_word' id='word_1_475' title='bbox 260 3124 405 3195; x_wconf 88' lang='lat' dir='ltr'><strong>quotidem</strong></span> <span class='ocrx_word' id='word_1_476' title='bbox 423 3135 534 3178; x_wconf 92' lang='lat' dir='ltr'><strong>meuses</strong></span> <span class='ocrx_word' id='word_1_477' title='bbox 554 3135 587 3177; x_wconf 90' lang='lat' dir='ltr'><strong>ac</strong></span> <span class='ocrx_word' id='word_1_478' title='bbox 602 3122 665 3177; x_wconf 93' lang='lat' dir='ltr'><strong>dies</strong></span> <span class='ocrx_word' id='word_1_479' title='bbox 681 3120 785 3177; x_wconf 89' lang='lat' dir='ltr'><strong>habent</strong></span> <span class='ocrx_word' id='word_1_480' title='bbox 838 3122 905 3177; x_wconf 89' lang='lat' dir='ltr'><strong>diro</strong></span> <span class='ocrx_word' id='word_1_481' title='bbox 924 3120 1045 3177; x_wconf 89' lang='lat' dir='ltr'><strong>claudio</strong></span> <span class='ocrx_word' id='word_1_482' title='bbox 1062 3121 1122 3190; x_wconf 84' lang='lat' dir='ltr'><strong>y&#39;am</strong></span> <span class='ocrx_word' id='word_1_483' title='bbox 1139 3124 1341 3191; x_wconf 88' lang='lat' dir='ltr'><strong>constitutam,</strong></span> <span class='ocrx_word' id='word_1_484' title='bbox 1362 3122 1544 3194; x_wconf 89' lang='lat' dir='ltr'><strong>delectosque</strong></span> <span class='ocrx_word' id='word_1_485' title='bbox 1566 3138 1665 3181; x_wconf 88' lang='lat' dir='ltr'><strong>saeer-</strong></span> 
     </span>
     <span class='ocr_line' id='line_1_40' title="bbox 88 3192 1664 3276; baseline -0.001 -24"><span class='ocrx_word' id='word_1_486' title='bbox 88 3208 137 3253; x_wconf 82' lang='grc' dir='ltr'>,ιιι</span> <span class='ocrx_word' id='word_1_487' title='bbox 163 3196 359 3252; x_wconf 84' lang='lat' dir='ltr'><strong>Bucherianae.</strong></span> <span class='ocrx_word' id='word_1_488' title='bbox 389 3196 481 3250; x_wconf 87' lang='lat' dir='ltr'><strong>Besiit</strong></span> <span class='ocrx_word' id='word_1_489' title='bbox 504 3207 571 3265; x_wconf 86' lang='lat' dir='ltr'><strong>ergo</strong></span> <span class='ocrx_word' id='word_1_490' title='bbox 596 3194 690 3249; x_wconf 87' lang='lat' dir='ltr'><strong>rivere</strong></span> <span class='ocrx_word' id='word_1_491' title='bbox 709 3204 785 3248; x_wconf 91' lang='lat' dir='ltr'><strong>anno</strong></span> <span class='ocrx_word' id='word_1_492' title='bbox 800 3214 824 3276; x_wconf 66' lang='grc' dir='ltr'>ρ</span> <span class='ocrx_word' id='word_1_493' title='bbox 839 3193 920 3249; x_wconf 91' lang='lat' dir='ltr'><strong>dotes</strong></span> <span class='ocrx_word' id='word_1_494' title='bbox 936 3197 1072 3247; x_wconf 86' lang='lat' dir='ltr'><strong>memorat</strong></span> <span class='ocrx_word' id='word_1_495' title='bbox 1090 3193 1216 3248; x_wconf 89' lang='lat' dir='ltr'><strong>Tacitus.</strong></span> <span class='ocrx_word' id='word_1_496' title='bbox 1237 3192 1356 3263; x_wconf 86' lang='lat' dir='ltr'><strong>Quidni,</strong></span> <span class='ocrx_word' id='word_1_497' title='bbox 1373 3200 1401 3249; x_wconf 91' lang='lat' dir='ltr'><strong>et</strong></span> <span class='ocrx_word' id='word_1_498' title='bbox 1415 3193 1574 3250; x_wconf 90' lang='lat' dir='ltr'><strong>christiani</strong></span> <span class='ocrx_word' id='word_1_499' title='bbox 1590 3208 1664 3251; x_wconf 81' lang='lat' dir='ltr'><strong>rere</strong></span> 
     </span>
     <span class='ocr_line' id='line_1_41' title="bbox 88 3261 1666 3337; baseline -0.003 -13"><span class='ocrx_word' id='word_1_500' title='bbox 88 3266 121 3324; x_wconf 91' lang='grc'><strong>66</strong></span> <span class='ocrx_word' id='word_1_501' title='bbox 134 3268 263 3337; x_wconf 92' lang='lat' dir='ltr'><strong>omnino,</strong></span> <span class='ocrx_word' id='word_1_502' title='bbox 287 3268 400 3322; x_wconf 87' lang='lat' dir='ltr'><strong>iivenle</strong></span> <span class='ocrx_word' id='word_1_503' title='bbox 415 3266 510 3321; x_wconf 88' lang='lat' dir='ltr'><strong>adhuc</strong></span> <span class='ocrx_word' id='word_1_504' title='bbox 529 3267 622 3335; x_wconf 89' lang='lat' dir='ltr'><strong>Petro,</strong></span> <span class='ocrx_word' id='word_1_505' title='bbox 643 3264 718 3334; x_wconf 92' lang='lat' dir='ltr'><strong>qaod</strong></span> <span class='ocrx_word' id='word_1_506' title='bbox 736 3263 785 3319; x_wconf 89' lang='lat' dir='ltr'><strong>lu·</strong></span> <span class='ocrx_word' id='word_1_507' title='bbox 840 3263 992 3335; x_wconf 81' lang='lat' dir='ltr'><strong>religionis</strong></span> <span class='ocrx_word' id='word_1_508' title='bbox 1004 3261 1115 3319; x_wconf 90' lang='lat' dir='ltr'><strong>cultam</strong></span> <span class='ocrx_word' id='word_1_509' title='bbox 1130 3264 1303 3319; x_wconf 87' lang='grc' dir='ltr'>ιιιιιιιιιιι</span> <span class='ocrx_word' id='word_1_510' title='bbox 1320 3264 1500 3335; x_wconf 79' lang='lat' dir='ltr'><strong>propagare?</strong></span> <span class='ocrx_word' id='word_1_511' title='bbox 1516 3267 1550 3320; x_wconf 86' lang='lat' dir='ltr'><strong>ht</strong></span> <span class='ocrx_word' id='word_1_512' title='bbox 1563 3266 1666 3321; x_wconf 87' lang='lat' dir='ltr'><strong>consi·</strong></span> 
     </span>
     <span class='ocr_line' id='line_1_42' title="bbox 92 3333 1666 3408; baseline -0.003 -11"><span class='ocrx_word' id='word_1_513' title='bbox 92 3339 243 3397; x_wconf 83' lang='lat' dir='ltr'><strong>confirmat</strong></span> <span class='ocrx_word' id='word_1_514' title='bbox 257 3338 382 3408; x_wconf 90' lang='lat' dir='ltr'><strong>scriptor</strong></span> <span class='ocrx_word' id='word_1_515' title='bbox 396 3350 556 3407; x_wconf 80' lang='lat' dir='ltr'><strong>anonymus</strong></span> <span class='ocrx_word' id='word_1_516' title='bbox 572 3337 608 3391; x_wconf 90' lang='lat' dir='ltr'><strong>de</strong></span> <span class='ocrx_word' id='word_1_517' title='bbox 623 3335 785 3391; x_wconf 89' lang='lat' dir='ltr'><strong>certamini·</strong></span> <span class='ocrx_word' id='word_1_518' title='bbox 839 3337 972 3392; x_wconf 83' lang='lat' dir='ltr'><strong>daremus</strong></span> <span class='ocrx_word' id='word_1_519' title='bbox 988 3333 1088 3404; x_wconf 90' lang='lat' dir='ltr'><strong>copias</strong></span> <span class='ocrx_word' id='word_1_520' title='bbox 1106 3334 1248 3390; x_wconf 90' lang='lat' dir='ltr'><strong>militares</strong></span> <span class='ocrx_word' id='word_1_521' title='bbox 1259 3348 1292 3391; x_wconf 92' lang='lat' dir='ltr'><strong>ac</strong></span> <span class='ocrx_word' id='word_1_522' title='bbox 1305 3333 1433 3405; x_wconf 78' lang='lat' dir='ltr'><strong>legiones</strong></span> <span class='ocrx_word' id='word_1_523' title='bbox 1446 3335 1583 3393; x_wconf 87' lang='lat' dir='ltr'><strong>Suetonio</strong></span> <span class='ocrx_word' id='word_1_524' title='bbox 1601 3343 1666 3392; x_wconf 86' lang='lat' dir='ltr'><strong>tra-</strong></span> 
     </span>
     <span class='ocr_line' id='line_1_43' title="bbox 88 3405 1662 3485; baseline -0.003 -19"><span class='ocrx_word' id='word_1_525' title='bbox 88 3410 336 3485; x_wconf 79' lang='lat' dir='ltr'><strong>eqrinationibus,</strong></span> <span class='ocrx_word' id='word_1_526' title='bbox 348 3410 406 3464; x_wconf 87' lang='lat' dir='ltr'><strong>rita</strong></span> <span class='ocrx_word' id='word_1_527' title='bbox 416 3415 444 3464; x_wconf 93' lang='grc' dir='ltr'><strong>ιι</strong></span> <span class='ocrx_word' id='word_1_528' title='bbox 459 3414 549 3464; x_wconf 91' lang='lat' dir='ltr'><strong>morte</strong></span> <span class='ocrx_word' id='word_1_529' title='bbox 560 3407 633 3463; x_wconf 90' lang='lat' dir='ltr'><strong>Petri</strong></span> <span class='ocrx_word' id='word_1_530' title='bbox 645 3411 673 3462; x_wconf 91' lang='lat' dir='ltr'><strong>et</strong></span> <span class='ocrx_word' id='word_1_531' title='bbox 685 3406 764 3462; x_wconf 87' lang='lat' dir='ltr'><strong>Pauli</strong></span> <span class='ocrx_word' id='word_1_532' title='bbox 775 3425 782 3476; x_wconf 77' lang='lat'>3</span> <span class='ocrx_word' id='word_1_533' title='bbox 839 3407 926 3476; x_wconf 91' lang='lat' dir='ltr'><strong>ditas,</strong></span> <span class='ocrx_word' id='word_1_534' title='bbox 936 3412 963 3463; x_wconf 90' lang='lat' dir='ltr'><strong>et</strong></span> <span class='ocrx_word' id='word_1_535' title='bbox 973 3405 1046 3461; x_wconf 88' lang='lat' dir='ltr'><strong>alias</strong></span> <span class='ocrx_word' id='word_1_536' title='bbox 1057 3405 1181 3461; x_wconf 90' lang='lat' dir='ltr'><strong>subinde</strong></span> <span class='ocrx_word' id='word_1_537' title='bbox 1190 3407 1293 3462; x_wconf 88' lang='lat' dir='ltr'><strong>missas</strong></span> <span class='ocrx_word' id='word_1_538' title='bbox 1304 3414 1367 3476; x_wconf 90' lang='lat' dir='ltr'><strong>post</strong></span> <span class='ocrx_word' id='word_1_539' title='bbox 1375 3405 1484 3463; x_wconf 90' lang='lat' dir='ltr'><strong>cladem</strong></span> <span class='ocrx_word' id='word_1_540' title='bbox 1497 3408 1662 3464; x_wconf 89' lang='lat' dir='ltr'><strong>indicatam.</strong></span> 
     </span>
     <span class='ocr_line' id='line_1_44' title="bbox 88 3476 1734 3555; baseline -0.002 -16"><span class='ocrx_word' id='word_1_541' title='bbox 88 3477 786 3548; x_wconf 76' lang='lat' dir='ltr'><strong>randellaeeomitissacellanasiPertoeaslecrn-</strong></span> <span class='ocrx_word' id='word_1_542' title='bbox 840 3480 933 3534; x_wconf 81' lang='lat' dir='ltr'><strong>Paetas</strong></span> <span class='ocrx_word' id='word_1_543' title='bbox 945 3476 1067 3534; x_wconf 91' lang='lat' dir='ltr'><strong>cerialis</strong></span> <span class='ocrx_word' id='word_1_544' title='bbox 1083 3476 1193 3549; x_wconf 87' lang='lat' dir='ltr'><strong>legatus</strong></span> <span class='ocrx_word' id='word_1_545' title='bbox 1209 3477 1334 3551; x_wconf 84' lang='lat' dir='ltr'><strong>legionis</strong></span> <span class='ocrx_word' id='word_1_546' title='bbox 1349 3491 1431 3533; x_wconf 83' lang='lat' dir='ltr'><strong>nonae</strong></span> <span class='ocrx_word' id='word_1_547' title='bbox 1444 3478 1518 3535; x_wconf 92' lang='lat' dir='ltr'><strong>banc</strong></span> <span class='ocrx_word' id='word_1_548' title='bbox 1530 3478 1662 3536; x_wconf 90' lang='lat' dir='ltr'><strong>ducebat.</strong></span> <span class='ocrx_word' id='word_1_549' title='bbox 1728 3544 1734 3555; x_wconf 34' lang='lat'><strong>¹</strong></span> 
     </span>
     <span class='ocr_line' id='line_1_45' title="bbox 88 3548 1665 3624; baseline -0.004 -12"><span class='ocrx_word' id='word_1_550' title='bbox 88 3567 123 3611; x_wconf 88' lang='lat' dir='ltr'><strong>im</strong></span> <span class='ocrx_word' id='word_1_551' title='bbox 136 3554 294 3612; x_wconf 78' lang='lat' dir='ltr'><strong>advenitio</strong></span> <span class='ocrx_word' id='word_1_552' title='bbox 307 3552 450 3624; x_wconf 82' lang='lat' dir='ltr'><strong>hugliam,</strong></span> <span class='ocrx_word' id='word_1_553' title='bbox 464 3564 499 3607; x_wconf 94' lang='lat' dir='ltr'><strong>ex</strong></span> <span class='ocrx_word' id='word_1_554' title='bbox 515 3564 571 3621; x_wconf 91' lang='lat' dir='ltr'><strong>quo</strong></span> <span class='ocrx_word' id='word_1_555' title='bbox 587 3549 731 3605; x_wconf 89' lang='lat' dir='ltr'><strong>Patricius</strong></span> <span class='ocrx_word' id='word_1_556' title='bbox 743 3549 787 3618; x_wconf 85' lang='lat' dir='ltr'><strong>ju·</strong></span> <span class='ocrx_word' id='word_1_557' title='bbox 840 3549 997 3606; x_wconf 88' lang='lat' dir='ltr'><strong>Suetonius</strong></span> <span class='ocrx_word' id='word_1_558' title='bbox 1011 3553 1142 3618; x_wconf 87' lang='lat' dir='ltr'><strong>quartam</strong></span> <span class='ocrx_word' id='word_1_559' title='bbox 1153 3548 1294 3605; x_wconf 89' lang='lat' dir='ltr'><strong>decimam</strong></span> <span class='ocrx_word' id='word_1_560' title='bbox 1305 3563 1370 3606; x_wconf 92' lang='lat' dir='ltr'><strong>cum</strong></span> <span class='ocrx_word' id='word_1_561' title='bbox 1387 3549 1548 3606; x_wconf 84' lang='lat' dir='ltr'><strong>vexillariis</strong></span> <span class='ocrx_word' id='word_1_562' title='bbox 1563 3550 1665 3607; x_wconf 86' lang='lat' dir='ltr'><strong>vicesi-</strong></span> 
     </span>
     <span class='ocr_line' id='line_1_46' title="bbox 88 3619 1665 3693; baseline -0.003 -10"><span class='ocrx_word' id='word_1_563' title='bbox 88 3629 190 3683; x_wconf 89' lang='lat' dir='ltr'><strong>astrem</strong></span> <span class='ocrx_word' id='word_1_564' title='bbox 204 3625 280 3682; x_wconf 91' lang='lat' dir='ltr'><strong>hanc</strong></span> <span class='ocrx_word' id='word_1_565' title='bbox 293 3625 386 3681; x_wconf 91' lang='lat' dir='ltr'><strong>locum</strong></span> <span class='ocrx_word' id='word_1_566' title='bbox 397 3624 478 3693; x_wconf 90' lang='lat' dir='ltr'><strong>citat,</strong></span> <span class='ocrx_word' id='word_1_567' title='bbox 490 3625 586 3679; x_wconf 85' lang='lat' dir='ltr'><strong>Graece</strong></span> <span class='ocrx_word' id='word_1_568' title='bbox 598 3620 724 3691; x_wconf 90' lang='lat' dir='ltr'><strong>quidem,</strong></span> <span class='ocrx_word' id='word_1_569' title='bbox 738 3620 786 3677; x_wconf 90' lang='lat' dir='ltr'><strong>sed</strong></span> <span class='ocrx_word' id='word_1_570' title='bbox 842 3633 912 3676; x_wconf 84' lang='lat' dir='ltr'><strong>ma:</strong></span> <span class='ocrx_word' id='word_1_571' title='bbox 927 3627 1002 3676; x_wconf 91' lang='lat' dir='ltr'><strong>etex</strong></span> <span class='ocrx_word' id='word_1_572' title='bbox 1025 3620 1166 3689; x_wconf 83' lang='lat' dir='ltr'><strong>proximis</strong></span> <span class='ocrx_word' id='word_1_573' title='bbox 1186 3620 1355 3692; x_wconf 85' lang='lat' dir='ltr'><strong>auxiliares,</strong></span> <span class='ocrx_word' id='word_1_574' title='bbox 1372 3620 1468 3676; x_wconf 92' lang='lat' dir='ltr'><strong>decem</strong></span> <span class='ocrx_word' id='word_1_575' title='bbox 1489 3619 1547 3677; x_wconf 91' lang='lat' dir='ltr'><strong>fere</strong></span> <span class='ocrx_word' id='word_1_576' title='bbox 1572 3622 1665 3679; x_wconf 90' lang='lat' dir='ltr'><strong>millia</strong></span> 
     </span>
     <span class='ocr_line' id='line_1_47' title="bbox 88 3690 1666 3771; baseline -0.003 -17"><span class='ocrx_word' id='word_1_577' title='bbox 88 3710 119 3771; x_wconf 80' lang='lat' dir='ltr'><strong>go</strong></span> <span class='ocrx_word' id='word_1_578' title='bbox 133 3698 176 3754; x_wconf 87' lang='grc' dir='ltr'><strong>ιιι</strong></span> <span class='ocrx_word' id='word_1_579' title='bbox 193 3698 290 3754; x_wconf 80' lang='lat' dir='ltr'><strong>Latine</strong></span> <span class='ocrx_word' id='word_1_580' title='bbox 303 3701 493 3766; x_wconf 84' lang='lat' dir='ltr'><strong>repraesento:</strong></span> <span class='ocrx_word' id='word_1_581' title='bbox 509 3696 635 3749; x_wconf 76' lang='lat' dir='ltr'><strong>moratus</strong></span> <span class='ocrx_word' id='word_1_582' title='bbox 646 3694 743 3746; x_wconf 85' lang='lat' dir='ltr'><strong>Petrus</strong></span> <span class='ocrx_word' id='word_1_583' title='bbox 758 3695 788 3746; x_wconf 85' lang='lat' dir='ltr'><strong>in</strong></span> <span class='ocrx_word' id='word_1_584' title='bbox 842 3698 1028 3749; x_wconf 89' lang='lat' dir='ltr'><strong>armatorum.</strong></span> <span class='ocrx_word' id='word_1_585' title='bbox 1048 3692 1163 3748; x_wconf 87' lang='lat' dir='ltr'><strong>Poenius</strong></span> <span class='ocrx_word' id='word_1_586' title='bbox 1188 3693 1354 3748; x_wconf 88' lang='lat' dir='ltr'><strong>Postumius</strong></span> <span class='ocrx_word' id='word_1_587' title='bbox 1377 3690 1528 3763; x_wconf 79' lang='lat' dir='ltr'><strong>prefectus</strong></span> <span class='ocrx_word' id='word_1_588' title='bbox 1552 3699 1666 3750; x_wconf 84' lang='lat' dir='ltr'><strong>castro-</strong></span> 
     </span>
     <span class='ocr_line' id='line_1_48' title="bbox 88 3761 1665 3839; baseline -0.003 -14"><span class='ocrx_word' id='word_1_589' title='bbox 88 3771 114 3825; x_wconf 84' lang='grc' dir='ltr'><strong>ιι</strong></span> <span class='ocrx_word' id='word_1_590' title='bbox 128 3768 186 3824; x_wconf 85' lang='lat' dir='ltr'><strong>dies</strong></span> <span class='ocrx_word' id='word_1_591' title='bbox 200 3770 317 3839; x_wconf 80' lang='lat' dir='ltr'><strong>aliquot,</strong></span> <span class='ocrx_word' id='word_1_592' title='bbox 330 3784 389 3822; x_wconf 85' lang='lat' dir='ltr'><strong>cnm</strong></span> <span class='ocrx_word' id='word_1_593' title='bbox 401 3767 499 3821; x_wconf 84' lang='lat' dir='ltr'><strong>multos</strong></span> <span class='ocrx_word' id='word_1_594' title='bbox 513 3766 696 3819; x_wconf 84' lang='lat' dir='ltr'><strong>illuminasset</strong></span> <span class='ocrx_word' id='word_1_595' title='bbox 707 3764 788 3818; x_wconf 86' lang='lat' dir='ltr'><strong>verbo</strong></span> <span class='ocrx_word' id='word_1_596' title='bbox 843 3778 906 3820; x_wconf 93' lang='lat' dir='ltr'><strong>rum</strong></span> <span class='ocrx_word' id='word_1_597' title='bbox 928 3764 1061 3820; x_wconf 80' lang='lat' dir='ltr'><strong>secunda</strong></span> <span class='ocrx_word' id='word_1_598' title='bbox 1079 3761 1178 3818; x_wconf 89' lang='lat' dir='ltr'><strong>aderat</strong></span> <span class='ocrx_word' id='word_1_599' title='bbox 1192 3777 1256 3819; x_wconf 92' lang='lat' dir='ltr'><strong>cam</strong></span> <span class='ocrx_word' id='word_1_600' title='bbox 1278 3776 1331 3819; x_wconf 88' lang='lat' dir='ltr'><strong>sua</strong></span> <span class='ocrx_word' id='word_1_601' title='bbox 1346 3762 1371 3818; x_wconf 91' lang='lat' dir='ltr'><strong>le</strong></span> <span class='ocrx_word' id='word_1_602' title='bbox 1393 3763 1467 3819; x_wconf 87' lang='lat' dir='ltr'><strong>ione.</strong></span> <span class='ocrx_word' id='word_1_603' title='bbox 1483 3782 1496 3815; x_wconf 83' lang='grc' dir='ltr'><strong>ι</strong></span> <span class='ocrx_word' id='word_1_604' title='bbox 1519 3763 1665 3835; x_wconf 78' lang='lat' dir='ltr'><strong>luxitque</strong></span> 
     </span>
     <span class='ocr_line' id='line_1_49' title="bbox 90 3779 1668 3911; baseline -0.004 -14"><span class='ocrx_word' id='word_1_605' title='bbox 90 3842 278 3911; x_wconf 75' lang='lat' dir='ltr'><strong>Bcclenasque</strong></span> <span class='ocrx_word' id='word_1_606' title='bbox 297 3841 502 3904; x_wconf 70' lang='lat' dir='ltr'><strong>constituisseti</strong></span> <span class='ocrx_word' id='word_1_607' title='bbox 520 3841 666 3908; x_wconf 80' lang='lat' dir='ltr'><strong>postquam</strong></span> <span class='ocrx_word' id='word_1_608' title='bbox 681 3837 788 3904; x_wconf 85' lang='lat' dir='ltr'><strong>episco-</strong></span> <span class='ocrx_word' id='word_1_609' title='bbox 844 3837 942 3905; x_wconf 91' lang='lat' dir='ltr'><strong>copias</strong></span> <span class='ocrx_word' id='word_1_610' title='bbox 964 3834 1056 3891; x_wconf 83' lang='lat' dir='ltr'><strong>caesar</strong></span> <span class='ocrx_word' id='word_1_611' title='bbox 1076 3831 1127 3905; x_wconf 82' lang='lat' dir='ltr'><strong>(ait</strong></span> <span class='ocrx_word' id='word_1_612' title='bbox 1148 3835 1265 3890; x_wconf 89' lang='lat' dir='ltr'><strong>Tacitus</strong></span> <span class='ocrx_word' id='word_1_613' title='bbox 1285 3839 1354 3891; x_wconf 87' lang='lat' dir='ltr'><strong>sect.</strong></span> <span class='ocrx_word' id='word_1_614' title='bbox 1373 3779 1419 3905; x_wconf 53' lang='lat' dir='ltr'><strong>{ill</strong></span> <span class='ocrx_word' id='word_1_615' title='bbox 1438 3834 1537 3891; x_wconf 90' lang='lat' dir='ltr'><strong>missis</strong></span> <span class='ocrx_word' id='word_1_616' title='bbox 1556 3849 1571 3892; x_wconf 88' lang='lat' dir='ltr'><strong>e</strong></span> <span class='ocrx_word' id='word_1_617' title='bbox 1591 3834 1668 3890; x_wconf 88' lang='lat' dir='ltr'><strong>Ger-</strong></span> 
     </span>
     <span class='ocr_line' id='line_1_50' title="bbox 88 3904 1667 3983; baseline -0.003 -16"><span class='ocrx_word' id='word_1_618' title='bbox 88 3926 136 3983; x_wconf 82' lang='lat' dir='ltr'><strong>piie</strong></span> <span class='ocrx_word' id='word_1_619' title='bbox 150 3917 176 3968; x_wconf 86' lang='lat' dir='ltr'><strong>et</strong></span> <span class='ocrx_word' id='word_1_620' title='bbox 184 3913 356 3982; x_wconf 80' lang='lat' dir='ltr'><strong>presbyteros</strong></span> <span class='ocrx_word' id='word_1_621' title='bbox 370 3927 402 3967; x_wconf 90' lang='lat' dir='ltr'><strong>uc</strong></span> <span class='ocrx_word' id='word_1_622' title='bbox 417 3911 546 3965; x_wconf 85' lang='lat' dir='ltr'><strong>diaconos</strong></span> <span class='ocrx_word' id='word_1_623' title='bbox 561 3908 726 3969; x_wconf 82' lang='lat' dir='ltr'><strong>ordinasset,</strong></span> <span class='ocrx_word' id='word_1_624' title='bbox 741 3910 790 3961; x_wconf 88' lang='lat' dir='ltr'><strong>im·</strong></span> <span class='ocrx_word' id='word_1_625' title='bbox 846 3907 1065 3964; x_wconf 86' lang='lat' dir='ltr'><strong>mariaduobas</strong></span> <span class='ocrx_word' id='word_1_626' title='bbox 1078 3905 1303 3977; x_wconf 78' lang='lat' dir='ltr'><strong>legionariorum</strong></span> <span class='ocrx_word' id='word_1_627' title='bbox 1316 3904 1458 3976; x_wconf 91' lang='lat' dir='ltr'><strong>millibus,</strong></span> <span class='ocrx_word' id='word_1_628' title='bbox 1470 3911 1534 3963; x_wconf 91' lang='lat' dir='ltr'><strong>octo</strong></span> <span class='ocrx_word' id='word_1_629' title='bbox 1544 3905 1667 3963; x_wconf 84' lang='lat' dir='ltr'><strong>auxilia·</strong></span> 
     </span>
     <span class='ocr_line' id='line_1_51' title="bbox 88 3976 1667 4051; baseline -0.003 -12"><span class='ocrx_word' id='word_1_630' title='bbox 88 3984 205 4039; x_wconf 83' lang='lat' dir='ltr'><strong>nunlbus</strong></span> <span class='ocrx_word' id='word_1_631' title='bbox 224 3984 381 4038; x_wconf 83' lang='lat' dir='ltr'><strong>duodecimo</strong></span> <span class='ocrx_word' id='word_1_632' title='bbox 394 3984 509 4039; x_wconf 84' lang='lat' dir='ltr'><strong>Neronis</strong></span> <span class='ocrx_word' id='word_1_633' title='bbox 525 3996 596 4036; x_wconf 84' lang='lat' dir='ltr'><strong>anim</strong></span> <span class='ocrx_word' id='word_1_634' title='bbox 610 3981 647 4051; x_wconf 86' lang='lat' dir='ltr'><strong>(is</strong></span> <span class='ocrx_word' id='word_1_635' title='bbox 662 3977 719 4035; x_wconf 92' lang='lat' dir='ltr'><strong>fuit</strong></span> <span class='ocrx_word' id='word_1_636' title='bbox 734 3991 790 4035; x_wconf 92' lang='lat' dir='ltr'><strong>no·</strong></span> <span class='ocrx_word' id='word_1_637' title='bbox 845 3979 954 4034; x_wconf 89' lang='lat' dir='ltr'><strong>riorum</strong></span> <span class='ocrx_word' id='word_1_638' title='bbox 967 3977 1145 4045; x_wconf 78' lang='lat' dir='ltr'><strong>cohorticus,</strong></span> <span class='ocrx_word' id='word_1_639' title='bbox 1160 3991 1192 4033; x_wconf 90' lang='grc' dir='ltr'><strong>ιι</strong></span> <span class='ocrx_word' id='word_1_640' title='bbox 1207 3976 1310 4034; x_wconf 90' lang='lat' dir='ltr'><strong>millee</strong></span> <span class='ocrx_word' id='word_1_641' title='bbox 1333 3976 1455 4034; x_wconf 86' lang='lat' dir='ltr'><strong>ultibus.</strong></span> <span class='ocrx_word' id='word_1_642' title='bbox 1469 3995 1481 4028; x_wconf 81' lang='grc' dir='ltr'><strong>ι</strong></span> <span class='ocrx_word' id='word_1_643' title='bbox 1496 3977 1619 4034; x_wconf 84' lang='lat' dir='ltr'><strong>Tandem</strong></span> <span class='ocrx_word' id='word_1_644' title='bbox 1631 3978 1667 4035; x_wconf 91' lang='lat' dir='ltr'><strong>ad</strong></span> 
     </span>
     <span class='ocr_line' id='line_1_52' title="bbox 101 3993 1667 4126; baseline -0.003 -15"><span class='ocrx_word' id='word_1_645' title='bbox 101 4055 161 4126; x_wconf 77' lang='lat' dir='ltr'><strong>iam</strong></span> <span class='ocrx_word' id='word_1_646' title='bbox 186 4054 342 4126; x_wconf 78' lang='lat' dir='ltr'><strong>indicatas)</strong></span> <span class='ocrx_word' id='word_1_647' title='bbox 364 4057 463 4109; x_wconf 87' lang='lat' dir='ltr'><strong>iterum</strong></span> <span class='ocrx_word' id='word_1_648' title='bbox 484 4055 593 4109; x_wconf 81' lang='lat' dir='ltr'><strong>Bormum</strong></span> <span class='ocrx_word' id='word_1_649' title='bbox 616 4050 719 4117; x_wconf 79' lang='lat' dir='ltr'><strong>rediit3</strong></span> <span class='ocrx_word' id='word_1_650' title='bbox 741 4050 790 4104; x_wconf 85' lang='lat' dir='ltr'><strong>nbi</strong></span> <span class='ocrx_word' id='word_1_651' title='bbox 843 4048 1036 4106; x_wconf 90' lang='lat' dir='ltr'><strong>dirimendam</strong></span> <span class='ocrx_word' id='word_1_652' title='bbox 1051 4049 1181 4105; x_wconf 92' lang='lat' dir='ltr'><strong>Suetonii</strong></span> <span class='ocrx_word' id='word_1_653' title='bbox 1206 4049 1291 4120; x_wconf 80' lang='lat' dir='ltr'><strong>legati</strong></span> <span class='ocrx_word' id='word_1_654' title='bbox 1310 3993 1488 4106; x_wconf 57' lang='lat' dir='ltr'><strong>Hlseordiam</strong></span> <span class='ocrx_word' id='word_1_655' title='bbox 1509 4062 1574 4104; x_wconf 92' lang='lat' dir='ltr'><strong>cum</strong></span> <span class='ocrx_word' id='word_1_656' title='bbox 1589 4049 1667 4106; x_wconf 90' lang='lat' dir='ltr'><strong>lulio</strong></span> 
     </span>
     <span class='ocr_line' id='line_1_53' title="bbox 88 4118 1667 4193; baseline -0.004 -11"><span class='ocrx_word' id='word_1_657' title='bbox 88 4142 138 4182; x_wconf 45' lang='lat' dir='ltr'><strong>*cm</strong></span> <span class='ocrx_word' id='word_1_658' title='bbox 147 4132 285 4182; x_wconf 81' lang='lat' dir='ltr'><strong>mortuum</strong></span> <span class='ocrx_word' id='word_1_659' title='bbox 299 4128 450 4193; x_wconf 85' lang='lat' dir='ltr'><strong>inveniens,</strong></span> <span class='ocrx_word' id='word_1_660' title='bbox 469 4126 627 4180; x_wconf 66' lang='lat' dir='ltr'><strong>Clementem</strong></span> <span class='ocrx_word' id='word_1_661' title='bbox 642 4123 697 4176; x_wconf 89' lang='lat' dir='ltr'><strong>loeo</strong></span> <span class='ocrx_word' id='word_1_662' title='bbox 712 4122 789 4176; x_wconf 86' lang='lat' dir='ltr'><strong>illins</strong></span> <span class='ocrx_word' id='word_1_663' title='bbox 843 4121 967 4178; x_wconf 87' lang='lat' dir='ltr'><strong>Cassitio</strong></span> <span class='ocrx_word' id='word_1_664' title='bbox 981 4128 1175 4190; x_wconf 90' lang='lat' dir='ltr'><strong>procuratore,</strong></span> <span class='ocrx_word' id='word_1_665' title='bbox 1192 4140 1206 4171; x_wconf 86' lang='grc' dir='ltr'><strong>ι</strong></span> <span class='ocrx_word' id='word_1_666' title='bbox 1222 4118 1296 4175; x_wconf 92' lang='lat' dir='ltr'><strong>etad</strong></span> <span class='ocrx_word' id='word_1_667' title='bbox 1312 4119 1498 4190; x_wconf 91' lang='lat' dir='ltr'><strong>spectandam</strong></span> <span class='ocrx_word' id='word_1_668' title='bbox 1512 4121 1667 4177; x_wconf 79' lang='lat' dir='ltr'><strong>Britannia</strong></span> 
     </span>
     <span class='ocr_line' id='line_1_54' title="bbox 88 4190 1669 4268; baseline -0.003 -15"><span class='ocrx_word' id='word_1_669' title='bbox 88 4200 110 4253; x_wconf 87' lang='lat' dir='ltr'><strong>it</strong></span> <span class='ocrx_word' id='word_1_670' title='bbox 128 4200 257 4268; x_wconf 87' lang='lat' dir='ltr'><strong>incitam,</strong></span> <span class='ocrx_word' id='word_1_671' title='bbox 275 4198 490 4266; x_wconf 81' lang='lat' dir='ltr'><strong>diqiiitntcmqiie</strong></span> <span class='ocrx_word' id='word_1_672' title='bbox 509 4199 591 4251; x_wconf 88' lang='lat' dir='ltr'><strong>istum</strong></span> <span class='ocrx_word' id='word_1_673' title='bbox 609 4199 788 4249; x_wconf 83' lang='lat' dir='ltr'><strong>recusantem.</strong></span> <span class='ocrx_word' id='word_1_674' title='bbox 845 4199 951 4250; x_wconf 86' lang='lat' dir='ltr'><strong>statam</strong></span> <span class='ocrx_word' id='word_1_675' title='bbox 969 4192 1128 4249; x_wconf 87' lang='lat' dir='ltr'><strong>missusest</strong></span> <span class='ocrx_word' id='word_1_676' title='bbox 1142 4205 1176 4247; x_wconf 90' lang='lat' dir='ltr'><strong>ex</strong></span> <span class='ocrx_word' id='word_1_677' title='bbox 1192 4190 1306 4247; x_wconf 91' lang='lat' dir='ltr'><strong>libertis</strong></span> <span class='ocrx_word' id='word_1_678' title='bbox 1320 4191 1480 4263; x_wconf 80' lang='lat' dir='ltr'><strong>Polycletus</strong></span> <span class='ocrx_word' id='word_1_679' title='bbox 1495 4205 1595 4265; x_wconf 78' lang='lat' dir='ltr'><strong>magna</strong></span> <span class='ocrx_word' id='word_1_680' title='bbox 1610 4194 1669 4249; x_wconf 89' lang='lat' dir='ltr'><strong>Ne-</strong></span> 
     </span>
     <span class='ocr_line' id='line_1_55' title="bbox 88 4262 1669 4339; baseline -0.004 -14"><span class='ocrx_word' id='word_1_681' title='bbox 88 4270 171 4325; x_wconf 82' lang='lat' dir='ltr'><strong>laneis</strong></span> <span class='ocrx_word' id='word_1_682' title='bbox 185 4270 340 4325; x_wconf 78' lang='lat' dir='ltr'><strong>rationibus</strong></span> <span class='ocrx_word' id='word_1_683' title='bbox 352 4283 526 4339; x_wconf 81' lang='lat' dir='ltr'><strong>persuasam,</strong></span> <span class='ocrx_word' id='word_1_684' title='bbox 541 4284 573 4322; x_wconf 87' lang='lat' dir='ltr'><strong>nc</strong></span> <span class='ocrx_word' id='word_1_685' title='bbox 588 4266 720 4335; x_wconf 73' lang='lat' dir='ltr'><strong>confidere</strong></span> <span class='ocrx_word' id='word_1_686' title='bbox 734 4265 790 4320; x_wconf 88' lang='lat' dir='ltr'><strong>od-</strong></span> <span class='ocrx_word' id='word_1_687' title='bbox 846 4265 925 4321; x_wconf 92' lang='lat' dir='ltr'><strong>ronis</strong></span> <span class='ocrx_word' id='word_1_688' title='bbox 939 4277 998 4335; x_wconf 89' lang='lat' dir='ltr'><strong>spe,</strong></span> <span class='ocrx_word' id='word_1_689' title='bbox 1013 4277 1097 4336; x_wconf 89' lang='lat' dir='ltr'><strong>posse</strong></span> <span class='ocrx_word' id='word_1_690' title='bbox 1108 4262 1280 4319; x_wconf 89' lang='lat' dir='ltr'><strong>auctoritate</strong></span> <span class='ocrx_word' id='word_1_691' title='bbox 1292 4263 1355 4333; x_wconf 81' lang='lat' dir='ltr'><strong>ejas</strong></span> <span class='ocrx_word' id='word_1_692' title='bbox 1367 4277 1423 4319; x_wconf 93' lang='lat' dir='ltr'><strong>non</strong></span> <span class='ocrx_word' id='word_1_693' title='bbox 1438 4263 1521 4320; x_wconf 90' lang='lat' dir='ltr'><strong>modo</strong></span> <span class='ocrx_word' id='word_1_694' title='bbox 1536 4264 1610 4320; x_wconf 92' lang='lat' dir='ltr'><strong>inter</strong></span> <span class='ocrx_word' id='word_1_695' title='bbox 1625 4264 1669 4320; x_wconf 91' lang='lat' dir='ltr'><strong>le-</strong></span> 
     </span>
     <span class='ocr_line' id='line_1_56' title="bbox 88 4334 1666 4408; baseline -0.004 -11"><span class='ocrx_word' id='word_1_696' title='bbox 88 4356 113 4408; x_wconf 86' lang='lat' dir='ltr'><strong>a,</strong></span> <span class='ocrx_word' id='word_1_697' title='bbox 123 4343 154 4396; x_wconf 82' lang='lat' dir='ltr'><strong>t&#39;n</strong></span> <span class='ocrx_word' id='word_1_698' title='bbox 167 4342 325 4396; x_wconf 86' lang='lat' dir='ltr'><strong>cathedram</strong></span> <span class='ocrx_word' id='word_1_699' title='bbox 339 4341 497 4394; x_wconf 85' lang='lat' dir='ltr'><strong>diuinorum</strong></span> <span class='ocrx_word' id='word_1_700' title='bbox 509 4334 791 4408; x_wconf 75' lang='lat' dir='ltr'><strong>eloquioriiimiquam</strong></span> <span class='ocrx_word' id='word_1_701' title='bbox 846 4342 942 4408; x_wconf 81' lang='lat' dir='ltr'><strong>gataur</strong></span> <span class='ocrx_word' id='word_1_702' title='bbox 953 4342 1224 4406; x_wconf 85' lang='lat' dir='ltr'><strong>procuratoremque</strong></span> <span class='ocrx_word' id='word_1_703' title='bbox 1235 4337 1298 4404; x_wconf 88' lang='lat' dir='ltr'><strong>ejas</strong></span> <span class='ocrx_word' id='word_1_704' title='bbox 1308 4334 1490 4392; x_wconf 75' lang='lat' dir='ltr'><strong>truacordiam</strong></span> <span class='ocrx_word' id='word_1_705' title='bbox 1504 4335 1584 4407; x_wconf 80' lang='lat' dir='ltr'><strong>gigni</strong></span> <span class='ocrx_word' id='word_1_706' title='bbox 1600 4337 1666 4403; x_wconf 87' lang='lat' dir='ltr'><strong>;sed</strong></span> 
     </span>
     <span class='ocr_line' id='line_1_57' title="bbox 88 4405 1668 4497; baseline -0.003 -31"><span class='ocrx_word' id='word_1_707' title='bbox 88 4414 206 4497; x_wconf 81' lang='lat' dir='ltr'><strong>incerat)</strong></span> <span class='ocrx_word' id='word_1_708' title='bbox 230 4414 396 4467; x_wconf 76' lang='lat' dir='ltr'><strong>subiiciunt.</strong></span> <span class='ocrx_word' id='word_1_709' title='bbox 427 4410 633 4466; x_wconf 76' lang='lat' dir='ltr'><strong>Profectionem</strong></span> <span class='ocrx_word' id='word_1_710' title='bbox 664 4408 736 4464; x_wconf 91' lang='lat' dir='ltr'><strong>banc</strong></span> <span class='ocrx_word' id='word_1_711' title='bbox 760 4408 790 4463; x_wconf 93' lang='lat' dir='ltr'><strong>in</strong></span> <span class='ocrx_word' id='word_1_712' title='bbox 845 4413 872 4463; x_wconf 94' lang='lat' dir='ltr'><strong>et</strong></span> <span class='ocrx_word' id='word_1_713' title='bbox 890 4405 1009 4463; x_wconf 90' lang='lat' dir='ltr'><strong>rebelles</strong></span> <span class='ocrx_word' id='word_1_714' title='bbox 1024 4407 1211 4463; x_wconf 91' lang='lat' dir='ltr'><strong>barbarorum</strong></span> <span class='ocrx_word' id='word_1_715' title='bbox 1231 4406 1344 4463; x_wconf 90' lang='lat' dir='ltr'><strong>animos</strong></span> <span class='ocrx_word' id='word_1_716' title='bbox 1360 4420 1427 4476; x_wconf 90' lang='lat' dir='ltr'><strong>pace</strong></span> <span class='ocrx_word' id='word_1_717' title='bbox 1445 4406 1589 4475; x_wconf 92' lang='lat' dir='ltr'><strong>componi.</strong></span> <span class='ocrx_word' id='word_1_718' title='bbox 1605 4407 1668 4463; x_wconf 88' lang='lat' dir='ltr'><strong>Non</strong></span> 
     </span>
     <span class='ocr_line' id='line_1_58' title="bbox 88 4476 1667 4552; baseline -0.005 -11"><span class='ocrx_word' id='word_1_719' title='bbox 88 4485 150 4541; x_wconf 71' lang='lat' dir='ltr'><strong>iiam</strong></span> <span class='ocrx_word' id='word_1_720' title='bbox 163 4484 282 4541; x_wconf 76' lang='lat' dir='ltr'><strong>aliunde</strong></span> <span class='ocrx_word' id='word_1_721' title='bbox 294 4483 369 4539; x_wconf 90' lang='lat' dir='ltr'><strong>ridit</strong></span> <span class='ocrx_word' id='word_1_722' title='bbox 383 4483 468 4539; x_wconf 91' lang='lat' dir='ltr'><strong>etiam</strong></span> <span class='ocrx_word' id='word_1_723' title='bbox 485 4481 635 4552; x_wconf 91' lang='lat' dir='ltr'><strong>Baronius,</strong></span> <span class='ocrx_word' id='word_1_724' title='bbox 651 4485 679 4535; x_wconf 91' lang='lat' dir='ltr'><strong>et</strong></span> <span class='ocrx_word' id='word_1_725' title='bbox 693 4485 737 4536; x_wconf 91' lang='lat' dir='ltr'><strong>est</strong></span> <span class='ocrx_word' id='word_1_726' title='bbox 751 4478 793 4536; x_wconf 93' lang='lat' dir='ltr'><strong>la·</strong></span> <span class='ocrx_word' id='word_1_727' title='bbox 846 4478 939 4535; x_wconf 87' lang='lat' dir='ltr'><strong>defait</strong></span> <span class='ocrx_word' id='word_1_728' title='bbox 952 4478 1121 4549; x_wconf 79' lang='lat' dir='ltr'><strong>Polycletus,</strong></span> <span class='ocrx_word' id='word_1_729' title='bbox 1138 4491 1196 4548; x_wconf 91' lang='lat' dir='ltr'><strong>qao</strong></span> <span class='ocrx_word' id='word_1_730' title='bbox 1212 4478 1309 4534; x_wconf 89' lang='lat' dir='ltr'><strong>ruinas</strong></span> <span class='ocrx_word' id='word_1_731' title='bbox 1328 4477 1436 4547; x_wconf 83' lang='lat' dir='ltr'><strong>ingenti</strong></span> <span class='ocrx_word' id='word_1_732' title='bbox 1450 4476 1564 4547; x_wconf 81' lang='lat' dir='ltr'><strong>agmine</strong></span> <span class='ocrx_word' id='word_1_733' title='bbox 1577 4476 1667 4533; x_wconf 88' lang='lat' dir='ltr'><strong>ltaliae</strong></span> 
     </span>
     <span class='ocr_line' id='line_1_59' title="bbox 88 4546 1666 4630; baseline -0.007 -17"><span class='ocrx_word' id='word_1_734' title='bbox 88 4561 254 4622; x_wconf 78' lang='lat' dir='ltr'><strong>restructa,</strong></span> <span class='ocrx_word' id='word_1_735' title='bbox 279 4567 334 4610; x_wconf 95' lang='lat' dir='ltr'><strong>non</strong></span> <span class='ocrx_word' id='word_1_736' title='bbox 353 4556 392 4610; x_wconf 87' lang='lat' dir='ltr'><strong>ita</strong></span> <span class='ocrx_word' id='word_1_737' title='bbox 409 4555 529 4624; x_wconf 90' lang='lat' dir='ltr'><strong>pridem,</strong></span> <span class='ocrx_word' id='word_1_738' title='bbox 546 4571 560 4602; x_wconf 84' lang='lat' dir='ltr'><strong>b</strong></span> <span class='ocrx_word' id='word_1_739' title='bbox 576 4557 632 4607; x_wconf 90' lang='lat' dir='ltr'><strong>etc.</strong></span> <span class='ocrx_word' id='word_1_740' title='bbox 847 4549 1005 4621; x_wconf 81' lang='lat' dir='ltr'><strong>Galliaque</strong></span> <span class='ocrx_word' id='word_1_741' title='bbox 1015 4550 1124 4622; x_wconf 80' lang='lat' dir='ltr'><strong>gravis,</strong></span> <span class='ocrx_word' id='word_1_742' title='bbox 1136 4555 1285 4630; x_wconf 89' lang='lat' dir='ltr'><strong>postquam</strong></span> <span class='ocrx_word' id='word_1_743' title='bbox 1295 4548 1436 4603; x_wconf 88' lang='lat' dir='ltr'><strong>Oceanum</strong></span> <span class='ocrx_word' id='word_1_744' title='bbox 1446 4546 1666 4615; x_wconf 88' lang='lat' dir='ltr'><strong>transmisisset,</strong></span> 
     </span>
     <span class='ocr_line' id='line_1_60' title="bbox 88 4611 1669 4701; baseline -0.005 -18"><span class='ocrx_word' id='word_1_745' title='bbox 88 4658 90 4671; x_wconf 62' lang='grc' dir='ltr'><strong>ι</strong></span> <span class='ocrx_word' id='word_1_746' title='bbox 108 4627 200 4701; x_wconf 80' lang='lat' dir='ltr'><strong>igitar</strong></span> <span class='ocrx_word' id='word_1_747' title='bbox 213 4626 249 4684; x_wconf 86' lang='grc'><strong>66</strong></span> <span class='ocrx_word' id='word_1_748' title='bbox 265 4627 305 4682; x_wconf 88' lang='grc' dir='ltr'><strong>ιιι</strong></span> <span class='ocrx_word' id='word_1_749' title='bbox 330 4626 469 4695; x_wconf 90' lang='lat' dir='ltr'><strong>promotis</strong></span> <span class='ocrx_word' id='word_1_750' title='bbox 482 4625 516 4680; x_wconf 93' lang='lat' dir='ltr'><strong>ad</strong></span> <span class='ocrx_word' id='word_1_751' title='bbox 534 4623 663 4680; x_wconf 90' lang='lat' dir='ltr'><strong>ordinem</strong></span> <span class='ocrx_word' id='word_1_752' title='bbox 677 4622 793 4692; x_wconf 90' lang='lat' dir='ltr'><strong>episco-</strong></span> <span class='ocrx_word' id='word_1_753' title='bbox 807 4611 834 4672; x_wconf 89' lang='lat' dir='ltr'>D</span> <span class='ocrx_word' id='word_1_754' title='bbox 849 4621 1118 4691; x_wconf 89' lang='lat' dir='ltr'><strong>militibusqaoque</strong></span> <span class='ocrx_word' id='word_1_755' title='bbox 1128 4617 1385 4700; x_wconf 74' lang='lat' dir='ltr'><strong>nostristerribills</strong></span> <span class='ocrx_word' id='word_1_756' title='bbox 1398 4617 1550 4700; x_wconf 80' lang='lat' dir='ltr'><strong>incederet.</strong></span> <span class='ocrx_word' id='word_1_757' title='bbox 1563 4634 1576 4667; x_wconf 79' lang='lat' dir='ltr'><strong>i</strong></span> <span class='ocrx_word' id='word_1_758' title='bbox 1587 4616 1669 4675; x_wconf 86' lang='lat' dir='ltr'><strong>insto</strong></span> 
     </span>
     <span class='ocr_line' id='line_1_61' title="bbox 91 4687 1668 4768; baseline -0.008 -11"><span class='ocrx_word' id='word_1_759' title='bbox 91 4700 162 4757; x_wconf 82' lang='lat' dir='ltr'><strong>bino</strong></span> <span class='ocrx_word' id='word_1_760' title='bbox 182 4704 212 4756; x_wconf 91' lang='lat' dir='ltr'><strong>et</strong></span> <span class='ocrx_word' id='word_1_761' title='bbox 231 4698 321 4768; x_wconf 91' lang='lat' dir='ltr'><strong>cleto,</strong></span> <span class='ocrx_word' id='word_1_762' title='bbox 346 4699 445 4754; x_wconf 91' lang='lat' dir='ltr'><strong>Petras</strong></span> <span class='ocrx_word' id='word_1_763' title='bbox 465 4696 547 4752; x_wconf 92' lang='lat' dir='ltr'><strong>modo</strong></span> <span class='ocrx_word' id='word_1_764' title='bbox 569 4695 603 4751; x_wconf 93' lang='lat' dir='ltr'><strong>ad</strong></span> <span class='ocrx_word' id='word_1_765' title='bbox 626 4693 792 4761; x_wconf 89' lang='lat' dir='ltr'><strong>orientales,</strong></span> <span class='ocrx_word' id='word_1_766' title='bbox 849 4694 940 4765; x_wconf 86' lang='lat' dir='ltr'><strong>igitur</strong></span> <span class='ocrx_word' id='word_1_767' title='bbox 951 4691 1091 4749; x_wconf 84' lang='lat' dir='ltr'><strong>exercitui</strong></span> <span class='ocrx_word' id='word_1_768' title='bbox 1103 4689 1157 4747; x_wconf 91' lang='lat' dir='ltr'><strong>sab</strong></span> <span class='ocrx_word' id='word_1_769' title='bbox 1168 4689 1305 4746; x_wconf 90' lang='lat' dir='ltr'><strong>Suetonio</strong></span> <span class='ocrx_word' id='word_1_770' title='bbox 1319 4687 1456 4744; x_wconf 91' lang='lat' dir='ltr'><strong>militanti</strong></span> <span class='ocrx_word' id='word_1_771' title='bbox 1466 4702 1668 4758; x_wconf 81' lang='lat' dir='ltr'><strong>inpenscqmen</strong></span> 
     </span>
     <span class='ocr_line' id='line_1_62' title="bbox 89 4758 1668 4840; baseline -0.007 -12"><span class='ocrx_word' id='word_1_772' title='bbox 89 4769 314 4828; x_wconf 90' lang='lat' dir='ltr'><strong>doccidentales</strong></span> <span class='ocrx_word' id='word_1_773' title='bbox 333 4769 448 4840; x_wconf 91' lang='lat' dir='ltr'><strong>imperii</strong></span> <span class='ocrx_word' id='word_1_774' title='bbox 474 4766 638 4839; x_wconf 84' lang='lat' dir='ltr'><strong>provincias</strong></span> <span class='ocrx_word' id='word_1_775' title='bbox 661 4764 716 4822; x_wconf 86' lang='lat' dir='ltr'><strong>ilde</strong></span> <span class='ocrx_word' id='word_1_776' title='bbox 736 4765 794 4820; x_wconf 90' lang='lat' dir='ltr'><strong>im·</strong></span> <span class='ocrx_word' id='word_1_777' title='bbox 847 4765 936 4819; x_wconf 82' lang='lat' dir='ltr'><strong>ltnli&#39;e</strong></span> <span class='ocrx_word' id='word_1_778' title='bbox 951 4762 1048 4818; x_wconf 84' lang='lat' dir='ltr'><strong>calliae</strong></span> <span class='ocrx_word' id='word_1_779' title='bbox 1069 4778 1101 4816; x_wconf 85' lang='lat' dir='ltr'><strong>ne</strong></span> <span class='ocrx_word' id='word_1_780' title='bbox 1114 4775 1242 4829; x_wconf 70' lang='lat' dir='ltr'><strong>mooesu</strong></span> <span class='ocrx_word' id='word_1_781' title='bbox 1263 4759 1409 4816; x_wconf 91' lang='lat' dir='ltr'><strong>eraddidit</strong></span> <span class='ocrx_word' id='word_1_782' title='bbox 1422 4758 1475 4816; x_wconf 92' lang='lat' dir='ltr'><strong>hoc</strong></span> <span class='ocrx_word' id='word_1_783' title='bbox 1487 4759 1668 4817; x_wconf 92' lang='lat' dir='ltr'><strong>annoliber-</strong></span> 
     </span>
     <span class='ocr_line' id='line_1_63' title="bbox 88 4774 1668 4915; baseline -0.007 -16"><span class='ocrx_word' id='word_1_784' title='bbox 88 4840 203 4898; x_wconf 88' lang='lat' dir='ltr'><strong>slloma</strong></span> <span class='ocrx_word' id='word_1_785' title='bbox 224 4840 379 4914; x_wconf 89' lang='lat' dir='ltr'><strong>profectas,</strong></span> <span class='ocrx_word' id='word_1_786' title='bbox 397 4839 583 4896; x_wconf 88' lang='lat' dir='ltr'><strong>fundamenta</strong></span> <span class='ocrx_word' id='word_1_787' title='bbox 600 4836 793 4893; x_wconf 87' lang='lat' dir='ltr'><strong>Ecclesiarum</strong></span> <span class='ocrx_word' id='word_1_788' title='bbox 848 4774 1409 4915; x_wconf 54' lang='lat' dir='ltr'><strong>iusNeronis,futurusierrigtlisettam</strong></span> <span class='ocrx_word' id='word_1_789' title='bbox 1417 4830 1668 4915; x_wconf 82' lang='lat' dir='ltr'><strong>militibusltoma·</strong></span> 
     </span>
     <span class='ocr_line' id='line_1_64' title="bbox 88 4901 1668 4985; baseline -0.007 -17"><span class='ocrx_word' id='word_1_790' title='bbox 88 4918 108 4984; x_wconf 91' lang='lat' dir='ltr'><strong>t,</strong></span> <span class='ocrx_word' id='word_1_791' title='bbox 116 4912 549 4985; x_wconf 82' lang='lat' dir='ltr'><strong>etepiscoposincomplariBas</strong></span> <span class='ocrx_word' id='word_1_792' title='bbox 557 4908 710 4978; x_wconf 86' lang='lat' dir='ltr'><strong>statuebat,</strong></span> <span class='ocrx_word' id='word_1_793' title='bbox 718 4920 794 4978; x_wconf 85' lang='lat' dir='ltr'><strong>prae-</strong></span> <span class='ocrx_word' id='word_1_794' title='bbox 848 4908 911 4963; x_wconf 88' lang='lat' dir='ltr'><strong>nis:</strong></span> <span class='ocrx_word' id='word_1_795' title='bbox 926 4905 994 4962; x_wconf 92' lang='lat' dir='ltr'><strong>licet</strong></span> <span class='ocrx_word' id='word_1_796' title='bbox 1002 4903 1124 4959; x_wconf 78' lang='lat' dir='ltr'><strong>hostilius</strong></span> <span class='ocrx_word' id='word_1_797' title='bbox 1136 4905 1235 4958; x_wconf 76' lang='lat' dir='ltr'><strong>iniens</strong></span> <span class='ocrx_word' id='word_1_798' title='bbox 1248 4903 1344 4971; x_wconf 72' lang='lat' dir='ltr'><strong>(onii,</strong></span> <span class='ocrx_word' id='word_1_799' title='bbox 1356 4901 1429 4972; x_wconf 82' lang='lat' dir='ltr'><strong>quod</strong></span> <span class='ocrx_word' id='word_1_800' title='bbox 1438 4901 1505 4969; x_wconf 88' lang='lat' dir='ltr'><strong>dun,</strong></span> <span class='ocrx_word' id='word_1_801' title='bbox 1521 4906 1547 4957; x_wconf 86' lang='grc' dir='ltr'><strong>ιι</strong></span> <span class='ocrx_word' id='word_1_802' title='bbox 1557 4916 1668 4958; x_wconf 83' lang='lat' dir='ltr'><strong>caerci-</strong></span> 
     </span>
     <span class='ocr_line' id='line_1_65' title="bbox 88 4973 1666 5057; baseline -0.008 -15"><span class='ocrx_word' id='word_1_803' title='bbox 88 4997 138 5042; x_wconf 88' lang='lat' dir='ltr'><strong>eos</strong></span> <span class='ocrx_word' id='word_1_804' title='bbox 158 4986 186 5040; x_wconf 94' lang='lat' dir='ltr'><strong>in</strong></span> <span class='ocrx_word' id='word_1_805' title='bbox 209 4985 413 5057; x_wconf 89' lang='lat' dir='ltr'><strong>Occidentalis,</strong></span> <span class='ocrx_word' id='word_1_806' title='bbox 428 4997 499 5056; x_wconf 92' lang='lat' dir='ltr'><strong>quos</strong></span> <span class='ocrx_word' id='word_1_807' title='bbox 515 4983 544 5037; x_wconf 94' lang='lat' dir='ltr'><strong>in</strong></span> <span class='ocrx_word' id='word_1_808' title='bbox 561 4981 639 5037; x_wconf 91' lang='lat' dir='ltr'><strong>notis</strong></span> <span class='ocrx_word' id='word_1_809' title='bbox 655 4979 795 5036; x_wconf 82' lang='lat' dir='ltr'><strong>sommier</strong></span> <span class='ocrx_word' id='word_1_810' title='bbox 848 4984 892 5034; x_wconf 86' lang='lat' dir='ltr'><strong>tiis</strong></span> <span class='ocrx_word' id='word_1_811' title='bbox 904 4978 967 5033; x_wconf 85' lang='lat' dir='ltr'><strong>belli</strong></span> <span class='ocrx_word' id='word_1_812' title='bbox 980 4978 1117 5043; x_wconf 79' lang='lat' dir='ltr'><strong>confector</strong></span> <span class='ocrx_word' id='word_1_813' title='bbox 1127 4975 1246 5029; x_wconf 77' lang='lat' dir='ltr'><strong>sesilliis</strong></span> <span class='ocrx_word' id='word_1_814' title='bbox 1260 4973 1410 5028; x_wconf 87' lang='lat' dir='ltr'><strong>obedirent.</strong></span> <span class='ocrx_word' id='word_1_815' title='bbox 1428 4976 1499 5030; x_wconf 88' lang='lat' dir='ltr'><strong>Bam</strong></span> <span class='ocrx_word' id='word_1_816' title='bbox 1514 4974 1603 5030; x_wconf 82' lang='lat' dir='ltr'><strong>Roma</strong></span> <span class='ocrx_word' id='word_1_817' title='bbox 1614 4973 1666 5030; x_wconf 94' lang='lat' dir='ltr'><strong>dl-</strong></span> 
     </span>
     <span class='ocr_line' id='line_1_66' title="bbox 88 5043 1665 5130; baseline -0.007 -18"><span class='ocrx_word' id='word_1_818' title='bbox 88 5071 104 5112; x_wconf 87' lang='lat' dir='ltr'><strong>i.</strong></span> <span class='ocrx_word' id='word_1_819' title='bbox 122 5054 134 5110; x_wconf 94' lang='grc'>1</span> <span class='ocrx_word' id='word_1_820' title='bbox 153 5072 240 5128; x_wconf 88' lang='lat' dir='ltr'><strong>snpra</strong></span> <span class='ocrx_word' id='word_1_821' title='bbox 249 5058 414 5125; x_wconf 90' lang='lat' dir='ltr'><strong>retulimus,</strong></span> <span class='ocrx_word' id='word_1_822' title='bbox 428 5070 462 5112; x_wconf 94' lang='lat' dir='ltr'><strong>ex</strong></span> <span class='ocrx_word' id='word_1_823' title='bbox 474 5052 793 5110; x_wconf 89' lang='lat' dir='ltr'><strong>illaramEcclesiarum</strong></span> <span class='ocrx_word' id='word_1_824' title='bbox 848 5050 980 5122; x_wconf 85' lang='lat' dir='ltr'><strong>greditur</strong></span> <span class='ocrx_word' id='word_1_825' title='bbox 1001 5046 1166 5130; x_wconf 30' lang='lat' dir='ltr'><strong>Polycletus·</strong></span> <span class='ocrx_word' id='word_1_826' title='bbox 1180 5044 1301 5101; x_wconf 89' lang='lat' dir='ltr'><strong>libertas</strong></span> <span class='ocrx_word' id='word_1_827' title='bbox 1315 5044 1436 5100; x_wconf 81' lang='lat' dir='ltr'><strong>cesaris</strong></span> <span class='ocrx_word' id='word_1_828' title='bbox 1453 5057 1528 5102; x_wconf 89' lang='lat' dir='ltr'><strong>anno</strong></span> <span class='ocrx_word' id='word_1_829' title='bbox 1547 5043 1579 5102; x_wconf 92' lang='lat' dir='ltr'><strong>6l</strong></span> <span class='ocrx_word' id='word_1_830' title='bbox 1600 5058 1665 5101; x_wconf 90' lang='lat' dir='ltr'><strong>cani</strong></span> 
     </span>
     <span class='ocr_line' id='line_1_67' title="bbox 88 5115 1666 5187; baseline -0.007 -3"><span class='ocrx_word' id='word_1_831' title='bbox 88 5129 162 5186; x_wconf 90' lang='lat' dir='ltr'><strong>entis</strong></span> <span class='ocrx_word' id='word_1_832' title='bbox 176 5142 209 5186; x_wconf 92' lang='lat' dir='ltr'><strong>ac</strong></span> <span class='ocrx_word' id='word_1_833' title='bbox 224 5128 433 5185; x_wconf 86' lang='lat' dir='ltr'><strong>traditionibus</strong></span> <span class='ocrx_word' id='word_1_834' title='bbox 447 5125 613 5183; x_wconf 89' lang='lat' dir='ltr'><strong>receusitos.</strong></span> <span class='ocrx_word' id='word_1_835' title='bbox 629 5123 670 5181; x_wconf 85' lang='lat' dir='ltr'><strong>hd</strong></span> <span class='ocrx_word' id='word_1_836' title='bbox 687 5123 794 5179; x_wconf 90' lang='lat' dir='ltr'><strong>Britan·</strong></span> <span class='ocrx_word' id='word_1_837' title='bbox 848 5122 945 5177; x_wconf 88' lang='lat' dir='ltr'><strong>eodem</strong></span> <span class='ocrx_word' id='word_1_838' title='bbox 967 5121 1072 5187; x_wconf 76' lang='lat' dir='ltr'><strong>ingenti</strong></span> <span class='ocrx_word' id='word_1_839' title='bbox 1092 5132 1210 5185; x_wconf 75' lang='lat' dir='ltr'><strong>agmine,</strong></span> <span class='ocrx_word' id='word_1_840' title='bbox 1240 5128 1333 5173; x_wconf 92' lang='lat' dir='ltr'><strong>nonne</strong></span> <span class='ocrx_word' id='word_1_841' title='bbox 1356 5115 1541 5173; x_wconf 88' lang='lat' dir='ltr'><strong>versabantur</strong></span> <span class='ocrx_word' id='word_1_842' title='bbox 1571 5117 1666 5173; x_wconf 87' lang='lat' dir='ltr'><strong>Bouiae</strong></span> 
     </span>
     <span class='ocr_line' id='line_1_68' title="bbox 92 5188 1666 5271; baseline -0.007 -16"><span class='ocrx_word' id='word_1_843' title='bbox 92 5212 138 5255; x_wconf 91' lang='lat' dir='ltr'><strong>am</strong></span> <span class='ocrx_word' id='word_1_844' title='bbox 163 5207 326 5271; x_wconf 86' lang='lat' dir='ltr'><strong>penetrasse</strong></span> <span class='ocrx_word' id='word_1_845' title='bbox 351 5200 441 5270; x_wconf 91' lang='lat' dir='ltr'><strong>(qaod</strong></span> <span class='ocrx_word' id='word_1_846' title='bbox 467 5200 617 5253; x_wconf 82' lang='lat' dir='ltr'><strong>luculenter</strong></span> <span class='ocrx_word' id='word_1_847' title='bbox 643 5200 795 5250; x_wconf 88' lang='lat' dir='ltr'><strong>astructam</strong></span> <span class='ocrx_word' id='word_1_848' title='bbox 847 5192 1005 5248; x_wconf 88' lang='lat' dir='ltr'><strong>christiani</strong></span> <span class='ocrx_word' id='word_1_849' title='bbox 1018 5188 1223 5259; x_wconf 88' lang='lat' dir='ltr'><strong>compluresde</strong></span> <span class='ocrx_word' id='word_1_850' title='bbox 1238 5188 1315 5242; x_wconf 88' lang='lat' dir='ltr'><strong>domo</strong></span> <span class='ocrx_word' id='word_1_851' title='bbox 1330 5188 1469 5243; x_wconf 74' lang='lat' dir='ltr'><strong>caesuris?</strong></span> <span class='ocrx_word' id='word_1_852' title='bbox 1484 5203 1502 5258; x_wconf 92' lang='lat' dir='ltr'><strong>q</strong></span> <span class='ocrx_word' id='word_1_853' title='bbox 1515 5201 1606 5246; x_wconf 88' lang='lat' dir='ltr'><strong>iorum</strong></span> <span class='ocrx_word' id='word_1_854' title='bbox 1619 5201 1666 5244; x_wconf 94' lang='lat' dir='ltr'><strong>no-</strong></span> 
     </span>
     <span class='ocr_line' id='line_1_69' title="bbox 88 5259 1664 5343; baseline -0.008 -17"><span class='ocrx_word' id='word_1_855' title='bbox 88 5286 138 5326; x_wconf 86' lang='lat' dir='ltr'><strong>nen</strong></span> <span class='ocrx_word' id='word_1_856' title='bbox 156 5273 197 5326; x_wconf 88' lang='lat' dir='ltr'><strong>ita</strong></span> <span class='ocrx_word' id='word_1_857' title='bbox 209 5272 317 5343; x_wconf 86' lang='lat' dir='ltr'><strong>pridem</strong></span> <span class='ocrx_word' id='word_1_858' title='bbox 333 5270 507 5326; x_wconf 84' lang='lat' dir='ltr'><strong>Veirdclinas</strong></span> <span class='ocrx_word' id='word_1_859' title='bbox 528 5267 659 5339; x_wconf 87' lang='lat' dir='ltr'><strong>affirmat)</strong></span> <span class='ocrx_word' id='word_1_860' title='bbox 679 5282 728 5337; x_wconf 93' lang='lat' dir='ltr'><strong>per</strong></span> <span class='ocrx_word' id='word_1_861' title='bbox 744 5267 795 5322; x_wconf 93' lang='lat' dir='ltr'><strong>hos</strong></span> <span class='ocrx_word' id='word_1_862' title='bbox 850 5265 935 5333; x_wconf 91' lang='lat' dir='ltr'><strong>mine,</strong></span> <span class='ocrx_word' id='word_1_863' title='bbox 950 5261 993 5318; x_wconf 87' lang='lat' dir='ltr'><strong>iel</strong></span> <span class='ocrx_word' id='word_1_864' title='bbox 1006 5261 1060 5317; x_wconf 93' lang='lat' dir='ltr'><strong>hoc</strong></span> <span class='ocrx_word' id='word_1_865' title='bbox 1071 5262 1169 5317; x_wconf 90' lang='lat' dir='ltr'><strong>eodem</strong></span> <span class='ocrx_word' id='word_1_866' title='bbox 1181 5272 1266 5329; x_wconf 91' lang='lat' dir='ltr'><strong>auno,</strong></span> <span class='ocrx_word' id='word_1_867' title='bbox 1281 5259 1323 5314; x_wconf 88' lang='lat' dir='ltr'><strong>rel</strong></span> <span class='ocrx_word' id='word_1_868' title='bbox 1338 5259 1468 5329; x_wconf 86' lang='lat' dir='ltr'><strong>proxime</strong></span> <span class='ocrx_word' id='word_1_869' title='bbox 1479 5260 1664 5343; x_wconf 85' lang='lat' dir='ltr'><strong>consequenti</strong></span> 
     </span>
     <span class='ocr_line' id='line_1_70' title="bbox 104 5330 1666 5414; baseline -0.008 -16"><span class='ocrx_word' id='word_1_870' title='bbox 104 5354 194 5398; x_wconf 92' lang='lat' dir='ltr'><strong>annos</strong></span> <span class='ocrx_word' id='word_1_871' title='bbox 210 5345 261 5414; x_wconf 93' lang='lat' dir='ltr'><strong>qiii</strong></span> <span class='ocrx_word' id='word_1_872' title='bbox 279 5344 308 5398; x_wconf 92' lang='lat' dir='ltr'><strong>in</strong></span> <span class='ocrx_word' id='word_1_873' title='bbox 323 5357 377 5398; x_wconf 79' lang='lat' dir='ltr'><strong>era</strong></span> <span class='ocrx_word' id='word_1_874' title='bbox 398 5342 506 5397; x_wconf 74' lang='lat' dir='ltr'><strong>tlhristi</strong></span> <span class='ocrx_word' id='word_1_875' title='bbox 522 5340 668 5396; x_wconf 92' lang='lat' dir='ltr'><strong>communi</strong></span> <span class='ocrx_word' id='word_1_876' title='bbox 692 5338 796 5394; x_wconf 90' lang='lat' dir='ltr'><strong>sabse-</strong></span> <span class='ocrx_word' id='word_1_877' title='bbox 851 5332 1000 5392; x_wconf 90' lang='lat' dir='ltr'><strong>Paulasab</strong></span> <span class='ocrx_word' id='word_1_878' title='bbox 1010 5332 1084 5389; x_wconf 88' lang='lat' dir='ltr'><strong>Urbe</strong></span> <span class='ocrx_word' id='word_1_879' title='bbox 1094 5331 1337 5388; x_wconf 87' lang='lat' dir='ltr'><strong>scribeassalatat</strong></span> <span class='ocrx_word' id='word_1_880' title='bbox 1357 5330 1554 5401; x_wconf 85' lang='lat' dir='ltr'><strong>Philippenses</strong></span> <span class='ocrx_word' id='word_1_881' title='bbox 1569 5343 1599 5386; x_wconf 93' lang='lat' dir='ltr'><strong>in</strong></span> <span class='ocrx_word' id='word_1_882' title='bbox 1612 5330 1666 5386; x_wconf 89' lang='lat' dir='ltr'><strong>fine</strong></span> 
     </span>
     <span class='ocr_line' id='line_1_71' title="bbox 88 5403 1685 5483; baseline -0.008 -14"><span class='ocrx_word' id='word_1_883' title='bbox 88 5426 109 5469; x_wconf 65' lang='lat' dir='ltr'><strong>ir</strong></span> <span class='ocrx_word' id='word_1_884' title='bbox 122 5427 156 5470; x_wconf 88' lang='lat' dir='ltr'><strong>ex</strong></span> <span class='ocrx_word' id='word_1_885' title='bbox 171 5413 206 5470; x_wconf 89' lang='grc'>60</span> <span class='ocrx_word' id='word_1_886' title='bbox 219 5414 301 5474; x_wconf 86' lang='grc' dir='ltr'>ιι63,</span> <span class='ocrx_word' id='word_1_887' title='bbox 319 5415 471 5471; x_wconf 89' lang='lat' dir='ltr'><strong>admodum</strong></span> <span class='ocrx_word' id='word_1_888' title='bbox 489 5412 634 5483; x_wconf 90' lang='lat' dir='ltr'><strong>probabile</strong></span> <span class='ocrx_word' id='word_1_889' title='bbox 649 5410 722 5464; x_wconf 91' lang='lat' dir='ltr'><strong>mihi</strong></span> <span class='ocrx_word' id='word_1_890' title='bbox 737 5409 796 5463; x_wconf 89' lang='lat' dir='ltr'><strong>red·</strong></span> <span class='ocrx_word' id='word_1_891' title='bbox 849 5406 995 5479; x_wconf 72' lang='lat' dir='ltr'><strong>epistolae:</strong></span> <span class='ocrx_word' id='word_1_892' title='bbox 1011 5405 1140 5459; x_wconf 83' lang='lat' dir='ltr'><strong>salutant</strong></span> <span class='ocrx_word' id='word_1_893' title='bbox 1155 5418 1200 5457; x_wconf 88' lang='lat' dir='ltr'><strong>cos</strong></span> <span class='ocrx_word' id='word_1_894' title='bbox 1215 5416 1305 5456; x_wconf 80' lang='lat' dir='ltr'><strong>omncs</strong></span> <span class='ocrx_word' id='word_1_895' title='bbox 1320 5404 1418 5465; x_wconf 88' lang='lat' dir='ltr'><strong>sancti,</strong></span> <span class='ocrx_word' id='word_1_896' title='bbox 1439 5403 1558 5456; x_wconf 76' lang='lat' dir='ltr'><strong>momine</strong></span> <span class='ocrx_word' id='word_1_897' title='bbox 1577 5406 1685 5477; x_wconf 35' lang='lat' dir='ltr'><strong>nutem,</strong></span> 
     </span>
     <span class='ocr_line' id='line_1_72' title="bbox 88 5472 1665 5558; baseline -0.007 -17"><span class='ocrx_word' id='word_1_898' title='bbox 88 5482 671 5542; x_wconf 84' lang='lat' dir='ltr'><strong>xoccasioneconstitucndistatiisillias</strong></span> <span class='ocrx_word' id='word_1_899' title='bbox 705 5480 797 5535; x_wconf 90' lang='lat' dir='ltr'><strong>roriu·</strong></span> <span class='ocrx_word' id='word_1_900' title='bbox 851 5482 899 5550; x_wconf 78' lang='lat' dir='ltr'><strong>qni·</strong></span> <span class='ocrx_word' id='word_1_901' title='bbox 922 5479 955 5532; x_wconf 88' lang='lat' dir='ltr'><strong>de</strong></span> <span class='ocrx_word' id='word_1_902' title='bbox 979 5476 1093 5533; x_wconf 80' lang='lat' dir='ltr'><strong>Gasaris</strong></span> <span class='ocrx_word' id='word_1_903' title='bbox 1114 5475 1194 5558; x_wconf 80' lang='lat' dir='ltr'><strong>domo</strong></span> <span class='ocrx_word' id='word_1_904' title='bbox 1217 5477 1289 5528; x_wconf 89' lang='lat' dir='ltr'><strong>sciit.</strong></span> <span class='ocrx_word' id='word_1_905' title='bbox 1313 5472 1391 5556; x_wconf 84' lang='lat' dir='ltr'><strong>Hanc</strong></span> <span class='ocrx_word' id='word_1_906' title='bbox 1409 5473 1486 5556; x_wconf 79' lang='lat' dir='ltr'><strong>enlm</strong></span> <span class='ocrx_word' id='word_1_907' title='bbox 1510 5472 1665 5544; x_wconf 81' lang='lat' dir='ltr'><strong>Epistulam</strong></span> 
     </span>
     <span class='ocr_line' id='line_1_73' title="bbox 88 5495 1666 5630; baseline -0.008 -16"><span class='ocrx_word' id='word_1_908' title='bbox 88 5557 175 5630; x_wconf 80' lang='lat' dir='ltr'><strong>ganda</strong></span> <span class='ocrx_word' id='word_1_909' title='bbox 188 5558 263 5626; x_wconf 91' lang='lat' dir='ltr'><strong>apud</strong></span> <span class='ocrx_word' id='word_1_910' title='bbox 277 5558 406 5613; x_wconf 87' lang='lat' dir='ltr'><strong>Tacitum</strong></span> <span class='ocrx_word' id='word_1_911' title='bbox 423 5556 576 5612; x_wconf 76' lang='lat' dir='ltr'><strong>trinalium</strong></span> <span class='ocrx_word' id='word_1_912' title='bbox 592 5552 643 5608; x_wconf 91' lang='lat' dir='ltr'><strong>lib.</strong></span> <span class='ocrx_word' id='word_1_913' title='bbox 664 5495 702 5605; x_wconf 49' lang='lat' dir='ltr'><strong>ff</strong></span> <span class='ocrx_word' id='word_1_914' title='bbox 711 5555 739 5606; x_wconf 93' lang='lat' dir='ltr'><strong>et</strong></span> <span class='ocrx_word' id='word_1_915' title='bbox 752 5548 795 5605; x_wconf 85' lang='grc'><strong>15.</strong></span> <span class='ocrx_word' id='word_1_916' title='bbox 852 5551 984 5623; x_wconf 88' lang='lat' dir='ltr'><strong>plerique</strong></span> <span class='ocrx_word' id='word_1_917' title='bbox 993 5549 1101 5616; x_wconf 90' lang='lat' dir='ltr'><strong>Patres,</strong></span> <span class='ocrx_word' id='word_1_918' title='bbox 1114 5552 1281 5617; x_wconf 79' lang='lat' dir='ltr'><strong>interpretes</strong></span> <span class='ocrx_word' id='word_1_919' title='bbox 1293 5550 1320 5600; x_wconf 90' lang='lat' dir='ltr'><strong>et</strong></span> <span class='ocrx_word' id='word_1_920' title='bbox 1332 5544 1464 5600; x_wconf 89' lang='lat' dir='ltr'><strong>historici</strong></span> <span class='ocrx_word' id='word_1_921' title='bbox 1475 5544 1603 5601; x_wconf 79' lang='lat' dir='ltr'><strong>ecclesie</strong></span> <span class='ocrx_word' id='word_1_922' title='bbox 1614 5545 1666 5602; x_wconf 90' lang='lat' dir='ltr'><strong>hoc</strong></span> 
     </span>
     <span class='ocr_line' id='line_1_74' title="bbox 88 5613 1669 5744; baseline -0.006 -61"><span class='ocrx_word' id='word_1_923' title='bbox 88 5628 245 5684; x_wconf 88' lang='lat' dir='ltr'><strong>avidimas</strong></span> <span class='ocrx_word' id='word_1_924' title='bbox 261 5630 290 5684; x_wconf 91' lang='lat' dir='ltr'><strong>in</strong></span> <span class='ocrx_word' id='word_1_925' title='bbox 307 5630 385 5684; x_wconf 91' lang='lat' dir='ltr'><strong>notis</strong></span> <span class='ocrx_word' id='word_1_926' title='bbox 403 5628 436 5683; x_wconf 91' lang='lat' dir='ltr'><strong>ad</strong></span> <span class='ocrx_word' id='word_1_927' title='bbox 455 5643 532 5682; x_wconf 87' lang='lat' dir='ltr'><strong>nam.</strong></span> <span class='ocrx_word' id='word_1_928' title='bbox 549 5622 574 5695; x_wconf 91' lang='grc'><strong>1,</strong></span> <span class='ocrx_word' id='word_1_929' title='bbox 591 5627 731 5693; x_wconf 87' lang='lat' dir='ltr'><strong>quantam</strong></span> <span class='ocrx_word' id='word_1_930' title='bbox 753 5620 798 5677; x_wconf 87' lang='lat' dir='ltr'><strong>fa·</strong></span> <span class='ocrx_word' id='word_1_931' title='bbox 852 5627 916 5693; x_wconf 89' lang='lat' dir='ltr'><strong>ipso</strong></span> <span class='ocrx_word' id='word_1_932' title='bbox 933 5633 1009 5677; x_wconf 93' lang='lat' dir='ltr'><strong>anuo</strong></span> <span class='ocrx_word' id='word_1_933' title='bbox 1024 5618 1070 5686; x_wconf 92' lang='grc'>61,</span> <span class='ocrx_word' id='word_1_934' title='bbox 1085 5617 1128 5701; x_wconf 82' lang='lat' dir='ltr'><strong>iel</strong></span> <span class='ocrx_word' id='word_1_935' title='bbox 1142 5618 1272 5687; x_wconf 89' lang='lat' dir='ltr'><strong>proximo</strong></span> <span class='ocrx_word' id='word_1_936' title='bbox 1286 5613 1330 5701; x_wconf 59' lang='lat'><strong>62,</strong></span> <span class='ocrx_word' id='word_1_937' title='bbox 1347 5615 1484 5744; x_wconf 46' lang='lat' dir='ltr'><strong>eccistam</strong></span> <span class='ocrx_word' id='word_1_938' title='bbox 1499 5614 1591 5673; x_wconf 88' lang='lat' dir='ltr'><strong>fuisse</strong></span> <span class='ocrx_word' id='word_1_939' title='bbox 1605 5621 1669 5673; x_wconf 89' lang='lat' dir='ltr'><strong>sla-</strong></span> 
     </span>
     <span class='ocr_line' id='line_1_75' title="bbox 88 5686 1668 5767; baseline -0.007 -11"><span class='ocrx_word' id='word_1_940' title='bbox 88 5699 260 5756; x_wconf 84' lang='lat' dir='ltr'><strong>saddiderit</strong></span> <span class='ocrx_word' id='word_1_941' title='bbox 275 5701 357 5755; x_wconf 88' lang='lat' dir='ltr'><strong>Petro</strong></span> <span class='ocrx_word' id='word_1_942' title='bbox 369 5713 403 5755; x_wconf 84' lang='lat' dir='ltr'><strong>ex</strong></span> <span class='ocrx_word' id='word_1_943' title='bbox 421 5699 502 5767; x_wconf 86' lang='lat' dir='ltr'><strong>Syria</strong></span> <span class='ocrx_word' id='word_1_944' title='bbox 518 5698 632 5751; x_wconf 75' lang='lat' dir='ltr'><strong>ftomam</strong></span> <span class='ocrx_word' id='word_1_945' title='bbox 647 5694 797 5750; x_wconf 85' lang='lat' dir='ltr'><strong>advenien·</strong></span> <span class='ocrx_word' id='word_1_946' title='bbox 852 5700 947 5760; x_wconf 90' lang='lat' dir='ltr'><strong>tanat,</strong></span> <span class='ocrx_word' id='word_1_947' title='bbox 959 5702 1068 5749; x_wconf 75' lang='lat' dir='ltr'><strong>amnon</strong></span> <span class='ocrx_word' id='word_1_948' title='bbox 1082 5689 1156 5745; x_wconf 91' lang='lat' dir='ltr'><strong>alias</strong></span> <span class='ocrx_word' id='word_1_949' title='bbox 1170 5690 1205 5745; x_wconf 90' lang='lat' dir='ltr'><strong>ad</strong></span> <span class='ocrx_word' id='word_1_950' title='bbox 1223 5689 1369 5759; x_wconf 83' lang='lat' dir='ltr'><strong>Ephesios,</strong></span> <span class='ocrx_word' id='word_1_951' title='bbox 1385 5700 1402 5743; x_wconf 89' lang='lat' dir='ltr'><strong>a</strong></span> <span class='ocrx_word' id='word_1_952' title='bbox 1436 5686 1626 5756; x_wconf 83' lang='lat' dir='ltr'><strong>colossenses,</strong></span> <span class='ocrx_word' id='word_1_953' title='bbox 1640 5695 1668 5745; x_wconf 89' lang='lat' dir='ltr'><strong>ot</strong></span> 
     </span>
     <span class='ocr_line' id='line_1_76' title="bbox 91 5758 1670 5841; baseline -0.008 -13"><span class='ocrx_word' id='word_1_954' title='bbox 91 5771 238 5841; x_wconf 86' lang='lat' dir='ltr'><strong>ospitandi</strong></span> <span class='ocrx_word' id='word_1_955' title='bbox 253 5771 376 5835; x_wconf 87' lang='lat' dir='ltr'><strong>indrbe,</strong></span> <span class='ocrx_word' id='word_1_956' title='bbox 390 5776 450 5826; x_wconf 92' lang='lat' dir='ltr'><strong>tum</strong></span> <span class='ocrx_word' id='word_1_957' title='bbox 461 5769 547 5823; x_wconf 89' lang='lat' dir='ltr'><strong>ctiam</strong></span> <span class='ocrx_word' id='word_1_958' title='bbox 558 5766 795 5837; x_wconf 80' lang='lat' dir='ltr'><strong>eiusdiscipalis,</strong></span> <span class='ocrx_word' id='word_1_959' title='bbox 851 5766 886 5822; x_wconf 90' lang='lat' dir='ltr'><strong>ad</strong></span> <span class='ocrx_word' id='word_1_960' title='bbox 900 5763 1079 5820; x_wconf 92' lang='lat' dir='ltr'><strong>Timotheum</strong></span> <span class='ocrx_word' id='word_1_961' title='bbox 1095 5760 1267 5819; x_wconf 89' lang='lat' dir='ltr'><strong>secundam:</strong></span> <span class='ocrx_word' id='word_1_962' title='bbox 1286 5760 1316 5815; x_wconf 92' lang='lat' dir='ltr'><strong>iu</strong></span> <span class='ocrx_word' id='word_1_963' title='bbox 1332 5772 1388 5832; x_wconf 93' lang='lat' dir='ltr'><strong>qua</strong></span> <span class='ocrx_word' id='word_1_964' title='bbox 1402 5770 1467 5815; x_wconf 87' lang='lat' dir='ltr'><strong>cam</strong></span> <span class='ocrx_word' id='word_1_965' title='bbox 1490 5758 1597 5816; x_wconf 80' lang='lat' dir='ltr'><strong>salutet</strong></span> <span class='ocrx_word' id='word_1_966' title='bbox 1612 5772 1670 5816; x_wconf 93' lang='lat' dir='ltr'><strong>no-</strong></span> 
     </span>
     <span class='ocr_line' id='line_1_77' title="bbox 88 5829 1684 5916; baseline -0.012 -17"><span class='ocrx_word' id='word_1_967' title='bbox 88 5842 161 5916; x_wconf 82' lang='lat' dir='ltr'><strong>gatls</strong></span> <span class='ocrx_word' id='word_1_968' title='bbox 178 5842 207 5898; x_wconf 90' lang='lat' dir='ltr'><strong>in</strong></span> <span class='ocrx_word' id='word_1_969' title='bbox 224 5841 392 5914; x_wconf 90' lang='lat' dir='ltr'><strong>perferendo</strong></span> <span class='ocrx_word' id='word_1_970' title='bbox 405 5839 559 5912; x_wconf 78' lang='lat' dir='ltr'><strong>Evangelio</strong></span> <span class='ocrx_word' id='word_1_971' title='bbox 577 5838 611 5895; x_wconf 90' lang='lat' dir='ltr'><strong>ad</strong></span> <span class='ocrx_word' id='word_1_972' title='bbox 628 5845 726 5911; x_wconf 84' lang='lat' dir='ltr'><strong>gentes</strong></span> <span class='ocrx_word' id='word_1_973' title='bbox 786 5853 799 5894; x_wconf 90' lang='lat' dir='ltr'><strong>r</strong></span> <span class='ocrx_word' id='word_1_974' title='bbox 853 5838 929 5893; x_wconf 90' lang='lat' dir='ltr'><strong>mine</strong></span> <span class='ocrx_word' id='word_1_975' title='bbox 942 5832 1061 5903; x_wconf 84' lang='lat' dir='ltr'><strong>Bubali,</strong></span> <span class='ocrx_word' id='word_1_976' title='bbox 1073 5831 1221 5903; x_wconf 89' lang='lat' dir='ltr'><strong>Pudentis,</strong></span> <span class='ocrx_word' id='word_1_977' title='bbox 1235 5831 1312 5903; x_wconf 87' lang='lat' dir='ltr'><strong>Lini,</strong></span> <span class='ocrx_word' id='word_1_978' title='bbox 1324 5836 1353 5887; x_wconf 90' lang='lat' dir='ltr'><strong>et</strong></span> <span class='ocrx_word' id='word_1_979' title='bbox 1364 5829 1684 5889; x_wconf 69' lang='lat' dir='ltr'><strong>claudlesecsxmxex-</strong></span> 
     </span>
     <span class='ocr_line' id='line_1_78' title="bbox 88 5851 1709 5989; baseline -0.015 -17"><span class='ocrx_word' id='word_1_980' title='bbox 88 5913 172 5972; x_wconf 85' lang='lat' dir='ltr'><strong>itales</strong></span> <span class='ocrx_word' id='word_1_981' title='bbox 186 5913 302 5989; x_wconf 90' lang='lat' dir='ltr'><strong>imperil</strong></span> <span class='ocrx_word' id='word_1_982' title='bbox 318 5911 491 5986; x_wconf 82' lang='lat' dir='ltr'><strong>provincias,</strong></span> <span class='ocrx_word' id='word_1_983' title='bbox 507 5910 674 5969; x_wconf 80' lang='lat' dir='ltr'><strong>convocatio</strong></span> <span class='ocrx_word' id='word_1_984' title='bbox 689 5851 798 5967; x_wconf 55' lang='lat' dir='ltr'><strong>illaffi-</strong></span> <span class='ocrx_word' id='word_1_985' title='bbox 851 5907 990 5983; x_wconf 86' lang='lat' dir='ltr'><strong>santinm,</strong></span> <span class='ocrx_word' id='word_1_986' title='bbox 1014 5916 1129 5983; x_wconf 83' lang='lat' dir='ltr'><strong>possem</strong></span> <span class='ocrx_word' id='word_1_987' title='bbox 1150 5903 1186 5962; x_wconf 88' lang='lat' dir='ltr'><strong>ln</strong></span> <span class='ocrx_word' id='word_1_988' title='bbox 1204 5902 1342 5973; x_wconf 63' lang='lat' dir='ltr'><strong>tumtum</strong></span> <span class='ocrx_word' id='word_1_989' title='bbox 1359 5901 1499 5983; x_wconf 78' lang='lat' dir='ltr'><strong>prolerre</strong></span> <span class='ocrx_word' id='word_1_990' title='bbox 1517 5893 1709 5956; x_wconf 59' lang='lat' dir='ltr'><strong>monosterii</strong></span> 
     </span>
    </p>
   </div>
   <div class='ocr_carea' id='block_1_3' title="bbox 0 0 1955 6132">
    <p class='ocr_par' dir='ltr' id='par_1_3' title="bbox 0 0 1955 6132">
     <span class='ocr_line' id='line_1_79' title="bbox 0 0 1955 6132; baseline 0 0"><span class='ocrx_word' id='word_1_991' title='bbox 0 0 1955 6132; x_wconf 95' lang='lat' dir='ltr'><strong> </strong></span> 
     </span>
    </p>
   </div>
  </div>
 </body>
</html>
