3892 6136
373 303 509 363 chauri
527 303 760 364 comunimus.
774 332 811 346 -
822 304 1006 361 adhucdum
1025 303 1198 362 montaum.
1588 303 1645 365 986

109 427 201 481 restes
228 438 298 481 auro
323 429 498 498 argentoque
519 432 620 499 textas,
643 439 764 483 coronas
778 423 809 484 Α
820 426 892 495 regii
908 425 1101 481 cimeliarchii
1117 426 1212 497 llagni
1227 427 1315 483 liucrs
1327 440 1466 496 impresso
1480 441 1496 484 a
1510 433 1643 484 senatore

98 506 133 551 ac
148 496 272 565 pensiles
290 495 458 554 fibulatoria
476 505 625 570 gemmata,
646 503 764 554 senato-
818 495 954 567 Philippo
969 497 1116 553 Bonarrnti
1132 499 1161 551 in
1173 497 1373 552 eruditissima
1383 497 1544 568 appendice
1557 499 1591 555 ad
1603 504 1643 558 vi·

88 578 141 631 eos,
157 567 398 632 triumphantium
417 569 554 639 palmatas
568 582 602 625 ac
615 570 764 634 imperan-
819 572 895 623 treas
908 567 1048 638 imagines
1057 570 1296 635 ooemeteriorum,
1313 576 1341 624 et
1358 568 1387 623 in
1400 566 1480 637 aliis,
1492 567 1528 624 ab
1543 571 1641 629 eodem

88 650 185 705 puram
201 651 256 707 qua
273 640 483 707 episcoporum.
500 653 553 710 qua
570 640 760 706 sacerdotum,
819 638 966 705 indicatis,
981 652 1081 708 nempe
1093 652 1127 693 ex
1142 651 1240 709 regum
1252 638 1378 695 Francia
1391 640 1465 695 Gaza
1475 640 1642 710 antiquaria

88 712 180 763 tarum
202 709 300 776 capiti,
328 709 458 779 pedihus.
481 711 619 777 humeris,
641 711 761 779 pectori,
817 708 1197 779 aduminoducangeediti
1215 710 1244 766 iu
1259 708 1640 768 dissertdeinieriorisarvi

88 791 202 847 ppensa,
216 780 306 835 veluti
322 779 414 847 spolia
430 781 715 850 praeclarissimorum
731 781 761 835 ιιι
819 779 1053 849 numismatibus,
1075 789 1102 835 ιι
1118 781 1147 834 ιιι
1166 781 1330 837 Divioneusi
1352 780 1464 836 domini
1477 781 1512 835 de
1527 781 1641 843 blanca

96 862 246 904 munerum
258 850 401 919 eleganter
410 854 569 921 composita
582 852 613 908 iu
624 859 762 921 tropeum
818 852 850 905 li.
864 849 899 905 de
915 850 1053 907 Partiual.
1073 851 1182 907 inserto
1194 850 1270 908 libro
1284 853 1317 907 de
1334 853 1457 908 Utilitute
1479 853 1639 907 itinerandi.

88 918 173 984 tristi,
189 921 368 977 sacerdotum
384 922 513 978 humeris
530 924 564 979 ad
581 923 654 979 hanc
668 935 761 978 arcem
817 921 954 977 Universa
965 921 1024 977 haec
1038 928 1221 978 monumenta
1232 925 1421 980 llomanorum
1433 921 1642 991 sculpturaaut

88 990 257 1045 'liernsalem
272 993 468 1062 importunum.
819 991 932 1059 pictura
953 991 1096 1049 efformata
1115 992 1199 1049 uobis
1225 993 1387 1060 insinuani,
1405 992 1471 1047 illas
1488 995 1641 1061 pectorales

89 1060 204 1117 oloeus
227 1063 345 1118 daretur
372 1070 553 1132 opportunus
574 1063 761 1121 enumerandi
817 1064 921 1129 fuscius
948 1063 1071 1133 primum
1096 1061 1186 1120 fuisse
1212 1064 1307 1119 limbos
1323 1079 1378 1138 seu,
1395 1064 1485 1117 clueas
1512 1079 1640 1133 ριιηιιινι

88 1132 234 1203 asingula
251 1134 377 1197 levitica,
393 1135 584 1191 sacerdotalia
597 1141 625 1190 et
641 1134 763 1205 pontili-
818 1139 956 1187 contectos
979 1140 1008 1189 et
1028 1140 1142 1190 assutos
1164 1148 1221 1190 orae
1240 1141 1382 1203 togarum,
1406 1134 1482 1190 uude
1501 1139 1641 1203 praeteria

88 1214 142 1258 :ros
155 1202 184 1256 iu
199 1218 270 1258 usus
285 1205 340 1261 rite
353 1205 475 1261 deducta
489 1207 594 1274 partim
608 1204 644 1262 ab
660 1205 762 1260 imita-
818 1210 890 1273 toga
907 1203 1123 1276 magistratibus
1139 1204 1297 1274 majoribus
1311 1206 1384 1262 daec
1402 1206 1638 1260 dicunturetiam

88 1273 140 1328 inae
163 1273 361 1331 iustitutionis
378 1275 431 1330 suh
452 1278 545 1332 l’eteri
571 1278 760 1340 Testamento,
817 1280 910 1329 stante
922 1275 1070 1344 republica
1088 1280 1116 1331 et
1130 1274 1184 1331 suh
1203 1275 1363 1333 Cesaribus
1386 1278 1447 1338 llll,
1464 1275 1568 1331 sacculo
1583 1288 1639 1332 au-

88 1358 100 1399 ι
120 1344 279 1413 apostolica
295 1346 452 1402 traditione
472 1346 526 1403 suh
547 1349 634 1414 Novo,
652 1353 703 1403 aut
725 1359 760 1402 ex
817 1349 873 1400 iem
897 1344 1038 1415 proximo.
1066 1346 1178 1402 scilicet
1201 1346 1424 1411 Antoninorum,
1448 1347 1555 1399 ιιιιονιι
1569 1347 1640 1399 ciani

88 1417 761 1486 isuccessorumpontificumeiconeiliorumin
818 1421 889 1485 toga
902 1417 1047 1472 attexendi
1065 1430 1136 1472 usus
1152 1418 1285 1485 invaluit,
1303 1418 1460 1487 praesertim
1483 1429 1540 1485 qua
1560 1421 1640 1484 parte

88 1484 152 1541 esim
168 1486 293 1541 nitidius
304 1487 512 1556 explicantium
527 1489 662 1559 mysteria
679 1495 762 1557 pote-
817 1487 925 1557 pectori
936 1487 1502 1558 ethumeriscircumlusatogadeceuter
1514 1489 1544 1540 in
1555 1487 1638 1542 sinus

91 1555 183 1611 bristo
195 1557 316 1613 Domino
330 1557 389 1613 sibi
404 1564 433 1613 et
447 1560 581 1615 Ecclesiae
601 1558 760 1623 attributae,
815 1555 1053 1625 complicabatur.
1069 1559 1223 1630 Progressa
1243 1562 1381 1628 temporis
1392 1560 1473 1630 (puta
1499 1555 1553 1611 suh
1568 1558 1639 1612 Tre-

88 1639 177 1697 puam,
201 1628 320 1683 daretur
346 1629 394 1684 hic
417 1636 599 1698 opportunus
621 1630 672 1686 illa
699 1631 761 1692 ipsa
816 1628 941 1684 honiauo
955 1628 1038 1685 Gallo
1061 1634 1089 1683 et
1104 1630 1267 1685 consecutis
1290 1626 1522 1700 imperatoribus)
1545 1628 1639 1695 Purp-

88 1696 135 1752 udi.
149 1697 200 1752 Sed
213 1698 763 1771 modusbrevitatisProlegomenisim·
815 1701 886 1766 picci
904 1702 992 1768 operis
1014 1701 1119 1767 fuscia,
1140 1700 1226 1766 limbi,
1248 1700 1329 1767 eloai,
1352 1700 1544 1756 assuebantur
1566 1705 1637 1768 togae

99 1767 141 1822 ire
157 1782 206 1836 per
230 1768 344 1851 singula
362 1784 416 1825 uon
433 1772 584 1840 permittit,
603 1772 760 1841 prasertim
776 1783 803 1842 Β
817 1770 946 1839 palmatae
954 1770 1117 1826 consularis
1129 1783 1288 1839 processus,
1301 1773 1343 1826 uti
1354 1772 1463 1827 nummi
1474 1768 1637 1839 complures

88 1838 200 1906 rdepeti
213 1849 350 1904 possunta
364 1840 565 1911 liturgicarum
581 1857 674 1899 rerum
690 1844 760 1898 scri·
816 1842 1010 1909 prohautcum
1022 1841 1187 1910 hujusmodi
1203 1842 1367 1912 insignibus
1377 1841 1563 1897 l'rihoniano.
1574 1839 1638 1894 Gal-

88 1909 275 1979 ieritioribus,
285 1915 313 1965 ei
325 1914 607 1983 sacraantiquitatis
617 1915 759 1983 exposito·
815 1913 853 1980 lo,
868 1912 1034 1978 Aureliano,
1050 1911 1150 1976 Probo,
1165 1913 1269 1968 Carino
1286 1912 1476 1980 Diocletiano,
1491 1910 1638 1966 Maximia-

88 1981 361 2049 eraequeorigineset
374 1982 548 2039 incrementa
562 1984 602 2040 rel
617 1985 758 2040 vestiaria
814 1996 851 2037 no
863 1996 896 2039 ac
916 1983 1028 2039 Licinio
1043 1984 1117 2048 cusi,
1135 1983 1292 2053 prasertim
1307 1983 1487 2055 integerrimi
1499 1994 1573 2052 quos
1586 1994 1637 2036 as-

88 2049 179 2106 ahicos
192 2052 446 2108 Ecclesiaeordines
456 2055 636 2123 pertinentis,
649 2056 684 2111 de
697 2057 759 2126 qui·
812 2060 905 2111 servat
930 2054 1004 2110 Gaea
1033 2055 1199 2126 antiquaria
1228 2054 1451 2111 eminentissimi
1480 2050 1638 2109 cardinalis

88 2120 421 2191 ihilatiigimusiniraiu
436 2125 552 2181 notisad
567 2126 756 2183 &zosimum
815 2125 967 2181 alexandri
981 2124 1095 2191 Albani,
1120 2131 1148 2180 et
1169 2126 1326 2182 ostendunt
1347 2124 1483 2196 diptycha
1499 2122 1636 2191 superius

88 2192 258 2247 umcoutulit
272 2193 306 2247 ad
325 2194 383 2249 haec
398 2193 570 2251 illustranda
585 2198 758 2254 eruditusiu
815 2195 1487 2266 ludimus,quaeaconsulibusdistrihuehantur,
1496 2200 1525 2249 et
1534 2193 1637 2247 amicis

88 2261 179 2345 rlptor
193 2263 220 2316 P.
242 2262 400 2320 Alexander
419 2265 607 2323 Wiltbemius
621 2282 678 2324 soc.
693 2271 758 2327 lesu
815 2265 1225 2336 irausmittebanturtanquam
1237 2268 1411 2337 apophoreta
1429 2268 1459 2322 iu
1470 2263 1636 2320 memoriam

96 2346 126 2388 ιιι
141 2347 194 2388 suo
207 2335 338 2402 lippticho
350 2337 492 2391 leodiensi
502 2352 536 2390 ea
556 2341 696 2393 eoitsuiori
707 2344 760 2409 se·
813 2340 886 2411 gesti
902 2338 1089 2407 magistratus
1102 2352 1136 2393 ac
1148 2351 1298 2394 munerum
1318 2337 1471 2394 editorum.

88 2403 147 2457 mii.
162 2405 247 2459 Plura
259 2407 435 2475 congerenda
448 2414 633 2475 snprpeierent
650 2423 684 2465 ex
703 2425 759 2467 ne-
848 2409 960 2464 Rursus
979 2414 1157 2479 perspectum
1176 2414 1220 2464 est
1241 2414 1355 2465 nostros
1374 2406 1555 2463 Christianos
1581 2416 1637 2458 au-

89 2472 273 2556 bratiouihus
287 2475 322 2530 de
338 2477 433 2540 mitra,
453 2478 550 2547 pallio,
569 2493 619 2535 sen
635 2481 757 2553 Phrygio
812 2481 931 2545 tistites,
944 2485 1005 2535 tum
1019 2480 1049 2534 iu
1060 2479 1186 2537 Oriente.
1196 2487 1257 2534 lum
1272 2480 1302 2535 in
1314 2479 1478 2544 Occidente,
1488 2484 1544 2531 tam
1560 2475 1637 2530 inira

88 2558 108 2613 r,
124 2546 273 2616 sacrisque
288 2547 427 2612 vestibus,
438 2548 507 2604 olim
522 2555 619 2619 parata
632 2552 711 2621 prelo
726 2554 757 2608 in
812 2552 932 2607 horuiaui
948 2550 1063 2619 imperii
1074 2551 1335 2621 duosquementra,
1349 2556 1450 2620 praeier
1464 2546 1564 2603 civilia
1577 2558 1637 2600 cor·

88 2618 209 2671 nesacri
226 2617 355 2685 corproris
368 2619 397 2672 Β.
416 2621 516 2675 leonis
529 2621 635 2691 Magni,
652 2636 701 2678 nec
714 2631 757 2679 ta·
814 2637 875 2691 porr
892 2622 1060 2677 indumenta
1075 2635 1139 2691 quac
1154 2622 1305 2677 nationum
1321 2635 1392 2676 usus
1414 2616 1576 2675 cummunis
1592 2614 1637 2671 ie-

88 2708 102 2741 ι.
119 2687 219 2742 Verum
242 2688 374 2743 materies
387 2703 451 2745 cum
464 2690 503 2745 sit
519 2704 569 2759 par
581 2695 661 2760 operi
672 2694 757 2763 iustae
812 2692 892 2749 rebat
903 2699 931 2747 et
943 2691 1101 2748 moderatio
1116 2690 1305 2762 professionis
1326 2697 1431 2747 nostrae
1449 2685 1634 2758 approbabat,

88 2758 264 2825 crepuscula
276 2759 488 2829 Prolegomenis
502 2762 653 2819 inserenda
662 2764 756 2820 locum
814 2762 1089 2834 philosophicisnon
1100 2763 1258 2819 dissimilia
1268 2764 1347 2832 (puta
1359 2761 1458 2832 pallia,
1468 2773 1529 2815 sive
1542 2758 1637 2813 homo·

88 2826 235 2885 tllnicum
246 2842 280 2884 ex
293 2830 330 2884 iis
342 2829 460 2901 seligam
471 2832 637 2889 adnotatum
647 2835 681 2891 ad
695 2836 761 2892 illu·
816 2834 917 2903 pharia
929 2833 1272 2903 communla‚quaeetiam
1289 2831 1423 2888 mafortes
1433 2843 1491 2887 aevo
1506 2828 1635 2899 sequiori

89 2898 760 2976 historiamacindiciumpotestatissigniilcatae
814 2905 891 2960 dicta
907 2909 985 2969 sunt,
1001 2909 1030 2957 et
1051 2903 1146 2958 hirrus
1164 2904 1270 2967 laneos,
1291 2909 1319 2959 et
1345 2904 1477 2973 vulgares
1502 2898 1634 2967 tunicas),

88 2982 119 3024 um
134 2975 163 3024 et
176 2970 329 3040 Phrygium
350 2972 533 3040 pontiacale:
549 2976 624 3042 qnod
647 2977 760 3044 primus
815 2974 951 3030 hahuisse
966 2976 1096 3044 quaedam
1111 2975 1238 3046 insignia
1252 2974 1406 3030 sacerdotii
1423 2972 1635 3028 sacristantum

89 3053 153 3095 cam
170 3039 274 3097 referat
292 3042 347 3097 aS.
366 3043 460 3099 hiarco
476 3044 610 3111 pontifice
631 3047 760 3104 attribu·
815 3046 917 3102 usibus
927 3043 1101 3111 adhihenda,
1112 3056 1145 3098 ex
1156 3045 1268 3100 divinis
1280 3046 1387 3101 litieris
1402 3044 1555 3114 utriusque
1564 3042 1636 3095 Tes-

88 3122 147 3178 opio
161 3109 298 3193 Ostiensi,
326 3119 424 3182 utpote
446 3115 566 3182 praedito
578 3118 643 3184 jure
655 3130 797 3204 conse-C
816 3115 946 3180 lamenti,
962 3115 1153 3170 Pentateucho
1167 3116 1284 3171 scilicet
1298 3123 1326 3171 et
1333 3115 1503 3184 Apocalypsi
1521 3121 1553 3169 ut
1568 3111 1637 3179 plu-

88 3181 337 3245 ntiiicrsliomani.
348 3185 463 3254 aliaque
473 3195 654 3242 monumenta
664 3189 758 3244 ecole-
814 3185 1063 3251 rimumdeducta,
1078 3198 1141 3253 quae
1155 3186 1336 3241 munditiaet
1347 3186 1537 3254 simplicitate
1546 3187 1574 3262 et
1583 3193 1632 3249 pa·

88 3253 193 3309 looeaut
217 3255 419 3311 transmissum
447 3254 538 3311 luisse
554 3257 757 3329 heatoCyrillo
814 3257 896 3313 randi
922 3256 1062 3311 l'acilitate
1079 3256 1355 3311 commendarentur.
1384 3256 1512 3324 Quorum
1536 3251 1635 3320 aliqua

88 3342 90 3375 ι
105 3323 163 3378 as.
178 3322 331 3380 Caelestino
345 3338 425 3395 papa,
444 3335 475 3381 ιιι
487 3327 637 3394 Ephesinae
649 3330 757 3399 synodo
811 3328 965 3399 attigimus
988 3326 1018 3381 in
1033 3326 1111 3380 notis
1134 3327 1168 3380 ad
1200 3326 1232 3380 il.
1261 3326 1427 3391 zosimnm3
1450 3326 1490 3379 ita
1514 3320 1636 3403 lacobus

88 3394 297 3462 repraesideret,
314 3402 344 3450 et
355 3396 391 3451 ab
401 3396 470 3451 aliis
481 3398 629 3454 Caelestini
640 3414 757 3457 succes·
812 3397 961 3468 apostolus
973 3411 1044 3453 usus
1058 3397 1169 3451 dicitur
1179 3395 1215 3451 ab
1230 3397 1352 3452 Eusebio
1367 3394 1496 3451 vestibus
1508 3394 1596 3449 lineus
1608 3397 1636 3446 et

88 3476 220 3520 incessum
233 3467 406 3534 primatibus
420 3467 575 3535 palliumet
588 3471 758 3540 metropoli·
775 3526 783 3546 Ι
812 3469 930 3525 iroutali
944 3468 1051 3524 lamiua
1066 3481 1118 3522 seu
1134 3467 1239 3535 petalo,
1259 3481 1343 3549 quem
1364 3466 1450 3522 etiam
1465 3467 1589 3520 loannes
1605 3463 1634 3517 ιιι

88 3540 277 3591 nomasstnum
291 3538 348 3591 Vei.
363 3539 753 3612 disciplparteuiih.ucap.
811 3541 879 3596 haia
904 3545 1028 3609 gestasse
1048 3538 1183 3593 traditur.
1209 3537 1299 3594 Pallia
1316 3539 1377 3593 sive
1399 3534 1586 3605 homophoria
1608 3538 1637 3588 et

88 3617 140 3661 tarn
156 3607 270 3676 insigne
281 3609 431 3676 potestatis
443 3610 554 3664 collatae
569 3625 656 3680 supra
676 3626 757 3668 com·
812 3612 885 3667 hirri
901 3611 1057 3679 pastorales
1072 3622 1105 3664 ac
1118 3608 1280 3665 dalmaticae
1293 3610 1322 3664 in
1336 3609 1415 3664 dotis
1428 3605 1564 3678 Cypriani
1582 3617 1638 3659 me-

88 3677 127 3744 mi
142 3685 193 3731 aut
209 3679 598 3749 prouinciaeepiseopos:aiii
609 3696 675 3739 vero
686 3697 758 3739 con·
813 3691 961 3737 morantur
971 3686 999 3735 et
1008 3681 1113 3736 tunicae
1124 3678 1259 3735 trabeatae
1271 3679 1331 3736 sive
1347 3679 1446 3735 iasciis
1461 3675 1634 3746 quibusdam

88 3746 334 3804 llexandrinorum
356 3750 523 3819 pontificum
540 3752 627 3821 pallia
643 3754 683 3809 ita
697 3768 758 3810 esse
812 3753 958 3809 distinctae
968 3751 1104 3806 visuntur
1119 3752 1147 3805 ιιι
1159 3750 1368 3806 vetustissimis
1378 3760 1525 3804 sacrorum
1537 3757 1637 3827 coeme·

90 3818 152 3874 edis
163 3818 247 3874 illius
261 3818 438 3890 fundationi,
450 3829 480 3876 ιιι
493 3824 589 3878 mosiu
602 3824 758 3880 illaEccle-
814 3825 952 3878 teriorum
969 3820 1147 3889 imaginihus
1162 3834 1195 3877 ex
1206 3822 1307 3877 vitreis
1318 3821 1437 3877 laminis
1452 3817 1501 3875 uhi
1511 3814 1634 3886 apostola

88 3890 114 3944 it
127 3890 221 3958 ipsum
232 3889 305 3945 beati
318 3893 403 3947 hiarci
416 3889 536 3960 pallium
548 3894 675 3963 singulis
687 3911 759 3951 sue·
814 3897 1055 3964 repraesentantur
1076 3899 1106 3948 et
1119 3892 1175 3948 viri
1191 3892 1354 3962 apostolici.
1372 3891 1436 3946 liaec
1450 3900 1517 3945 vero
1539 3887 1636 3942 moui-

88 3960 137 4015 sin
154 3961 215 4028 ipsa
226 3963 440 4018 consecratione
453 3963 609 4033 induendi,
625 3965 683 4020 haec
693 3979 758 4021 om·
814 3973 907 4020 menta
921 3962 1108 4032 comprobant
1129 3963 1278 4033 palliorum
1292 3979 1354 4018 mos
1374 3968 1399 4017 ei
1414 3962 1572 4016 ianuarum
1585 3972 1636 4040 cof

91 4043 158 4086 mac
169 4031 492 4103 Phrygiumepiscopale
503 4034 664 4091 innumeris
675 4051 757 4106 qua-
808 4039 882 4105 pitiu
905 4034 966 4089 sive
988 4034 1161 4091 insertiones
1179 4035 1258 4097 colli,
1284 4048 1340 4090 non
1360 4046 1443 4089 secus
1461 4045 1495 4088 ac
1515 4031 1636 4110 aaronis

91 4100 230 4157 subdunt.
811 4107 950 4161 humerale
975 4105 1149 4160 instructum
1170 4108 1269 4174 capitio
1291 4105 1472 4169 castilionis
1494 4117 1527 4156 uc
1548 4101 1636 4154 terrie

88 4185 160 4228 unes
179 4173 300 4229 dissolvi
326 4188 407 4244 posse
447 4182 566 4232 autumo
602 4185 756 4247 conspectu
810 4169 1635 4246 sacerdotalibusqueetiamadhibebanturadlrontalem

88 4242 250 4314 aliquarum
262 4246 420 4313 imaginum
430 4262 502 4317 quas
513 4262 546 4304 ex
563 4249 754 4306 Romanorum
811 4249 948 4304 laminam
963 4247 1013 4301 Dei
1028 4248 1135 4303 uonine
1149 4248 1319 4316 inscriptam
1329 4247 1420 4302 cidari
1430 4240 1634 4323 colligandam,

88 4314 209 4382 picturis
229 4316 369 4371 Camillus
387 4320 546 4374 cardinalis
560 4321 595 4374 de
623 4322 755 4376 llaximis
812 4320 941 4390 quaedam
955 4326 1123 4375 ornamenta
1146 4320 1336 4376 constituisse
1356 4315 1525 4389 pontiacum
1548 4312 1637 4367 Chri-

88 4385 144 4454 git,
160 4386 189 4441 in
207 4388 364 4443 lectissimo
381 4388 462 4444 illius
473 4390 671 4445 cimeliarchio
683 4405 757 4447 com·
811 4389 1070 4455 stianorum,oiroa
1086 4391 1220 4446 humeros
1231 4390 1389 4458 prasertim
1406 4397 1434 4443 ιι
1448 4392 1556 4456 pectus,
1572 4394 1635 4464 qua

88 4469 176 4512 uuum
198 4459 336 4525 codicem,
352 4459 565 4530 elegantissime
579 4461 754 4518 delineatum
811 4462 929 4516 reducto
944 4474 1031 4529 supra
1047 4469 1133 4528 caput
1147 4463 1247 4529 capitio
1263 4461 1334 4514 hina·
1350 4455 1526 4513 sacerdotalis
1547 4460 1635 4510 cuam

88 4528 218 4585 ariorum
233 4528 331 4597 dpelle
347 4530 428 4586 Petro
442 4534 543 4586 sancte
558 4532 675 4588 Bartoli.
692 4535 754 4599 Duo
769 4510 795 4568 D
810 4535 899 4586 irritare
913 4533 1055 4600 specimen
1068 4529 1228 4586 referebant
1243 4531 1337 4600 3nuod
1352 4541 1461 4598 possem
1473 4538 1528 4581 uon
1541 4523 1635 4580 solum

91 4612 158 4655 unm
176 4602 365 4655 Romanorum
382 4602 506 4657 conutilia
522 4603 567 4656 his
587 4603 616 4657 in
634 4605 756 4672 picturis
810 4604 910 4663 dictis,
924 4602 1067 4657 sedetiam
1079 4602 1201 4656 vetustis
1212 4598 1389 4671 imaginibus
1401 4594 1599 4665 comprobare.

88 4686 108 4727 .r
120 4672 189 4741 (Tul
204 4673 272 4727 lllet
284 4670 339 4741 llll.
351 4673 481 4744 Singulis
494 4674 626 4742 presidet
637 4675 755 4731 concilii
847 4676 897 4729 llis
906 4673 999 4741 igitur
1012 4668 1473 4739 iudicationibuscompendiariis
1483 4677 1633 4746 munerum

91 4742 202 4811 adjecto
217 4743 371 4810 dignitatis
386 4745 471 4800 ιιιιιιο
485 4746 633 4800 Plldhslis
646 4745 674 4799 in
688 4760 755 4815 uno,
813 4744 1025 4816 pontihciorum
1041 4741 1173 4798 deductis
1187 4741 1223 4796 ab
1233 4740 1418 4796 institutione
1428 4749 1574 4793 sacrarum
1590 4736 1636 4791 ht·

88 4825 118 4868 ro
132 4812 284 4868 PthsEs
302 4814 457 4870 CONlell.
475 4817 527 4871 ilic
548 4829 613 4870 vero
624 4831 725 4883 praeses
740 4831 756 4872 a
798 4826 937 4877 ,terarum
950 4820 1007 4868 eta
1021 4813 1166 4868 communi
1183 4813 1333 4867 nationum
1348 4811 1492 4868 cultarum
1506 4822 1562 4890 usu
1577 4819 1634 4889 uon

88 4882 755 4956 unibusdiserimiuanturornamentosingulari
810 4884 1044 4946 abhorrentibus,
1063 4883 1190 4953 insignia
1202 4882 1362 4938 Christiani
1378 4880 1532 4936 saeerdntu
1547 4883 1634 4933 etiam

100 4955 177 5010 circa
189 4956 306 5025 «zoilum,
324 4957 503 5013 humerosae
517 4964 625 5027 pectus,
641 4970 696 5012 non
707 4970 756 5012 se-
812 4954 1100 5025 prioriousleeeiesiae
1109 4951 1493 5010 saeculisconstituehantur.
1502 4949 1595 5018 Quare
1604 4949 1633 5004 iu

87 5025 137 5081 llia
155 5040 303 5083 sacrorum
324 5029 500 5090 antistitum,
518 5029 674 5098 praesertim
690 5041 755 5083 vero
812 5028 934 5083 musivis
945 5024 1122 5098 imaginihus
1134 5024 1263 5081 basilicae
1275 5025 1443 5090 Liberianae,
1457 5034 1506 5092 per
1519 5020 1634 5076 sixtum

88 5111 107 5166 ι,
133 5100 227 5166 quasi,
251 5099 280 5153 ιιι
299 5112 405 5154 morem
426 5102 521 5167 [eseiae
550 5101 667 5167 latioris,
693 5112 755 5168 qum
810 5096 1016 5154 tertiumeirca
1031 5095 1255 5166 initiumquiuti
1269 5095 1497 5163 saeculicaratis,
1511 5104 1633 5164 quarum

88 5181 166 5224 uanos
176 5171 575 5240 loticiaoiinomeuobtinuit,
588 5181 615 5227 et
629 5171 658 5225 in
673 5183 755 5225 conr-
809 5171 907 5225 icones
920 5167 1094 5224 exhibentur
1108 5168 1138 5223 in
1154 5168 1231 5223 notis
1252 5168 1286 5223 ad
1302 5169 1365 5237 ejus
1382 5165 1486 5227 Vitam,
1501 5163 1635 5219 sacerdos

88 5241 169 5294 etiam
193 5242 332 5310 clypeatis
348 5241 526 5311 imaginihus
542 5244 752 5298 Antoninorum
807 5243 857 5296 Dei
874 5239 981 5295 summi
996 5238 1203 5295 Melchisedech
1219 5240 1307 5308 pallio
1330 5244 1358 5293 et
1370 5238 1471 5307 capitio
1482 5237 1633 5304 purpureis

100 5310 354 5382 subsequeuchus,
372 5313 542 5382 uitandaque
556 5328 636 5383 pura,
658 5327 754 5396 quau·
809 5313 898 5367 limbis
920 5314 1087 5370 lemniadum,
1106 5315 1131 5364 ei
1149 5312 1270 5379 pectora!
1284 5310 1371 5380 fibula
1389 5311 1524 5377 gemmata
1544 5318 1634 5375 supra

88 5396 127 5437 rm
143 5395 195 5438 acu
218 5384 293 5452 picta
309 5399 359 5440 seu
380 5384 530 5454 phrygiata
553 5386 749 5453 exprimitur:
807 5390 934 5439 sternam
958 5383 1077 5437 astricto
1095 5388 1214 5437 ornatus
1237 5381 1400 5447 exhibetur,
1423 5391 1480 5433 nou
1494 5389 1578 5432 secus
1600 5389 1635 5432 ac

88 5453 253 5510 nsnlarihus
276 5455 423 5526 diptychis
436 5470 451 5508 a
465 5457 646 5510 Constantini
670 5461 752 5510 aetate
809 5455 949 5525 imagines
964 5451 1128 5521 pontiacum
1148 5458 1308 5507 nostrarum
1329 5453 1357 5506 iu
1376 5448 1496 5506 basilica
1506 5448 1534 5505 S.
1553 5446 1634 5503 Pauli

88 5523 473 5582 eexhibeturacuvariataet
486 5526 643 5596 phrygiata,
657 5540 752 5595 quern-
806 5528 902 5582 eodem
915 5525 1017 5594 quinto
1036 5522 1140 5578 saeculo
1160 5524 1328 5593 procedente
1343 5520 1396 5578 suh
1423 5523 1511 5575 Leone
1532 5520 1633 5591 llagno

99 5603 227 5665 spectare
241 5598 308 5653 licet
332 5599 360 5653 ιιι
382 5599 516 5668 imagine,
531 5610 615 5664 uuam
640 5611 751 5666 appmum
805 5597 936 5667 uepicue,
950 5602 977 5650 et
991 5596 1054 5650 ictu
1068 5595 1110 5649 Pii
1124 5595 1187 5664 ejus
1198 5595 1325 5652 nominis
1345 5593 1432 5663 primi
1449 5592 1478 5646 in
1494 5596 1631 5647 coemete-

88 5680 142 5722 sex
153 5669 323 5726 wilthemio
333 5683 438 5725 excusa
449 5668 517 5738 (Tiro
528 5669 570 5735 ιι)
581 5668 655 5736 apud
668 5682 750 5738 quem
807 5670 862 5724 riis
874 5673 1030 5737 martyrum
1044 5666 1135 5722 multo
1147 5672 1213 5722 ante
1228 5666 1363 5732 colorata,
1374 5663 1459 5733 cujus
1477 5668 1575 5733 typum
1586 5674 1631 5715 ex·

88 5752 147 5808 une
167 5740 324 5810 diptychou
344 5742 523 5796 Bituriceuse
544 5739 634 5794 simili
649 5745 751 5795 ornaiu
808 5740 943 5795 cudimus
955 5739 985 5794 in
1002 5740 1066 5807 ejus
1085 5739 1160 5808 Vita,
1177 5750 1286 5793 necnon
1310 5736 1459 5792 beatorum
1472 5731 1588 5789 Damasi
1603 5739 1632 5786 et

88 5818 271 5880 epraeseutat,
282 5811 520 5882 quemadmodum
533 5819 561 5866 ιι
572 5811 602 5866 in
616 5812 752 5881 diptycho
805 5812 891 5882 Sinti,
908 5824 923 5867 e
940 5810 1027 5867 vitris
1051 5809 1279 5867 ooemetcriorum
1299 5806 1465 5878 delineatae,
1491 5817 1567 5875 uuas
1584 5800 1637 5854 hic
