3892 6136
128 266 198 328 4449

763 269 941 327 anastasii
960 265 1235 325 nietiotnscnnn

1702 328 1708 332 ,
1765 264 1832 324 tiso

128 398 187 456 lius
207 412 299 458 annos
322 397 365 469 44,
392 413 502 457 4333333
515 397 543 462 3.
562 396 668 456 343344
685 413 720 456 34
734 397 869 456 omnibus
884 410 948 453 mo-
963 395 994 458 A
1009 412 1145 469 ronymus
1163 398 1193 453 in
1208 396 1302 470 elogio
1324 395 1462 453 Philonis.
1479 397 1547 452 4444
1562 409 1623 467 433
1635 402 1768 468 3333434,
1787 397 1834 454 iii-

128 473 278 529 numentis
292 471 408 528 deduci.

162 542 230 599 Dies
241 544 371 614 martyrii
381 541 398 600 5
408 544 548 612 43333444,
564 557 619 614 4433
632 543 749 611 33444444,
760 540 900 612 spectabit
915 540 949 596 34

127 615 262 671 33333433
272 615 339 670 3334
358 612 596 670 l380amerinum
610 615 768 686 eth'igrum
782 633 789 683 3
803 627 867 669 cum
883 625 951 682 343-

128 686 231 741 cedens
250 687 418 743 consulatus
433 687 554 742 4333443
570 700 588 741 n
601 692 629 742 et
647 686 757 741 Balbini
776 694 949 754 postremum

130 761 243 826 tempus
268 758 401 813 rasi-hale
418 758 594 813 demonstret
615 758 788 812 celebratum
806 761 954 811 constante

132 828 195 883 Vita
220 829 410 895 Telesphori:
436 836 463 883 ct
494 829 599 884 Pascha
628 830 751 898 primum
774 828 951 899 assignatum

130 901 286 957 successori
303 900 411 969 Hygino
426 913 473 968 per
486 899 646 971 catalogum
661 899 764 954 Telicis
777 899 810 953 444
822 897 896 968 (nam
909 896 953 952 43-

128 984 203 1026 3433
220 971 351 1039 34334334
363 972 389 1025 43
405 984 576 1042 cognoscere
592 973 621 1025 in
634 969 805 1039 tiberiano),
822 966 953 1039 praeierat

128 1043 261 1097 consules
273 1042 415 1097 indicatos
430 1043 498 1097 anni
516 1038 566 1098 438
580 1043 614 1096 Ni
638 1056 700 1097 rum
716 1049 744 1096 et
758 1042 949 1096 Camerinum.

129 1113 168 1168 En
187 1113 235 1169 die
247 1112 505 1184 igiturstanuarit
523 1113 591 1168 anni
610 1110 620 1167 4
672 1112 882 1168 retrocedentes
903 1124 952 1179 per

128 1196 218 1240 annos
239 1185 370 1240 undecim
387 1183 506 1254 solidos,
522 1198 632 1240 menses
647 1192 715 1252 tres,
728 1184 791 1239 dies
806 1184 832 1237 vi
856 1182 908 1237 inti
924 1188 951 1237 et

128 1199 950 1381 3333433433314434334343333344,3343333433344443334·

96 1349 99 1355 ·
126 1325 304 1382 dinationem
333 1328 411 1383 34333
422 1323 950 1396 peractamdieDominicaldseptem·

127 1396 267 1454 brisanni
284 1396 344 1465 446,
358 1400 426 1454 44343
436 1397 625 1454 etdmbibulo
636 1411 709 1453 3333.
723 1397 852 1453 semestri
863 1395 951 1451 leriae

1009 472 1085 541 quit,
1098 470 1180 525 talem
1191 468 1314 535 primum
1325 469 1354 524 in
1366 467 1482 525 Christo
1491 468 1674 525 credentium
1686 467 1781 526 luisse
1791 470 1835 525 Ee·

1009 541 1124 598 clesiam
1140 541 1239 610 quales
1252 554 1329 596 nunc
1351 539 1482 595 monachi
1498 552 1562 595 esse
1575 540 1724 606 visuntur,
1740 546 1770 597 et
1782 555 1834 598 cu-

1010 613 1101 682 piunt,
1120 619 1151 667 ut
1162 610 1235 666 nihil
1246 613 1417 682 cujusquam
1426 610 1634 681 propriumsit.
1648 612 1752 669 nullus
1764 613 1835 668 inter

1008 697 1056 739 eos
1087 684 1178 750 dives,
1212 683 1312 738 nullus
1341 696 1458 752 pauper,
1488 683 1663 752 patrimonia
1683 683 1834 750 egentibus

1008 756 1183 820 dividantur,
1205 754 1329 810 orationi
1344 761 1467 817 4333434,
1494 759 1522 810 34
1547 754 1678 824 33344343,
1697 756 1834 812 doctrine

1008 840 1122 897 quoque
1141 833 1169 881 et
1184 825 1390 893 continentiae,
1411 826 1511 896 quales
1525 829 1554 881 et
1569 826 1661 882 Lucas
1678 824 1768 883 refert
1783 827 1834 896 pri·

1009 912 1084 954 mum
1102 896 1305 967 Hierosolymis
1316 895 1404 952 luisse
1415 897 1594 953 credentes.»
1607 897 1748 969 viguisse
1762 912 1832 969 quo-

1007 983 1063 1037 que
1072 969 1101 1023 in
1113 966 1561 1038 ludaeaeadeinatateapostolica
1570 969 1832 1025 Essenorumasce·

1006 1045 1099 1096 tarum
1125 1040 1235 1110 copiam
1253 1039 1413 1095 luculenter
1432 1039 1718 1098 ostenditnaroniiis
1730 1041 1767 1096 ad
1782 1054 1831 1096 33-

1006 1124 1074 1167 num
1090 1108 1134 1178 64,
1148 1111 1260 1166 43443443
1273 1111 1452 1182 argumentis
1464 1111 1658 1178 comprobans
1668 1122 1774 1168 contra
1787 1114 1832 1168 No

1004 1188 1314 1250 iratorumcominenta,
1332 1181 1483 1252 plerosque
1505 1183 1638 1250 illorum,
1655 1184 1708 1254 qui
1725 1183 1832 1240 alese-

1007 1254 1060 1323 333
1076 1254 1240 1315 laudantur,
1252 1252 1341 1309 luisse
1353 1254 1540 1318 Christianos,
1554 1267 1588 1311 ex
1598 1254 1771 1311 ludaeorum
1785 1257 1831 1311 Es-

1004 1326 1082 1380 senis
1096 1325 1210 1396 quidem
1225 1337 1386 1390 conversos,
1403 1338 1495 1394 neque
1506 1325 1655 1382 habendos
1667 1327 1756 1382 illius
1768 1328 1832 1383 anti·

1004 1398 1134 1467 quitatis,
1151 1410 1236 1466 quam
1261 1397 1372 1453 Plinius
1387 1403 1414 1451 et
1428 1396 1546 1453 Solinus
1561 1397 1667 1454 iisdem
1683 1396 1829 1468 affingunt,

1004 1469 1052 1523 sed
1074 1469 1148 1524 circa
1162 1474 1272 1522 aetatem
1286 1468 1394 1523 Christi
1407 1468 1531 1538 Domini,
1547 1474 1576 1524 et
1597 1470 1728 1525 Herodis
1743 1470 1829 1539 Hagoi

127 1469 221 1594 spatio
230 1475 381 1540 antequam
394 1470 493 1525 844433
503 1471 639 1539 martyrio
648 1475 844 1525 coronaretur.
857 1468 950 1537 Quare

129 1538 136 1593 4
155 1541 200 1595 434
228 1548 364 1597 semestre
385 1541 511 1610 spatium
534 1542 659 1612 exegerit
674 1541 748 1596 84444
774 1540 902 1595 44434433
923 1549 950 1594 34
1004 1539 1631 1609 ascriptiiribustantummodomemoratos:
1646 1541 1698 1610 qui
1711 1554 1831 1597 cumea

126 1612 285 1680 3443343434,
302 1625 378 1668 34343
392 1613 464 1667 33443
477 1610 640 1682 4434333434
655 1620 794 1682 33343343
809 1612 838 1666 43
851 1623 950 1680 33433-
1004 1617 1079 1667 43433
1101 1612 1262 1667 ludaeorum
1286 1617 1378 1666 sectas
1401 1610 1603 1680 superioribus
1626 1611 1767 1668 aetatibus
1785 1613 1830 1668 de-

126 1683 326 1739 cutionibusa
348 1683 534 1740 rontihcibus
551 1684 695 1752 llomanis,
713 1689 744 1738 ut
759 1681 947 1752 episcopalem
1003 1682 1128 1738 scribere
1144 1696 1198 1739 non
1220 1682 1379 1748 omiserint,
1396 1682 1430 1737 de
1454 1683 1499 1738 liis
1519 1696 1554 1739 ne
1581 1683 1707 1739 verbum
1726 1685 1829 1755 quidem

126 1754 256 1810 ordinem
272 1770 325 1812 suo
348 1756 460 1811 4433443
475 1753 647 1823 3334344334,
661 1754 697 1812 33
711 1768 813 1810 causas
825 1754 882 1822 jani
900 1753 949 1808 in-
964 1776 989 1836 B
1004 1752 1161 1836 proterunt.
1178 1755 1246 1809 cum
1270 1767 1335 1809 vero
1359 1755 1394 1809 de
1414 1755 1531 1810 Essenis
1555 1753 1689 1812 fateatur
1712 1755 1829 1818 Solinus,

125 1824 236 1882 dicatas
253 1828 281 1882 in
295 1825 754 1899 adnotationibuschronologicis
765 1827 799 1882 ad
814 1827 906 1881 Vitam
918 1824 946 1891 8,
1003 1825 1139 1881 interiora
1156 1826 1259 1882 444333
1278 1824 1344 1881 44433
1359 1825 1451 1881 334343
1468 1826 1607 1894 34334433
1626 1827 1735 1883 morali
1748 1827 1829 1882 disei-

126 1896 261 1967 Eiaristi,
276 1912 394 1954 numero
408 1897 433 1953 4.
1005 1897 1093 1963 34433,
1106 1897 1282 1953 recessissea
1296 1897 1355 1953 ritu
1367 1898 1493 1967 gentium
1506 1897 1730 1959 universarum.
1742 1911 1828 1954 434343

161 1968 299 2026 3433443
323 1970 397 2026 Sinti
414 1970 505 2026 sedern
523 1969 710 2040 apostolicam
725 1982 840 2024 vacasse
862 1964 949 2022 refert
1003 1968 1159 2038 3333344443
1183 1968 1329 2033 33443343,
1352 1969 1643 2037 pecuniamnescire.
1673 1969 1780 2038 palmis
1793 1969 1828 2024 ii-

125 2040 212 2096 codex
229 2044 438 2098 anastasianus
452 2040 671 2097 biduotantum.
688 2043 749 2097 4433
761 2041 852 2112 igitur
864 2038 948 2094 cliro·
1003 2039 1113 2104 etitare,
1128 2046 1155 2095 et
1168 2040 1308 2110 plurimos
1322 2039 1451 2110 undique
1466 2041 1598 2110 gentium
1615 2041 1652 2096 ad
1667 2054 1721 2096 eos
1737 2055 1825 2111 prope·

126 2113 240 2167 3343443
258 2114 431 2195 assignanda
443 2115 499 2169 erit
516 2113 698 2182 Telesphoro.
1004 2124 1084 2166 rare:
1099 2124 1189 2181 neque
1205 2118 1298 2167 tamen
1316 2111 1406 2166 ullum
1423 2111 1546 2181 admitti,
1570 2112 1631 2167 nisi
1647 2126 1736 2183 quein
1751 2112 1828 2169 casti-

161 2182 242 2239 Anno
266 2185 374 2240 Christi
401 2183 462 2248 446,
485 2179 949 2252 dieuominicaloseptembris,
1004 2182 1071 2237 tatis
1097 2182 1165 2239 sides
1187 2188 1214 2237 et
1242 2182 1411 2238 4333333443
1440 2184 1572 2239 meritum
1612 2191 1826 2254 prosequatur,

126 2251 198 2309 llero
217 2259 244 2309 et
259 2255 412 2311 Ambibulo
427 2271 513 2324 coss,
529 2257 682 2312 ordinatur
696 2257 859 2325 episcopus.
1002 2254 1067 2323 jure
1083 2253 1233 2308 Annalium
1249 2254 1388 2323 parensin
1405 2254 1446 2309 343
1460 2255 1630 2326 recognovit
1643 2255 1825 2321 Christianos,

161 2322 951 2400 Annoproximoliidie'o'hprilis,eligitursuccessor
1004 2326 1037 2380 33
1064 2325 1146 2380 43343
1169 2323 1286 2381 lucilius
1306 2326 1457 2394 perductos
1481 2340 1516 2381 34
1541 2327 1726 2382 Essenorum
1752 2333 1824 2391 33443,

125 2394 210 2464 84444,
226 2395 314 2454 34333
325 2404 390 2453 3343
402 2400 538 2469 martyrio
551 2399 692 2456 coronati.
1006 2409 1088 2466 43343
1101 2410 1135 2452 34
1149 2397 1260 2452 caeteris
1274 2396 1349 2464 apud
1361 2397 1473 2452 ludaeos
1487 2403 1557 2453 4333
1573 2398 1759 2469 vigentibus.
1775 2399 1824 2453 8444

160 2466 242 2523 44333
256 2466 316 2538 438,
332 2467 406 2525 dieii
419 2471 560 2541 43333444,
575 2470 724 2526 Camerino
737 2477 765 2527 34
777 2471 864 2541 Nigro
875 2482 948 2524 3333.
1007 2468 1096 2538 igitur
1119 2467 1312 2537 Telesphorus
1336 2469 1506 2524 anachoreta
1527 2468 1725 2526 Christianus
1751 2468 1825 2525 luerit

128 2536 255 2606 (Niqrom
279 2541 425 2596 consulem
447 2542 539 2611 aliqui
565 2542 710 2611 appellant
733 2542 882 2623 4434344434,
900 2554 949 2610 343
1004 2551 1038 2593 ci·
1064 2538 1210 2608 prioribus
1233 2539 1291 2595 illis
1310 2539 1431 2596 consilia
1453 2540 1628 2612 Evangelica
1646 2540 1784 2611 protessis
1801 2541 1824 2595 44

125 2607 241 2689 §bristo
254 2612 409 2675 occiditur,
429 2621 595 2682 3334344333
613 2610 654 2680 ll,
673 2611 824 2678 34333333,
839 2608 945 2666 343344
1002 2610 1108 2678 43433,
1136 2617 1185 2666 334
1210 2611 1391 2666 Alexandriae
1414 2610 1467 2667 sub
1493 2612 1650 2682 apostolis,
1680 2619 1710 2670 34
1735 2615 1822 2678 443433,

127 2693 271 2748 43333333
286 2683 517 2738 administrando
541 2683 719 2753 episcopatui
743 2686 878 2746 44343333,
900 2696 950 2752 334
1003 2682 1062 2737 3443
1076 2683 1247 2737 3333334343
1273 2683 1396 2753 primum
1420 2683 1682 2741 interludaeorum
1706 2685 1823 2751 Essenos,

126 2751 250 2817 primum
273 2753 388 2823 quidem
413 2762 547 2809 semestre
576 2755 682 2809 vicaria
709 2760 847 2824 potestate
873 2753 948 2808 illia
1003 2753 1036 2807 33
1061 2767 1133 2822 quos
1158 2754 1287 2823 undique
1316 2755 1444 2824 gentium
1465 2755 1693 2819 convolabatur,
1710 2756 1823 2826 adeoque

123 2820 204 2878 84443
228 2823 340 2890 3344343,
360 2824 471 2896 reliquo
497 2838 561 2880 4343
577 2832 702 2894 tempore
721 2839 737 2880 a
758 2826 832 2881 Siiiti
850 2830 947 2893 morte,
1002 2830 1029 2879 et
1053 2825 1114 2892 ipse
1131 2826 1286 2880 adveniens
1310 2825 1413 2881 illuce
1434 2826 1544 2881 Gracia
1574 2826 1760 2895 perfectioris
1772 2828 1823 2881 vite

123 2898 151 2947 et
166 2893 202 2949 ab
216 2894 355 2951 electione
367 2898 400 2951 ad
423 2897 618 2966 pontiticatum
637 2896 803 2967 maximum,
820 2896 862 2953 uti
878 2911 948 2952 suc·
1003 2896 1100 2950 stuilio
1116 2910 1145 2950 se
1156 2896 1401 2966 illisadJ'uniierit,
1419 2909 1482 2951 moii
1498 2897 1608 2953 certior
1622 2896 1724 2954 lactus
1735 2905 1823 2954 nostia

123 2977 220 3021 cessor
232 2967 317 3037 Petri,
336 2975 363 3023 et
375 2968 450 3023 84344
467 2968 496 3023 43
512 2968 646 3023 cathedra
660 2969 795 3023 Romana.
1004 2966 1190 3050 prolessionis
1217 2969 1244 3024 43
1283 2967 1380 3024 333343
1411 2967 1519 3022 Christi
1552 2981 1617 3023 eam
1654 2969 1824 3025 adinvenerit

1002 3039 1114 3165 4434
1133 3039 1296 3164 litata
1322 3039 1824 3168 larranaactasavistc

160 3181 246 3236 linea
272 3179 300 3237 4.
318 3212 355 3223 -
376 3184 421 3237 Ec
434 3183 614 3238 Aiiochorttu.
642 3185 741 3240 Fuisse
760 3182 947 3240 anachoretas
963 3163 985 3223 C
1001 3187 1065 3237 ctus
1084 3181 1112 3236 iii
1141 3182 1193 3237 bac
1212 3183 1337 3238 Humana
1361 3181 1427 3238 sede
1441 3180 1476 3237 ab
1495 3190 1616 3239 auctore
1645 3183 1720 3241 libri
1736 3182 1823 3239 43344-

122 3252 383 3324 3434343433344344
409 3267 491 3311 nemo
513 3257 668 3325 negaverit,
693 3255 742 3326 qui
765 3255 893 3310 attendat
911 3268 946 3310 34
1002 3252 1104 3308 433443.

123 3323 285 3406 Evangelio,
297 3331 363 3381 3343
373 3326 718 3395 praedicationemdhristi
729 3326 947 3392 Domini,loan·
1038 3325 1123 3378 Linea
1137 3321 1164 3377 4.
1188 3354 1225 3364 -
1239 3325 1289 3378 Hic
1307 3325 1447 3378 constituit
1474 3328 1505 3378 ut
1523 3331 1631 3395 septem
1652 3325 1823 3384 hebdomadas

124 3407 185 3448 3343
203 3396 285 3451 444433
308 3410 511 3466 precursorem
527 3398 632 3454 deserti
648 3398 784 3466 accolam,
798 3412 868 3453 zona
885 3397 947 3464 pel-
1001 3399 1064 3450 onte
1085 3395 1190 3449 Pascha
1205 3396 1355 3464 jejunium,
1377 3402 1431 3450 343.
1452 3401 1476 3450 44
1499 3397 1602 3451 44444344·
1626 3402 1741 3454 mmihi
1757 3403 1824 3453 444444

123 3463 195 3520 44333
208 3468 386 3523 succinctum
403 3467 526 3538 lumbos,
541 3475 569 3524 et
581 3470 701 3524 locustis
713 3483 746 3524 33
761 3468 842 3524 433443
857 3469 947 3524 34443-
1000 3469 1089 3521 4444333
1098 3467 1306 3532 celebrarentur,
1321 3473 1374 3522 etc.
1390 3468 1456 3521 Tam
1470 3467 1637 3525 cardinalis
1651 3469 1822 3526 baroniusad

122 3538 175 3591 stri
194 3536 294 3594 lamein
310 3539 466 3610 sedantem,
488 3547 571 3596 antra
586 3541 691 3596 deserti
711 3540 825 3596 subisse
840 3541 947 3595 teneris
1001 3551 1106 3593 annum
1122 3535 1182 3603 454,
1197 3552 1275 3593 num.
1287 3536 1315 3602 4,
1333 3551 1416 3608 quam
1427 3537 1574 3594 altaserra
1586 3541 1624 3596 ad
1642 3541 1720 3597 hanc
1731 3540 1824 3598 sectio-

122 3608 176 3663 sub
187 3611 280 3665 annis.
292 3611 425 3679 Ejusdem
439 3612 651 3682 certeenemplo
662 3614 757 3667 Patres
770 3612 945 3671 attribuunt.
1002 3623 1064 3665 nem
1076 3610 1257 3665 anastasiani
1270 3617 1364 3665 434433
1375 3609 1537 3679 4433344334,
1549 3611 1703 3681 4343343444
1715 3612 1822 3683 Quadra·

121 3687 149 3734 34
157 3694 222 3735 cum
237 3680 284 3737 his
295 3682 428 3738 catholici
439 3696 545 3744 omnes,
558 3685 698 3756 originem
710 3685 775 3739 4443
784 3684 948 3738 3433334433
1001 3681 1115 3753 gesimae
1132 3694 1260 3736 manasse
1274 3694 1308 3735 34
1322 3680 1478 3749 34433434433
1493 3681 1703 3753 433444344333,
1720 3685 1748 3741 43
1761 3688 1822 3738 atte-

122 3752 196 3820 34433
230 3752 430 3809 Christianos:
462 3768 545 3824 quem
574 3763 721 3824 propterea
743 3754 945 3811 monachorum
1001 3750 1146 3808 stantibus
1164 3751 1522 3808 oraterliusebiumetiam
1540 3752 1821 3826 pluribusepiscopis

125 3822 284 3891 principem
311 3824 448 3881 dixerunt
475 3825 522 3879 88.
542 3826 663 3881 4333333
681 3825 901 3898 Chrysostomus
920 3833 948 3880 34
1001 3823 1119 3880 3334334
1134 3823 1232 3879 saeculi
1244 3823 1355 3879 343343
1367 3824 1574 3892 scribentibus,
1589 3839 1623 3882 se
1636 3827 1668 3883 id
1686 3826 1821 3884 traditione

122 3890 329 3963 Hieronymus:
343 3894 453 3964 aliique
466 3895 557 3952 simili
569 3897 662 3968 elogio
675 3899 883 3961 commendant,
899 3897 947 3952 vi·
1001 3894 1179 3966 precepisse.
1201 3895 1276 3964 3334
1293 3896 1422 3951 eumdem
1443 3895 1603 3952 Eusebium
1623 3898 1679 3954 lib.
1696 3913 1726 3967 4,
1746 3898 1820 3961 Hist,

122 3961 208 4019 33334
224 3965 299 4033 3333
315 3965 468 4022 Duronium
478 3967 513 4023 ad
529 3981 635 4022 annuin
648 3968 755 4025 Christi
771 3967 817 4030 34,
833 3982 860 4022 3.
874 3964 907 4022 44
919 3973 948 4023 34
1000 3980 1062 4035 333.
1078 3963 1123 4034 44,
1137 3965 1185 4022 334
1196 3979 1249 4022 333
1260 3966 1352 4022 solum
1366 3967 1488 4038 questio
1501 3975 1564 4024 3434
1578 3969 1617 4024 43
1632 3967 1819 4027 4333333344.

125 4028 170 4087 45.
190 4033 363 4103 Quinetiam
379 4036 499 4093 divinus
515 4039 574 4108 ipse
586 4046 741 4109 preceptor
754 4047 850 4096 noster
858 4039 946 4094 Chri·
1000 4051 1097 4093 verum
1114 4037 1198 4092 etiam
1215 4038 1251 4093 de
1262 4038 1368 4108 jejunii
1383 4040 1527 4094 varietate
1555 4040 1693 4110 singulis
1705 4036 1821 4098 nectum

122 4109 186 4159 stus
210 4106 360 4174 Dominus,
377 4109 420 4163 uti
448 4108 586 4165 virtutum
604 4112 733 4167 omnium
756 4110 946 4179 exemplaret
1000 4124 1030 4166 se
1046 4109 1119 4164 tueri
1135 4107 1348 4165 affirmantibus
1371 4109 1501 4179 proprios
1524 4110 1616 4178 ritus,
1634 4113 1673 4167 ab
1699 4108 1820 4183 apostolis

123 4186 232 4257 norma,
250 4177 289 4231 443
310 4179 384 4233 33443
402 4180 431 4233 43
446 4179 558 4235 4333443
571 4194 657 4249 agens
675 4197 724 4252 per
739 4184 802 4239 4433
818 4181 945 4250 4433443-
1000 4186 1144 4249 33333433.
1170 4177 1249 4247 0333
1267 4185 1361 4235 autem
1381 4183 1484 4236 attinet
1510 4182 1547 4237 34
1569 4183 1820 4239 33343433334433

123 4251 202 4315 ginta
216 4247 331 4303 videtur
344 4249 506 4305 insinuasse
520 4252 585 4306 4443
605 4253 744 4308 solitariae
766 4254 943 4321 institutum,
1001 4253 1095 4307 434333
1120 4251 1265 4306 sacrificio
1290 4251 1459 4309 celebrando
1475 4252 1602 4322 primum
1631 4256 1790 4312 destinatas
1808 4262 1820 4303 3

122 4323 273 4387 antequam
301 4320 400 4375 334443
428 4328 564 4391 34333343
592 4323 683 4378 33434.
712 4323 805 4391 Quare
824 4324 946 4378 Basilius
999 4323 1180 4393 Telesphoro,
1197 4323 1283 4393 idque
1299 4324 1495 4379 tantummodo
1510 4325 1541 4378 in
1559 4325 1721 4383 Dominico
1736 4321 1819 4384 334344,

123 4399 210 4459 agens
223 4391 258 4446 33
275 4390 410 4449 43334333
423 4396 521 4460 343344,
539 4393 588 4449 334
612 4408 673 4449 eam
686 4395 896 4450 commendavit
910 4394 946 4449 ab
1001 4395 1085 4465 quasi
1098 4402 1180 4449 antea
1198 4394 1306 4449 nemini
1323 4394 1420 4451 liceret
1433 4394 1602 4451 3343433434
1622 4400 1743 4454 tertiam
1760 4407 1820 4468 pie-

124 4462 262 4543 exemplis
280 4465 394 4534 Moysis,
410 4463 487 4529 Eliae,
499 4463 596 4533 Elisei,
613 4473 640 4520 et
655 4467 773 4522 loannis
786 4480 948 4536 praecurso·
1001 4473 1109 4522 vertere
1121 4466 1149 4520 in
1161 4466 1256 4521 missae
1268 4465 1467 4534 celebratione,
1482 4467 1605 4548 opponit
1617 4469 1726 4526 merito
1739 4465 1820 4524 43434-

124 4543 174 4600 443,
194 4532 374 4605 aliorumque
385 4537 597 4605 prophetarum.
612 4536 700 4594 altius
714 4538 869 4594 orationem
894 4550 947 4592 eii-

123 4602 945 4678 tollensait:ithutdampliusmemorem‘?Quando·
1003 4612 1049 4664 nis
1083 4610 1170 4663 assim
1185 4608 1395 4679 lrequentatum
1410 4609 1545 4665 diuante
1567 4610 1818 4682 Telesphorun,et

124 4675 317 4758 quidemipse
332 4678 462 4734 83443434
480 4681 608 4736 omnium
625 4681 655 4736 in
671 4682 787 4737 exordio
803 4695 861 4737 suae
886 4695 945 4736 ma·
1002 4682 1030 4736 in
1047 4625 1133 4735 4444344
1150 4679 1256 4736 44443443
1273 4680 1442 4736 3443334334.
1463 4680 1558 4750 Quare
1581 4689 1695 4747 monet,
1719 4684 1819 4740 4434344

123 4743 319 4830 3443343443343
332 4749 474 4813 4444433444,
503 4765 535 4806 33
558 4752 672 4822 propria
696 4753 833 4824 dignatus
858 4758 947 4808 33433
1002 4751 1185 4822 intelligenda
1198 4765 1230 4807 33
1242 4765 1304 4835 4433
1316 4752 1362 4807 343
1378 4750 1559 4808 animamur
1571 4752 1739 4825 3343444343
1755 4753 1819 4823 Qua·

123 4814 301 4874 habitatione
314 4834 491 4877 consecrare.
507 4823 657 4893 Postquam
673 4824 747 4878 enim
764 4824 946 4893 baptismatis
1000 4826 1049 4879 dra
1072 4823 1178 4885 esimae,
1191 4824 1363 4879 utdicamus
1376 4824 1402 4878 id
1417 4824 1623 4893 aTelesphoro
1636 4829 1819 4896 primumesst

122 4898 235 4971 aquam,
255 4905 309 4962 qua
326 4891 402 4948 lotus
417 4900 468 4951 est.
485 4893 566 4961 lavit,
585 4902 615 4950 ut
628 4894 799 4966 evangelista
813 4900 944 4964 testatur,
1000 4840 1198 4951 3334433433]
1210 4895 1318 4963 33444443
1332 4894 1402 4967 lege,
1415 4895 1491 4966 quod
1504 4896 1672 4955 4433444333
1681 4906 1763 4955 antea
1775 4908 1818 4952 noi

122 4962 220 5015 statim
232 4962 357 5031 Spiritus
370 4964 481 5033 expulit
496 4979 558 5021 eum
577 4966 604 5021 in
620 4966 810 5021 desertum...
826 4967 945 5022 Debito-
999 4968 1106 5036 scripta
1127 4965 1312 5021 laudabiliter
1328 4967 1480 5022 tenebatur
1493 4966 1530 5021 ab
1552 4969 1707 5041 Ecclesiis,
1724 4971 1817 5026 rituun

123 5042 180 5085 rem
196 5045 226 5089 se
242 5033 294 5088 tibi
317 5037 440 5090 mundus
455 5044 598 5106 agnoscat,
616 5038 691 5092 unde
712 5038 943 5107 praedicaturum,
999 5037 1222 5109 apostolicorum
1236 5036 1446 5094 observantiam
1468 5037 1620 5107 343433343.

122 5113 154 5157 ac
175 5104 318 5160 mirabilia
344 5105 485 5163 lucturum
508 5108 670 5175 suscepisse
687 5111 774 5164 Deum
789 5122 843 5163 non
861 5109 946 5180 igno-
1035 5112 1161 5178 44333343
1186 5109 1417 5178 interpretationi
1453 5122 1487 5164 ac
1522 5113 1682 5168 sententiae
1706 5111 1816 5177 baronii,

1003 4538 1078 4593 33443
1090 4539 1229 4593 baronius
1247 4550 1351 4592 morem
1367 4538 1532 4593 antelucani
1544 4544 1683 4610 coetus,a
1697 4537 1819 4597 christe

961 4575 989 4638 D

122 5178 177 5228 434.
188 5197 201 5224 u
219 5179 319 5232 4434443
335 5178 432 5247 itaque
453 5176 580 5234 43434334
597 5180 752 5248 scriptores
774 5180 864 5235 nostri
878 5193 943 5235 cum

122 5242 292 5318 Hieronymo
304 5254 331 5304 et
341 5249 487 5314 Cassiano,
503 5249 628 5320 aliisque
642 5250 677 5306 33
693 5251 778 5305 443434
798 5250 945 5322 evangeli-

122 5318 558 5389 staediscipulosAlexandrinos
567 5321 795 5378 rationemillius
805 5321 943 5392 instituti,

122 5399 205 5469 qnam
219 5395 248 5446 tn
264 5391 386 5459 Essenis,
401 5393 453 5447 333
465 5401 507 5448 334
518 5392 547 5449 43
557 5394 647 5463 prima
661 5392 709 5448 illa
725 5393 849 5449 Ecclesia
859 5392 943 5448 Chri-

122 5463 214 5516 stiana
231 5467 376 5534 tantopere
400 5464 608 5520 conmendavit
631 5465 721 5535 Philo,
738 5465 864 5536 34334334
882 5462 942 5520 lor-

124 5541 194 5583 mam
210 5535 374 5591 describens
392 5536 473 5604 plane
485 5536 722 5607 anachoreticam,
740 5536 944 5607 nequeadmo-

121 5596 189 5653 dum
201 5603 337 5661 44434333
352 5606 559 5662 3333443433433
573 5607 729 5676 primorum
746 5606 871 5663 44344343
895 5621 944 5677 334

121 5674 265 5741 apostolos
279 5689 483 5734 conversorum
502 5683 565 5762 post
578 5676 730 5733 adventum
745 5678 834 5735 divini
849 5678 942 5748 Spiri-

122 5747 169 5799 tus
183 5762 189 5799 :
205 5756 277 5815 quos
293 5745 393 5802 iisdem
415 5750 529 5805 Essenis
545 5749 574 5804 in
589 5747 736 5804 Christum
758 5747 942 5806 credentibus

111 5815 269 5912 perdlarci
278 5817 513 5889 praedicationem
530 5819 560 5878 iii
579 5819 698 5896 Egypto
713 5825 857 5894 peraequat
874 5820 944 5877 Hie-

997 5181 1179 5250 aliorumque
1189 5188 1338 5235 auctorum
1354 5181 1389 5235 ile
1404 5181 1513 5250 scripto
1526 5182 1703 5240 contirmata
1714 5198 1763 5254 per
1773 5183 1814 5237 Te

1000 5252 1163 5322 lesphoruin
1174 5252 1235 5321 lege
1246 5252 1466 5308 consuetudinis
1478 5253 1652 5322 apostolicae
1665 5259 1705 5312 443
1720 5267 1818 5319 respon·

998 5323 1067 5379 dent
1083 5322 1190 5378 indicia
1206 5330 1350 5391 gestorum
1368 5324 1454 5379 istius
1467 5325 1584 5393 aetatis3
1608 5334 1642 5382 ut
1658 5342 1711 5384 iios
1727 5341 1818 5383 mauu-

996 5394 1817 5463 ducantadperspiciendaincreiiientasacrorumrituum.

998 5466 1158 5522 celebritati
1171 5467 1371 5535 mysteriorum
1383 5466 1527 5535 potiorum
1539 5467 1677 5527 adhibita
1694 5484 1743 5541 pei·
1755 5481 1818 5525 sum·

999 5552 1059 5593 mos
1075 5537 1223 5606 pontihces
1240 5551 1290 5606 pio
1304 5542 1462 5605 temporum
1489 5550 1522 5592 ac
1537 5538 1672 5598 locorum
1688 5547 1818 5612 opportu

998 5610 1097 5672 nitate,
1114 5622 1147 5663 33
1168 5610 1349 5677 34344333434
1361 5610 1472 5681 digesta
1483 5608 1512 5663 in
1530 5623 1581 5667 eos
1601 5626 1666 5670 com
1680 5613 1814 5670 tentarios

997 5678 1196 5749 sacerdotales,
1207 5692 1241 5735 34
1252 5680 1350 5735 343334
1364 5680 1594 5750 disciplinatum
1605 5687 1748 5756 temporis
1761 5696 1817 5739 eou-

997 5751 1122 5807 creditos
1133 5751 1277 5806 ministris
1291 5764 1448 5822 sacrorum,
1466 5752 1587 5809 andelo
1609 5768 1680 5824 pace
1692 5755 1812 5814 Ecclesia

998 5827 1094 5894 postea
1106 5819 1244 5877 collectus
1258 5829 1302 5878 334
1316 5823 1404 5880 codex
1417 5823 1541 5882 Ordinis
1555 5825 1679 5885 44343334
1693 5841 1743 5900 per
1756 5824 1813 5899 anni
