<?xml version="1.0" encoding="UTF-8"?>
<!DOCTYPE html PUBLIC "-//W3C//DTD XHTML 1.0 Transitional//EN"
    "http://www.w3.org/TR/xhtml1/DTD/xhtml1-transitional.dtd">
<html xmlns="http://www.w3.org/1999/xhtml" xml:lang="en" lang="en">
 <head>
  <title>
</title>
<meta http-equiv="Content-Type" content="text/html;charset=utf-8" />
  <meta name='ocr-system' content='tesseract 3.04.00' />
  <meta name='ocr-capabilities' content='ocr_page ocr_carea ocr_par ocr_line ocrx_word'/>
</head>
<body>
  <div class='ocr_page' id='page_1' title='image "./patrologiaecurs48unkngoog_0136.png"; bbox 0 0 3892 6136; ppageno 0'>
   <div class='ocr_carea' id='block_1_1' title="bbox 116 271 169 331">
    <p class='ocr_par' dir='ltr' id='par_1_1' title="bbox 116 271 169 331">
     <span class='ocr_line' id='line_1_1' title="bbox 116 271 169 331; baseline -0.057 0"><span class='ocrx_word' id='word_1_1' title='bbox 116 271 169 331; x_wconf 64' lang='lat' dir='ltr'><strong>itt</strong></span> 
     </span>
    </p>
   </div>
   <div class='ocr_carea' id='block_1_2' title="bbox 507 269 1432 329">
    <p class='ocr_par' dir='ltr' id='par_1_2' title="bbox 507 269 1432 329">
     <span class='ocr_line' id='line_1_2' title="bbox 507 269 1432 329; baseline 0.001 -4"><span class='ocrx_word' id='word_1_2' title='bbox 507 271 689 328; x_wconf 80' lang='lat' dir='ltr'><strong>BLANCHlNl</strong></span> <span class='ocrx_word' id='word_1_3' title='bbox 715 270 865 326; x_wconf 84' lang='lat' dir='ltr'><strong>DISSERT.</strong></span> <span class='ocrx_word' id='word_1_4' title='bbox 893 271 938 325; x_wconf 84' lang='lat' dir='ltr'><strong>DE</strong></span> <span class='ocrx_word' id='word_1_5' title='bbox 960 269 1040 325; x_wconf 77' lang='lat' dir='ltr'><strong>ANT.</strong></span> <span class='ocrx_word' id='word_1_6' title='bbox 1066 270 1122 324; x_wconf 85' lang='lat' dir='ltr'><strong>illi.</strong></span> <span class='ocrx_word' id='word_1_7' title='bbox 1152 269 1242 325; x_wconf 90' lang='lat' dir='ltr'>PONT</span> <span class='ocrx_word' id='word_1_8' title='bbox 1264 272 1432 329; x_wconf 77' lang='lat' dir='ltr'><strong>CATALOG.</strong></span> 
     </span>
    </p>
   </div>
   <div class='ocr_carea' id='block_1_3' title="bbox 1766 277 1821 337">
    <p class='ocr_par' dir='ltr' id='par_1_3' title="bbox 1766 277 1821 337">
     <span class='ocr_line' id='line_1_3' title="bbox 1766 277 1821 337; baseline 0 0"><span class='ocrx_word' id='word_1_9' title='bbox 1766 277 1821 337; x_wconf 68' lang='lat'><strong>262</strong></span> 
     </span>
    </p>
   </div>
   <div class='ocr_carea' id='block_1_4' title="bbox 117 391 1823 465">
    <p class='ocr_par' dir='ltr' id='par_1_4' title="bbox 117 391 1823 465">
     <span class='ocr_line' id='line_1_4' title="bbox 117 391 1823 465; baseline 0.006 -19"><span class='ocrx_word' id='word_1_10' title='bbox 117 410 194 461; x_wconf 77' lang='lat' dir='ltr'><strong>sum,</strong></span> <span class='ocrx_word' id='word_1_11' title='bbox 208 408 315 464; x_wconf 86' lang='lat' dir='ltr'><strong>easque</strong></span> <span class='ocrx_word' id='word_1_12' title='bbox 327 393 439 464; x_wconf 82' lang='lat' dir='ltr'><strong>regulas</strong></span> <span class='ocrx_word' id='word_1_13' title='bbox 457 395 646 450; x_wconf 83' lang='lat' dir='ltr'><strong>consectando</strong></span> <span class='ocrx_word' id='word_1_14' title='bbox 666 408 728 465; x_wconf 82' lang='lat' dir='ltr'><strong>quae</strong></span> <span class='ocrx_word' id='word_1_15' title='bbox 739 393 940 452; x_wconf 78' lang='lat' dir='ltr'><strong>adveritatem</strong></span> <span class='ocrx_word' id='word_1_16' title='bbox 957 391 986 449; x_wconf 83' lang='lat' dir='ltr'><strong>A</strong></span> <span class='ocrx_word' id='word_1_17' title='bbox 1029 398 1070 443; x_wconf 88' lang='lat' dir='ltr'><strong>tur</strong></span> <span class='ocrx_word' id='word_1_18' title='bbox 1093 411 1122 442; x_wconf 84' lang='lat' dir='ltr'><strong>ex</strong></span> <span class='ocrx_word' id='word_1_19' title='bbox 1144 399 1254 445; x_wconf 87' lang='lat' dir='ltr'><strong>termino</strong></span> <span class='ocrx_word' id='word_1_20' title='bbox 1280 399 1304 446; x_wconf 92' lang='lat' dir='ltr'><strong>in</strong></span> <span class='ocrx_word' id='word_1_21' title='bbox 1318 413 1369 460; x_wconf 83' lang='lat' dir='ltr'><strong>qao</strong></span> <span class='ocrx_word' id='word_1_22' title='bbox 1385 400 1478 447; x_wconf 90' lang='lat' dir='ltr'><strong>desinit</strong></span> <span class='ocrx_word' id='word_1_23' title='bbox 1492 397 1580 444; x_wconf 90' lang='lat' dir='ltr'><strong>eadem</strong></span> <span class='ocrx_word' id='word_1_24' title='bbox 1603 404 1682 451; x_wconf 87' lang='lat' dir='ltr'><strong>series</strong></span> <span class='ocrx_word' id='word_1_25' title='bbox 1706 407 1823 455; x_wconf 81' lang='lat' dir='ltr'><strong>ordinata</strong></span> 
     </span>
    </p>
   </div>
   <div class='ocr_carea' id='block_1_5' title="bbox 114 482 949 1337">
    <p class='ocr_par' dir='ltr' id='par_1_5' title="bbox 114 482 949 1337">
     <span class='ocr_line' id='line_1_5' title="bbox 116 482 943 555; baseline -0.004 -15"><span class='ocrx_word' id='word_1_26' title='bbox 116 483 316 555; x_wconf 75' lang='lat' dir='ltr'><strong>chronologiae</strong></span> <span class='ocrx_word' id='word_1_27' title='bbox 343 482 543 537; x_wconf 89' lang='lat' dir='ltr'><strong>inveniendam</strong></span> <span class='ocrx_word' id='word_1_28' title='bbox 557 489 586 537; x_wconf 92' lang='lat' dir='ltr'><strong>et</strong></span> <span class='ocrx_word' id='word_1_29' title='bbox 601 483 838 550; x_wconf 85' lang='lat' dir='ltr'><strong>comprobandam</strong></span> <span class='ocrx_word' id='word_1_30' title='bbox 854 497 943 551; x_wconf 92' lang='lat' dir='ltr'><strong>supe-</strong></span> 
     </span>
     <span class='ocr_line' id='line_1_6' title="bbox 117 571 943 642; baseline -0.002 -13"><span class='ocrx_word' id='word_1_31' title='bbox 117 575 191 630; x_wconf 80' lang='lat' dir='ltr'><strong>riori</strong></span> <span class='ocrx_word' id='word_1_32' title='bbox 201 573 298 642; x_wconf 90' lang='lat' dir='ltr'><strong>capite</strong></span> <span class='ocrx_word' id='word_1_33' title='bbox 311 571 429 626; x_wconf 83' lang='lat' dir='ltr'><strong>ilrmatae</strong></span> <span class='ocrx_word' id='word_1_34' title='bbox 440 578 520 637; x_wconf 88' lang='lat' dir='ltr'><strong>sunt,</strong></span> <span class='ocrx_word' id='word_1_35' title='bbox 535 572 644 626; x_wconf 84' lang='lat' dir='ltr'><strong>Nicolai</strong></span> <span class='ocrx_word' id='word_1_36' title='bbox 659 572 800 626; x_wconf 89' lang='lat' dir='ltr'><strong>sententia</strong></span> <span class='ocrx_word' id='word_1_37' title='bbox 815 573 943 627; x_wconf 90' lang='lat' dir='ltr'><strong>omnium</strong></span> 
     </span>
     <span class='ocr_line' id='line_1_7' title="bbox 118 660 945 729; baseline -0.004 -11"><span class='ocrx_word' id='word_1_38' title='bbox 118 661 299 718; x_wconf 81' lang='lat' dir='ltr'><strong>cruditorum</strong></span> <span class='ocrx_word' id='word_1_39' title='bbox 311 661 409 715; x_wconf 89' lang='lat' dir='ltr'><strong>studia</strong></span> <span class='ocrx_word' id='word_1_40' title='bbox 426 660 595 715; x_wconf 80' lang='lat' dir='ltr'>manuducit</span> <span class='ocrx_word' id='word_1_41' title='bbox 606 660 640 714; x_wconf 92' lang='lat' dir='ltr'><strong>ad</strong></span> <span class='ocrx_word' id='word_1_42' title='bbox 657 672 717 714; x_wconf 92' lang='lat' dir='ltr'><strong>eam</strong></span> <span class='ocrx_word' id='word_1_43' title='bbox 741 674 825 729; x_wconf 89' lang='lat' dir='ltr'><strong>quam</strong></span> <span class='ocrx_word' id='word_1_44' title='bbox 847 666 945 716; x_wconf 89' lang='lat' dir='ltr'><strong>tanto-</strong></span> 
     </span>
     <span class='ocr_line' id='line_1_8' title="bbox 120 747 945 821; baseline -0.004 -16"><span class='ocrx_word' id='word_1_45' title='bbox 120 764 185 821; x_wconf 87' lang='lat' dir='ltr'><strong>pere</strong></span> <span class='ocrx_word' id='word_1_46' title='bbox 198 749 339 820; x_wconf 78' lang='lat' dir='ltr'><strong>flagitant,</strong></span> <span class='ocrx_word' id='word_1_47' title='bbox 354 748 513 802; x_wconf 85' lang='lat' dir='ltr'><strong>veritatem.</strong></span> <span class='ocrx_word' id='word_1_48' title='bbox 526 747 620 802; x_wconf 90' lang='lat' dir='ltr'><strong>Series</strong></span> <span class='ocrx_word' id='word_1_49' title='bbox 633 748 708 802; x_wconf 90' lang='lat' dir='ltr'><strong>enim</strong></span> <span class='ocrx_word' id='word_1_50' title='bbox 723 748 774 803; x_wconf 92' lang='lat' dir='ltr'><strong>illa</strong></span> <span class='ocrx_word' id='word_1_51' title='bbox 795 750 945 818; x_wconf 75' lang='lat' dir='ltr'><strong>antiquior</strong></span> 
     </span>
     <span class='ocr_line' id='line_1_9' title="bbox 119 837 946 909; baseline -0.007 -14"><span class='ocrx_word' id='word_1_52' title='bbox 119 845 147 895; x_wconf 83' lang='lat' dir='ltr'><strong>et</strong></span> <span class='ocrx_word' id='word_1_53' title='bbox 169 839 307 909; x_wconf 56' lang='lat' dir='ltr'><strong>munina,</strong></span> <span class='ocrx_word' id='word_1_54' title='bbox 334 844 412 893; x_wconf 88' lang='lat' dir='ltr'><strong>tanta</strong></span> <span class='ocrx_word' id='word_1_55' title='bbox 433 838 478 892; x_wconf 94' lang='lat' dir='ltr'><strong>sui</strong></span> <span class='ocrx_word' id='word_1_56' title='bbox 504 842 585 905; x_wconf 91' lang='lat' dir='ltr'><strong>parte</strong></span> <span class='ocrx_word' id='word_1_57' title='bbox 603 837 697 891; x_wconf 88' lang='lat' dir='ltr'><strong>adliuo</strong></span> <span class='ocrx_word' id='word_1_58' title='bbox 726 843 894 907; x_wconf 75' lang='lat' dir='ltr'>praeservata</span> <span class='ocrx_word' id='word_1_59' title='bbox 918 841 946 892; x_wconf 90' lang='lat' dir='ltr'><strong>et</strong></span> 
     </span>
     <span class='ocr_line' id='line_1_10' title="bbox 116 924 946 996; baseline -0.007 -12"><span class='ocrx_word' id='word_1_60' title='bbox 116 928 276 996; x_wconf 87' lang='lat' dir='ltr'><strong>conspicua</strong></span> <span class='ocrx_word' id='word_1_61' title='bbox 287 926 317 981; x_wconf 95' lang='lat' dir='ltr'><strong>in</strong></span> <span class='ocrx_word' id='word_1_62' title='bbox 330 925 482 995; x_wconf 82' lang='lat' dir='ltr'><strong>parietinis</strong></span> <span class='ocrx_word' id='word_1_63' title='bbox 493 924 620 979; x_wconf 76' lang='lat' dir='ltr'><strong>basilicas</strong></span> <span class='ocrx_word' id='word_1_64' title='bbox 630 925 657 979; x_wconf 93' lang='lat' dir='ltr'><strong>S.</strong></span> <span class='ocrx_word' id='word_1_65' title='bbox 670 924 763 994; x_wconf 88' lang='lat' dir='ltr'><strong>Pauli,</strong></span> <span class='ocrx_word' id='word_1_66' title='bbox 774 925 946 980; x_wconf 89' lang='lat' dir='ltr'><strong>auctoritate</strong></span> 
     </span>
     <span class='ocr_line' id='line_1_11' title="bbox 114 1013 947 1086; baseline -0.004 -15"><span class='ocrx_word' id='word_1_67' title='bbox 114 1015 333 1086; x_wconf 86' lang='lat' dir='ltr'><strong>etantiquitate</strong></span> <span class='ocrx_word' id='word_1_68' title='bbox 349 1016 388 1069; x_wconf 90' lang='lat' dir='ltr'><strong>ita</strong></span> <span class='ocrx_word' id='word_1_69' title='bbox 401 1019 518 1069; x_wconf 79' lang='lat' dir='ltr'><strong>cataras</strong></span> <span class='ocrx_word' id='word_1_70' title='bbox 532 1013 689 1079; x_wconf 89' lang='lat' dir='ltr'><strong>antecellit,</strong></span> <span class='ocrx_word' id='word_1_71' title='bbox 706 1018 737 1067; x_wconf 90' lang='lat' dir='ltr'><strong>ut</strong></span> <span class='ocrx_word' id='word_1_72' title='bbox 756 1014 884 1068; x_wconf 91' lang='lat' dir='ltr'><strong>omnium</strong></span> <span class='ocrx_word' id='word_1_73' title='bbox 898 1027 947 1068; x_wconf 85' lang='lat' dir='ltr'><strong>sae·</strong></span> 
     </span>
     <span class='ocr_line' id='line_1_12' title="bbox 115 1099 948 1174; baseline -0.004 -15"><span class='ocrx_word' id='word_1_74' title='bbox 115 1104 253 1161; x_wconf 88' lang='lat' dir='ltr'><strong>culorum</strong></span> <span class='ocrx_word' id='word_1_75' title='bbox 266 1101 405 1174; x_wconf 77' lang='lat' dir='ltr'><strong>suffragio</strong></span> <span class='ocrx_word' id='word_1_76' title='bbox 422 1102 519 1156; x_wconf 90' lang='lat' dir='ltr'><strong>habita</strong></span> <span class='ocrx_word' id='word_1_77' title='bbox 535 1099 623 1156; x_wconf 88' lang='lat' dir='ltr'><strong>inerit</strong></span> <span class='ocrx_word' id='word_1_78' title='bbox 638 1100 701 1156; x_wconf 85' lang='lat' dir='ltr'><strong>lons</strong></span> <span class='ocrx_word' id='word_1_79' title='bbox 717 1108 744 1156; x_wconf 88' lang='lat' dir='ltr'><strong>et</strong></span> <span class='ocrx_word' id='word_1_80' title='bbox 756 1102 837 1172; x_wconf 91' lang='lat' dir='ltr'><strong>origo</strong></span> <span class='ocrx_word' id='word_1_81' title='bbox 855 1115 948 1156; x_wconf 86' lang='lat' dir='ltr'><strong>corre-</strong></span> 
     </span>
     <span class='ocr_line' id='line_1_13' title="bbox 115 1190 949 1263; baseline -0.001 -15"><span class='ocrx_word' id='word_1_82' title='bbox 115 1192 245 1249; x_wconf 87' lang='lat' dir='ltr'><strong>ctiorum</strong></span> <span class='ocrx_word' id='word_1_83' title='bbox 255 1191 451 1263; x_wconf 80' lang='lat' dir='ltr'>catalogorum</span> <span class='ocrx_word' id='word_1_84' title='bbox 464 1190 553 1259; x_wconf 81' lang='lat' dir='ltr'><strong>3quod</strong></span> <span class='ocrx_word' id='word_1_85' title='bbox 566 1190 696 1260; x_wconf 84' lang='lat' dir='ltr'><strong>proximo</strong></span> <span class='ocrx_word' id='word_1_86' title='bbox 706 1191 799 1259; x_wconf 87' lang='lat' dir='ltr'><strong>capite</strong></span> <span class='ocrx_word' id='word_1_87' title='bbox 818 1204 835 1244; x_wconf 91' lang='lat' dir='ltr'><strong>a</strong></span> <span class='ocrx_word' id='word_1_88' title='bbox 849 1205 892 1245; x_wconf 91' lang='lat' dir='ltr'><strong>me</strong></span> <span class='ocrx_word' id='word_1_89' title='bbox 902 1192 949 1247; x_wconf 90' lang='lat' dir='ltr'><strong>do·</strong></span> 
     </span>
     <span class='ocr_line' id='line_1_14' title="bbox 117 1278 504 1337; baseline -0.013 0"><span class='ocrx_word' id='word_1_90' title='bbox 117 1287 310 1337; x_wconf 88' lang='lat' dir='ltr'><strong>monstratum</strong></span> <span class='ocrx_word' id='word_1_91' title='bbox 326 1282 364 1335; x_wconf 92' lang='lat' dir='ltr'><strong>iri</strong></span> <span class='ocrx_word' id='word_1_92' title='bbox 384 1278 504 1335; x_wconf 86' lang='lat' dir='ltr'><strong>conlido.</strong></span> 
     </span>
    </p>
   </div>
   <div class='ocr_carea' id='block_1_6' title="bbox 405 1440 701 1511">
    <p class='ocr_par' dir='ltr' id='par_1_6' title="bbox 405 1440 701 1511">
     <span class='ocr_line' id='line_1_15' title="bbox 405 1440 701 1511; baseline -0.007 0"><span class='ocrx_word' id='word_1_93' title='bbox 405 1440 541 1511; x_wconf 77' lang='lat' dir='ltr'><strong>carba</strong></span> <span class='ocrx_word' id='word_1_94' title='bbox 579 1440 636 1510; x_wconf 84' lang='lat' dir='ltr'><strong>IV·</strong></span> <span class='ocrx_word' id='word_1_95' title='bbox 696 1477 701 1483; x_wconf 96' lang='lat'><em>·</em></span> 
     </span>
    </p>
   </div>
   <div class='ocr_carea' id='block_1_7' title="bbox 1029 458 1824 1451">
    <p class='ocr_par' dir='ltr' id='par_1_7' title="bbox 1029 458 1824 1451">
     <span class='ocr_line' id='line_1_16' title="bbox 1030 458 1823 520; baseline 0.018 -17"><span class='ocrx_word' id='word_1_96' title='bbox 1030 458 1181 516; x_wconf 82' lang='lat' dir='ltr'><strong>imaginum.</strong></span> <span class='ocrx_word' id='word_1_97' title='bbox 1191 462 1215 506; x_wconf 93' lang='lat' dir='ltr'><strong>et</strong></span> <span class='ocrx_word' id='word_1_98' title='bbox 1225 459 1401 520; x_wconf 71' lang='lat' dir='ltr'><strong>chronologiae</strong></span> <span class='ocrx_word' id='word_1_99' title='bbox 1415 473 1573 508; x_wconf 89' lang='lat' dir='ltr'><strong>summorum</strong></span> <span class='ocrx_word' id='word_1_100' title='bbox 1585 465 1749 519; x_wconf 88' lang='lat' dir='ltr'><strong>ponililcnm:</strong></span> <span class='ocrx_word' id='word_1_101' title='bbox 1763 482 1823 516; x_wconf 87' lang='lat' dir='ltr'><strong>oum</strong></span> 
     </span>
     <span class='ocr_line' id='line_1_17' title="bbox 1030 519 1821 590; baseline 0.016 -25"><span class='ocrx_word' id='word_1_102' title='bbox 1030 519 1134 581; x_wconf 75' lang='lat' dir='ltr'><strong>reliqna</strong></span> <span class='ocrx_word' id='word_1_103' title='bbox 1148 521 1275 578; x_wconf 73' lang='lat' dir='ltr'><strong>imagines</strong></span> <span class='ocrx_word' id='word_1_104' title='bbox 1287 523 1406 571; x_wconf 77' lang='lat' dir='ltr'><strong>coloratae</strong></span> <span class='ocrx_word' id='word_1_105' title='bbox 1419 525 1445 569; x_wconf 91' lang='lat' dir='ltr'><strong>in</strong></span> <span class='ocrx_word' id='word_1_106' title='bbox 1458 521 1553 584; x_wconf 86' lang='lat' dir='ltr'><strong>pariete</strong></span> <span class='ocrx_word' id='word_1_107' title='bbox 1568 520 1663 573; x_wconf 88' lang='lat' dir='ltr'><strong>boreali</strong></span> <span class='ocrx_word' id='word_1_108' title='bbox 1688 528 1738 575; x_wconf 88' lang='lat' dir='ltr'><strong>sint</strong></span> <span class='ocrx_word' id='word_1_109' title='bbox 1747 543 1821 590; x_wconf 88' lang='lat' dir='ltr'><strong>repe-</strong></span> 
     </span>
     <span class='ocr_line' id='line_1_18' title="bbox 1029 582 1821 644; baseline 0.016 -17"><span class='ocrx_word' id='word_1_110' title='bbox 1029 582 1132 630; x_wconf 86' lang='lat' dir='ltr'><strong>titiones</strong></span> <span class='ocrx_word' id='word_1_111' title='bbox 1145 597 1175 630; x_wconf 87' lang='lat' dir='ltr'><strong>ae</strong></span> <span class='ocrx_word' id='word_1_112' title='bbox 1189 586 1401 644; x_wconf 79' lang='lat' dir='ltr'><strong>transpositiones</strong></span> <span class='ocrx_word' id='word_1_113' title='bbox 1416 582 1637 643; x_wconf 87' lang='lat' dir='ltr'><strong>tumeornmdem,</strong></span> <span class='ocrx_word' id='word_1_114' title='bbox 1652 594 1706 636; x_wconf 91' lang='lat' dir='ltr'><strong>tum</strong></span> <span class='ocrx_word' id='word_1_115' title='bbox 1717 605 1821 640; x_wconf 86' lang='lat' dir='ltr'><strong>succes·</strong></span> 
     </span>
     <span class='ocr_line' id='line_1_19' title="bbox 1031 646 1823 716; baseline 0.014 -27"><span class='ocrx_word' id='word_1_116' title='bbox 1031 657 1119 690; x_wconf 84' lang='lat' dir='ltr'><strong>sorum</strong></span> <span class='ocrx_word' id='word_1_117' title='bbox 1133 646 1295 716; x_wconf 73' lang='lat' dir='ltr'><strong>pontilirnm,</strong></span> <span class='ocrx_word' id='word_1_118' title='bbox 1310 647 1381 695; x_wconf 92' lang='lat' dir='ltr'><strong>nullo</strong></span> <span class='ocrx_word' id='word_1_119' title='bbox 1393 647 1483 695; x_wconf 88' lang='lat' dir='ltr'><strong>ordine</strong></span> <span class='ocrx_word' id='word_1_120' title='bbox 1495 647 1596 692; x_wconf 89' lang='lat' dir='ltr'><strong>servato</strong></span> <span class='ocrx_word' id='word_1_121' title='bbox 1609 651 1690 697; x_wconf 82' lang='lat' dir='ltr'><strong>aetatis</strong></span> <span class='ocrx_word' id='word_1_122' title='bbox 1701 655 1744 698; x_wconf 88' lang='lat' dir='ltr'><strong>aut</strong></span> <span class='ocrx_word' id='word_1_123' title='bbox 1764 666 1823 699; x_wconf 88' lang='lat' dir='ltr'><strong>sno-</strong></span> 
     </span>
     <span class='ocr_line' id='line_1_20' title="bbox 1030 706 1822 814; baseline 0.013 -63"><span class='ocrx_word' id='word_1_124' title='bbox 1030 706 1165 761; x_wconf 89' lang='lat' dir='ltr'><strong>cessioms,</strong></span> <span class='ocrx_word' id='word_1_125' title='bbox 1180 709 1225 755; x_wconf 90' lang='lat' dir='ltr'><strong>sed</strong></span> <span class='ocrx_word' id='word_1_126' title='bbox 1236 711 1332 756; x_wconf 91' lang='lat' dir='ltr'><strong>temere</strong></span> <span class='ocrx_word' id='word_1_127' title='bbox 1347 709 1453 770; x_wconf 78' lang='lat' dir='ltr'><strong>adjectae</strong></span> <span class='ocrx_word' id='word_1_128' title='bbox 1466 707 1498 754; x_wconf 89' lang='lat' dir='ltr'><strong>ab</strong></span> <span class='ocrx_word' id='word_1_129' title='bbox 1508 706 1630 814; x_wconf 57' lang='lat' dir='ltr'><strong>imsserilo</strong></span> <span class='ocrx_word' id='word_1_130' title='bbox 1649 712 1737 774; x_wconf 90' lang='lat' dir='ltr'><strong>aliquo</strong></span> <span class='ocrx_word' id='word_1_131' title='bbox 1750 727 1822 762; x_wconf 88' lang='lat' dir='ltr'><strong>cura·</strong></span> 
     </span>
     <span class='ocr_line' id='line_1_21' title="bbox 1029 766 1823 838; baseline 0.013 -26"><span class='ocrx_word' id='word_1_132' title='bbox 1029 770 1084 838; x_wconf 79' lang='lat' dir='ltr'><strong>tore</strong></span> <span class='ocrx_word' id='word_1_133' title='bbox 1096 769 1177 815; x_wconf 81' lang='lat' dir='ltr'><strong>aetatis</strong></span> <span class='ocrx_word' id='word_1_134' title='bbox 1188 770 1290 817; x_wconf 73' lang='lat' dir='ltr'><strong>incertas</strong></span> <span class='ocrx_word' id='word_1_135' title='bbox 1303 772 1467 832; x_wconf 87' lang='lat' dir='ltr'><strong>sequioribus</strong></span> <span class='ocrx_word' id='word_1_136' title='bbox 1478 781 1546 818; x_wconf 82' lang='lat' dir='ltr'><strong>saecu</strong></span> <span class='ocrx_word' id='word_1_137' title='bbox 1560 766 1657 824; x_wconf 85' lang='lat' dir='ltr'><strong>&#39;s.—X.</strong></span> <span class='ocrx_word' id='word_1_138' title='bbox 1674 773 1823 824; x_wconf 88' lang='lat' dir='ltr'><strong>Ordinatam</strong></span> 
     </span>
     <span class='ocr_line' id='line_1_22' title="bbox 1030 828 1822 897; baseline 0.014 -23"><span class='ocrx_word' id='word_1_139' title='bbox 1030 828 1098 876; x_wconf 81' lang='lat' dir='ltr'><strong>illam</strong></span> <span class='ocrx_word' id='word_1_140' title='bbox 1114 832 1206 878; x_wconf 91' lang='lat' dir='ltr'><strong>seriem</strong></span> <span class='ocrx_word' id='word_1_141' title='bbox 1218 836 1242 878; x_wconf 90' lang='lat' dir='ltr'><strong>el</strong></span> <span class='ocrx_word' id='word_1_142' title='bbox 1252 833 1457 893; x_wconf 81' lang='lat' dir='ltr'><strong>chronologiam,</strong></span> <span class='ocrx_word' id='word_1_143' title='bbox 1468 833 1557 893; x_wconf 87' lang='lat' dir='ltr'><strong>quinto</strong></span> <span class='ocrx_word' id='word_1_144' title='bbox 1569 834 1666 882; x_wconf 70' lang='lat' dir='ltr'><strong>saeculo</strong></span> <span class='ocrx_word' id='word_1_145' title='bbox 1687 837 1782 897; x_wconf 85' lang='lat' dir='ltr'><strong>pictam</strong></span> <span class='ocrx_word' id='word_1_146' title='bbox 1796 837 1822 884; x_wconf 91' lang='lat' dir='ltr'><strong>in</strong></span> 
     </span>
     <span class='ocr_line' id='line_1_23' title="bbox 1030 890 1823 960; baseline 0.013 -24"><span class='ocrx_word' id='word_1_147' title='bbox 1030 890 1169 940; x_wconf 83' lang='lat' dir='ltr'><strong>basilicas.</strong></span> <span class='ocrx_word' id='word_1_148' title='bbox 1184 892 1823 960; x_wconf 81' lang='lat' dir='ltr'><strong>Pauli.necn0nsimilemsuhFormosapapaolim</strong></span> 
     </span>
     <span class='ocr_line' id='line_1_24' title="bbox 1031 955 1823 1015; baseline 0.014 -18"><span class='ocrx_word' id='word_1_149' title='bbox 1031 956 1169 1000; x_wconf 85' lang='lat' dir='ltr'><strong>exstantem</strong></span> <span class='ocrx_word' id='word_1_150' title='bbox 1183 955 1208 1002; x_wconf 94' lang='lat' dir='ltr'><strong>in</strong></span> <span class='ocrx_word' id='word_1_151' title='bbox 1227 956 1391 1004; x_wconf 74' lang='lat' dir='ltr'><strong>astoricensi</strong></span> <span class='ocrx_word' id='word_1_152' title='bbox 1403 960 1428 1003; x_wconf 90' lang='lat' dir='ltr'><strong>et</strong></span> <span class='ocrx_word' id='word_1_153' title='bbox 1438 957 1465 1004; x_wconf 90' lang='lat' dir='ltr'><strong>iu</strong></span> <span class='ocrx_word' id='word_1_154' title='bbox 1476 957 1610 1015; x_wconf 85' lang='lat' dir='ltr'><strong>Vaticana,</strong></span> <span class='ocrx_word' id='word_1_155' title='bbox 1622 959 1736 1007; x_wconf 80' lang='lat' dir='ltr'><strong>referunt</strong></span> <span class='ocrx_word' id='word_1_156' title='bbox 1751 960 1823 1008; x_wconf 88' lang='lat' dir='ltr'><strong>codi-</strong></span> 
     </span>
     <span class='ocr_line' id='line_1_25' title="bbox 1031 1017 1824 1070; baseline 0.014 -11"><span class='ocrx_word' id='word_1_157' title='bbox 1031 1028 1074 1061; x_wconf 90' lang='lat' dir='ltr'><strong>ces</strong></span> <span class='ocrx_word' id='word_1_158' title='bbox 1095 1017 1245 1064; x_wconf 86' lang='lat' dir='ltr'><strong>vetustiores</strong></span> <span class='ocrx_word' id='word_1_159' title='bbox 1269 1033 1298 1065; x_wconf 88' lang='lat' dir='ltr'><strong>ac</strong></span> <span class='ocrx_word' id='word_1_160' title='bbox 1322 1018 1475 1067; x_wconf 83' lang='lat' dir='ltr'><strong>sinceriores</strong></span> <span class='ocrx_word' id='word_1_161' title='bbox 1498 1018 1663 1069; x_wconf 81' lang='lat' dir='ltr'><strong>archivorum</strong></span> <span class='ocrx_word' id='word_1_162' title='bbox 1690 1021 1779 1070; x_wconf 71' lang='lat' dir='ltr'><strong>ltaliae.</strong></span> <span class='ocrx_word' id='word_1_163' title='bbox 1794 1047 1824 1056; x_wconf 82' lang='lat'><strong>-</strong></span> 
     </span>
     <span class='ocr_line' id='line_1_26' title="bbox 1031 1075 1824 1143; baseline 0.01 -21"><span class='ocrx_word' id='word_1_164' title='bbox 1031 1075 1078 1126; x_wconf 88' lang='lat' dir='ltr'><strong>XI.</strong></span> <span class='ocrx_word' id='word_1_165' title='bbox 1092 1075 1261 1126; x_wconf 77' lang='lat' dir='ltr'><strong>confirmatur</strong></span> <span class='ocrx_word' id='word_1_166' title='bbox 1269 1081 1407 1127; x_wconf 87' lang='lat' dir='ltr'><strong>auctoritas</strong></span> <span class='ocrx_word' id='word_1_167' title='bbox 1418 1079 1715 1143; x_wconf 77' lang='lat' dir='ltr'><strong>ejusdemchronologiae</strong></span> <span class='ocrx_word' id='word_1_168' title='bbox 1725 1097 1756 1130; x_wconf 80' lang='lat' dir='ltr'><strong>ex</strong></span> <span class='ocrx_word' id='word_1_169' title='bbox 1764 1095 1824 1131; x_wconf 89' lang='lat' dir='ltr'><strong>con-</strong></span> 
     </span>
     <span class='ocr_line' id='line_1_27' title="bbox 1031 1141 1823 1202; baseline 0.011 -19"><span class='ocrx_word' id='word_1_170' title='bbox 1031 1150 1107 1186; x_wconf 90' lang='lat' dir='ltr'><strong>sensu</strong></span> <span class='ocrx_word' id='word_1_171' title='bbox 1121 1153 1171 1186; x_wconf 90' lang='lat' dir='ltr'><strong>nou</strong></span> <span class='ocrx_word' id='word_1_172' title='bbox 1184 1141 1325 1202; x_wconf 86' lang='lat' dir='ltr'><strong>interrupto</strong></span> <span class='ocrx_word' id='word_1_173' title='bbox 1337 1142 1473 1190; x_wconf 88' lang='lat' dir='ltr'><strong>duodecim</strong></span> <span class='ocrx_word' id='word_1_174' title='bbox 1489 1141 1668 1192; x_wconf 75' lang='lat' dir='ltr'><strong>saeculoruma</strong></span> <span class='ocrx_word' id='word_1_175' title='bbox 1691 1144 1823 1193; x_wconf 80' lang='lat' dir='ltr'><strong>Lerniano</strong></span> 
     </span>
     <span class='ocr_line' id='line_1_28' title="bbox 1031 1200 1823 1264; baseline 0.011 -20"><span class='ocrx_word' id='word_1_176' title='bbox 1031 1200 1062 1245; x_wconf 89' lang='lat' dir='ltr'><strong>nd</strong></span> <span class='ocrx_word' id='word_1_177' title='bbox 1078 1206 1202 1256; x_wconf 91' lang='lat' dir='ltr'><strong>nostrum,</strong></span> <span class='ocrx_word' id='word_1_178' title='bbox 1218 1206 1568 1264; x_wconf 85' lang='lat' dir='ltr'><strong>constanterexprimenliutn</strong></span> <span class='ocrx_word' id='word_1_179' title='bbox 1581 1207 1698 1255; x_wconf 87' lang='lat' dir='ltr'><strong>eamdem</strong></span> <span class='ocrx_word' id='word_1_180' title='bbox 1713 1207 1823 1254; x_wconf 91' lang='lat' dir='ltr'><strong>chrono-</strong></span> 
     </span>
     <span class='ocr_line' id='line_1_29' title="bbox 1032 1260 1823 1330; baseline 0.01 -24"><span class='ocrx_word' id='word_1_181' title='bbox 1032 1260 1128 1321; x_wconf 79' lang='lat' dir='ltr'><strong>logiam</strong></span> <span class='ocrx_word' id='word_1_182' title='bbox 1139 1263 1248 1323; x_wconf 86' lang='lat' dir='ltr'><strong>puhlicis</strong></span> <span class='ocrx_word' id='word_1_183' title='bbox 1258 1266 1418 1314; x_wconf 84' lang='lat' dir='ltr'><strong>documentis</strong></span> <span class='ocrx_word' id='word_1_184' title='bbox 1430 1281 1499 1329; x_wconf 85' lang='lat' dir='ltr'><strong>:quas</strong></span> <span class='ocrx_word' id='word_1_185' title='bbox 1510 1268 1676 1330; x_wconf 87' lang='lat' dir='ltr'><strong>persingulos</strong></span> <span class='ocrx_word' id='word_1_186' title='bbox 1686 1267 1823 1329; x_wconf 73' lang='lat' dir='ltr'><strong>pontifices</strong></span> 
     </span>
     <span class='ocr_line' id='line_1_30' title="bbox 1032 1326 1823 1395; baseline 0.009 -26"><span class='ocrx_word' id='word_1_187' title='bbox 1032 1326 1056 1395; x_wconf 75' lang='lat' dir='ltr'><strong>et</strong></span> <span class='ocrx_word' id='word_1_188' title='bbox 1069 1329 1217 1373; x_wconf 90' lang='lat' dir='ltr'><strong>eorumdem</strong></span> <span class='ocrx_word' id='word_1_189' title='bbox 1233 1327 1412 1388; x_wconf 87' lang='lat' dir='ltr'><strong>epochascurn</strong></span> <span class='ocrx_word' id='word_1_190' title='bbox 1425 1329 1533 1378; x_wconf 86' lang='lat' dir='ltr'><strong>Paulina</strong></span> <span class='ocrx_word' id='word_1_191' title='bbox 1551 1329 1697 1393; x_wconf 88' lang='lat' dir='ltr'><strong>supradicta</strong></span> <span class='ocrx_word' id='word_1_192' title='bbox 1712 1342 1823 1378; x_wconf 88' lang='lat' dir='ltr'><strong>consen-</strong></span> 
     </span>
     <span class='ocr_line' id='line_1_31' title="bbox 1034 1388 1506 1451; baseline 0.019 -20"><span class='ocrx_word' id='word_1_193' title='bbox 1034 1388 1081 1432; x_wconf 83' lang='lat' dir='ltr'><strong>tire</strong></span> <span class='ocrx_word' id='word_1_194' title='bbox 1099 1388 1267 1436; x_wconf 82' lang='lat' dir='ltr'><strong>ostendentur</strong></span> <span class='ocrx_word' id='word_1_195' title='bbox 1281 1390 1364 1451; x_wconf 88' lang='lat' dir='ltr'><strong>capite</strong></span> <span class='ocrx_word' id='word_1_196' title='bbox 1379 1392 1506 1451; x_wconf 78' lang='lat' dir='ltr'><strong>proximo.</strong></span> 
     </span>
    </p>
   </div>
   <div class='ocr_carea' id='block_1_8' title="bbox 114 1534 1823 2142">
    <p class='ocr_par' dir='ltr' id='par_1_8' title="bbox 114 1534 1823 2142">
     <span class='ocr_line' id='line_1_32' title="bbox 114 1534 1823 1645; baseline 0.004 0"><span class='ocrx_word' id='word_1_197' title='bbox 114 1585 167 1645; x_wconf 85' lang='lat' dir='ltr'><strong>De</strong></span> <span class='ocrx_word' id='word_1_198' title='bbox 181 1583 261 1645; x_wconf 83' lang='lat' dir='ltr'><strong>nott</strong></span> <span class='ocrx_word' id='word_1_199' title='bbox 284 1582 437 1644; x_wconf 73' lang='lat' dir='ltr'><strong>allatret</strong></span> <span class='ocrx_word' id='word_1_200' title='bbox 452 1578 772 1641; x_wconf 81' lang='lat' dir='ltr'><strong>auctoritatesertet</strong></span> <span class='ocrx_word' id='word_1_201' title='bbox 792 1584 824 1641; x_wconf 87' lang='lat' dir='ltr'><strong>et</strong></span> <span class='ocrx_word' id='word_1_202' title='bbox 847 1581 946 1643; x_wconf 78' lang='lat' dir='ltr'><strong>ebro·</strong></span> <span class='ocrx_word' id='word_1_203' title='bbox 1018 1534 1043 1590; x_wconf 70' lang='lat'><strong>⁴&#39;</strong></span> <span class='ocrx_word' id='word_1_204' title='bbox 1065 1538 1168 1593; x_wconf 79' lang='lat' dir='ltr'><strong>AEmtis</strong></span> <span class='ocrx_word' id='word_1_205' title='bbox 1189 1546 1291 1596; x_wconf 52' lang='lat' dir='ltr'><strong>&#39;¹⁰⁵⁰&#39;ae</strong></span> <span class='ocrx_word' id='word_1_206' title='bbox 1314 1543 1427 1599; x_wconf 85' lang='lat' dir='ltr'><strong>desidia</strong></span> <span class='ocrx_word' id='word_1_207' title='bbox 1454 1543 1537 1615; x_wconf 53' lang='grc' dir='ltr'><strong>Μ’</strong></span> <span class='ocrx_word' id='word_1_208' title='bbox 1565 1558 1597 1600; x_wconf 73' lang='lat'><strong>³⁰</strong></span> <span class='ocrx_word' id='word_1_209' title='bbox 1629 1544 1741 1601; x_wconf 52' lang='lat' dir='ltr'><strong>muria</strong></span> <span class='ocrx_word' id='word_1_210' title='bbox 1766 1556 1823 1600; x_wconf 66' lang='lat'><strong>”⁰¹¹</strong></span> 
     </span>
     <span class='ocr_line' id='line_1_33' title="bbox 157 1600 1823 1749; baseline 0.005 -25"><span class='ocrx_word' id='word_1_211' title='bbox 157 1600 514 1743; x_wconf 68' lang='lat' dir='ltr'><strong>sctopcqcpcbttaccm</strong></span> <span class='ocrx_word' id='word_1_212' title='bbox 526 1659 763 1749; x_wconf 71' lang='lat' dir='ltr'><strong>Romoaomtnt,</strong></span> <span class='ocrx_word' id='word_1_213' title='bbox 779 1677 849 1740; x_wconf 78' lang='lat' dir='ltr'><strong>qma</strong></span> <span class='ocrx_word' id='word_1_214' title='bbox 874 1677 945 1723; x_wconf 81' lang='lat' dir='ltr'><strong>ano</strong></span> <span class='ocrx_word' id='word_1_215' title='bbox 1001 1624 1157 1726; x_wconf 51' lang='lat' dir='ltr'><strong>t⁰¹⁸ri¹¹¹d³&#39;</strong></span> <span class='ocrx_word' id='word_1_216' title='bbox 1169 1629 1194 1682; x_wconf 51' lang='grc' dir='ltr'><strong>εἰ</strong></span> <span class='ocrx_word' id='word_1_217' title='bbox 1210 1630 1365 1748; x_wconf 69' lang='lat' dir='ltr'><strong>negligeret</strong></span> <span class='ocrx_word' id='word_1_218' title='bbox 1376 1633 1405 1686; x_wconf 56' lang='lat'><strong>“¹</strong></span> <span class='ocrx_word' id='word_1_219' title='bbox 1419 1632 1543 1731; x_wconf 73' lang='lat' dir='ltr'><strong>medium</strong></span> <span class='ocrx_word' id='word_1_220' title='bbox 1564 1631 1690 1731; x_wconf 56' lang='lat' dir='ltr'><strong>¹³me</strong></span> <span class='ocrx_word' id='word_1_221' title='bbox 1713 1631 1823 1730; x_wconf 52' lang='lat' dir='ltr'><strong>‘irem‘</strong></span> 
     </span>
     <span class='ocr_line' id='line_1_34' title="bbox 156 1708 1822 1820; baseline 0.008 -59"><span class='ocrx_word' id='word_1_222' title='bbox 156 1760 233 1805; x_wconf 53' lang='grc' dir='ltr'><strong>Μ</strong></span> <span class='ocrx_word' id='word_1_223' title='bbox 244 1743 374 1803; x_wconf 53' lang='lat' dir='ltr'><em>musivo</em></span> <span class='ocrx_word' id='word_1_224' title='bbox 386 1740 498 1802; x_wconf 57' lang='lat' dir='ltr'><strong>mmm·</strong></span> <span class='ocrx_word' id='word_1_225' title='bbox 510 1739 755 1817; x_wconf 52' lang='lat' dir='ltr'><em>hemmam</em></span> <span class='ocrx_word' id='word_1_226' title='bbox 765 1741 860 1820; x_wconf 55' lang='lat' dir='ltr'><strong>piem</strong></span> <span class='ocrx_word' id='word_1_227' title='bbox 872 1758 945 1803; x_wconf 40' lang='lat' dir='ltr'><strong>m·</strong></span> <span class='ocrx_word' id='word_1_228' title='bbox 960 1708 984 1768; x_wconf 89' lang='lat' dir='ltr'>B</span> <span class='ocrx_word' id='word_1_229' title='bbox 1000 1727 1046 1768; x_wconf 90' lang='lat' dir='ltr'><strong>sas</strong></span> <span class='ocrx_word' id='word_1_230' title='bbox 1072 1715 1137 1770; x_wconf 88' lang='lat' dir='ltr'><strong>illas</strong></span> <span class='ocrx_word' id='word_1_231' title='bbox 1165 1717 1306 1787; x_wconf 84' lang='lat' dir='ltr'><strong>reliquias</strong></span> <span class='ocrx_word' id='word_1_232' title='bbox 1324 1718 1451 1819; x_wconf 79' lang='lat' dir='ltr'><strong>catalogi</strong></span> <span class='ocrx_word' id='word_1_233' title='bbox 1474 1720 1623 1790; x_wconf 84' lang='lat' dir='ltr'><strong>archetypi</strong></span> <span class='ocrx_word' id='word_1_234' title='bbox 1650 1719 1822 1820; x_wconf 78' lang='lat' dir='ltr'><strong>pontaticum</strong></span> 
     </span>
     <span class='ocr_line' id='line_1_35' title="bbox 154 1803 1821 1900; baseline 0.005 -47"><span class='ocrx_word' id='word_1_235' title='bbox 154 1822 366 1900; x_wconf 55' lang='lat' dir='ltr'><strong>spicuam</strong></span> <span class='ocrx_word' id='word_1_236' title='bbox 385 1817 754 1881; x_wconf 56' lang='lat' dir='ltr'><strong>nam-mmmm</strong></span> <span class='ocrx_word' id='word_1_237' title='bbox 769 1819 805 1880; x_wconf 38' lang='lat' dir='ltr'><strong>S·</strong></span> <span class='ocrx_word' id='word_1_238' title='bbox 839 1820 946 1882; x_wconf 59' lang='lat' dir='ltr'><em>Pauli</em></span> <span class='ocrx_word' id='word_1_239' title='bbox 1000 1803 1191 1858; x_wconf 85' lang='lat' dir='ltr'><strong>Romanorum</strong></span> <span class='ocrx_word' id='word_1_240' title='bbox 1213 1820 1275 1874; x_wconf 84' lang='lat' dir='ltr'><strong>quae</strong></span> <span class='ocrx_word' id='word_1_241' title='bbox 1300 1807 1367 1862; x_wconf 85' lang='lat' dir='ltr'><strong>solae</strong></span> <span class='ocrx_word' id='word_1_242' title='bbox 1389 1821 1446 1875; x_wconf 80' lang='lat' dir='ltr'><strong>pam</strong></span> <span class='ocrx_word' id='word_1_243' title='bbox 1472 1813 1627 1877; x_wconf 83' lang='lat' dir='ltr'><strong>supersunt</strong></span> <span class='ocrx_word' id='word_1_244' title='bbox 1648 1807 1821 1863; x_wconf 85' lang='lat' dir='ltr'><strong>inaustralr</strong></span> 
     </span>
     <span class='ocr_line' id='line_1_36' title="bbox 154 1886 1820 1977; baseline 0.007 -38"><span class='ocrx_word' id='word_1_245' title='bbox 154 1903 217 1963; x_wconf 65' lang='lat' dir='ltr'><em>m</em></span> <span class='ocrx_word' id='word_1_246' title='bbox 233 1901 391 1963; x_wconf 48' lang='lat' dir='ltr'><strong>Ostiensi,</strong></span> <span class='ocrx_word' id='word_1_247' title='bbox 406 1935 444 1943; x_wconf 88' lang='lat'><strong>..</strong></span> <span class='ocrx_word' id='word_1_248' title='bbox 458 1897 657 1960; x_wconf 58' lang='lat' dir='ltr'><strong>ostenditur</strong></span> <span class='ocrx_word' id='word_1_249' title='bbox 669 1899 855 1977; x_wconf 47' lang='lat' dir='ltr'><strong>catalogus</strong></span> <span class='ocrx_word' id='word_1_250' title='bbox 866 1917 947 1976; x_wconf 58' lang='lat' dir='ltr'><strong>pon.</strong></span> <span class='ocrx_word' id='word_1_251' title='bbox 1002 1892 1108 1960; x_wconf 89' lang='lat' dir='ltr'><strong>pariete</strong></span> <span class='ocrx_word' id='word_1_252' title='bbox 1121 1893 1232 1948; x_wconf 90' lang='lat' dir='ltr'><strong>interno</strong></span> <span class='ocrx_word' id='word_1_253' title='bbox 1252 1893 1379 1951; x_wconf 71' lang='lat' dir='ltr'><strong>basilicas</strong></span> <span class='ocrx_word' id='word_1_254' title='bbox 1403 1896 1493 1950; x_wconf 88' lang='lat' dir='ltr'><strong>sancti</strong></span> <span class='ocrx_word' id='word_1_255' title='bbox 1512 1896 1590 1951; x_wconf 85' lang='lat' dir='ltr'><strong>Pauli</strong></span> <span class='ocrx_word' id='word_1_256' title='bbox 1616 1886 1661 1951; x_wconf 74' lang='lat' dir='ltr'><strong>vii</strong></span> <span class='ocrx_word' id='word_1_257' title='bbox 1684 1895 1820 1962; x_wconf 76' lang='lat' dir='ltr'><strong>Ostiensi,</strong></span> 
     </span>
     <span class='ocr_line' id='line_1_37' title="bbox 155 1979 1823 2059; baseline -0.001 -19"><span class='ocrx_word' id='word_1_258' title='bbox 155 1982 293 2059; x_wconf 78' lang='lat' dir='ltr'><strong>itstc-um</strong></span> <span class='ocrx_word' id='word_1_259' title='bbox 305 1984 533 2045; x_wconf 81' lang='lat' dir='ltr'><strong>Itontenoront</strong></span> <span class='ocrx_word' id='word_1_260' title='bbox 542 1979 743 2040; x_wconf 77' lang='lat' dir='ltr'><strong>vetustiores</strong></span> <span class='ocrx_word' id='word_1_261' title='bbox 755 1997 793 2041; x_wconf 84' lang='lat' dir='ltr'><strong>oc</strong></span> <span class='ocrx_word' id='word_1_262' title='bbox 809 1979 948 2057; x_wconf 68' lang='lat' dir='ltr'><strong>fidelio-</strong></span> <span class='ocrx_word' id='word_1_263' title='bbox 1001 1980 1104 2035; x_wconf 84' lang='lat' dir='ltr'><strong>deletis</strong></span> <span class='ocrx_word' id='word_1_264' title='bbox 1118 1981 1235 2037; x_wconf 76' lang='lat' dir='ltr'><strong>cannino</strong></span> <span class='ocrx_word' id='word_1_265' title='bbox 1249 1990 1335 2053; x_wconf 84' lang='lat' dir='ltr'><strong>atque</strong></span> <span class='ocrx_word' id='word_1_266' title='bbox 1359 1984 1490 2052; x_wconf 86' lang='lat' dir='ltr'><strong>disjectis</strong></span> <span class='ocrx_word' id='word_1_267' title='bbox 1512 1985 1622 2040; x_wconf 87' lang='lat' dir='ltr'><strong>caeteris</strong></span> <span class='ocrx_word' id='word_1_268' title='bbox 1646 1985 1823 2055; x_wconf 79' lang='lat' dir='ltr'><strong>imaginibus</strong></span> 
     </span>
     <span class='ocr_line' id='line_1_38' title="bbox 154 2059 1820 2142; baseline 0.003 -19"><span class='ocrx_word' id='word_1_269' title='bbox 154 2060 470 2141; x_wconf 74' lang='lat' dir='ltr'><strong>resttincortgiaem</strong></span> <span class='ocrx_word' id='word_1_270' title='bbox 483 2059 948 2121; x_wconf 70' lang='lat' dir='ltr'><strong>recalescetacceleraverin-</strong></span> <span class='ocrx_word' id='word_1_271' title='bbox 1001 2074 1087 2136; x_wconf 90' lang='lat' dir='ltr'><strong>atque</strong></span> <span class='ocrx_word' id='word_1_272' title='bbox 1109 2070 1351 2138; x_wconf 82' lang='lat' dir='ltr'><strong>inscriptionibus</strong></span> <span class='ocrx_word' id='word_1_273' title='bbox 1365 2074 1472 2128; x_wconf 88' lang='lat' dir='ltr'><strong>similis</strong></span> <span class='ocrx_word' id='word_1_274' title='bbox 1487 2073 1615 2137; x_wconf 79' lang='lat' dir='ltr'><strong>catalogi</strong></span> <span class='ocrx_word' id='word_1_275' title='bbox 1636 2073 1820 2142; x_wconf 82' lang='lat' dir='ltr'><strong>pontiheatis,</strong></span> 
     </span>
    </p>
   </div>
   <div class='ocr_carea' id='block_1_9' title="bbox 154 2140 1823 2321">
    <p class='ocr_par' dir='ltr' id='par_1_9' title="bbox 154 2140 1823 2321">
     <span class='ocr_line' id='line_1_39' title="bbox 154 2140 1823 2232; baseline -0.003 -11"><span class='ocrx_word' id='word_1_276' title='bbox 154 2140 553 2232; x_wconf 29' lang='lat' dir='ltr'><strong>sepflueettcnscffrcpto</strong></span> <span class='ocrx_word' id='word_1_277' title='bbox 571 2140 948 2232; x_wconf 56' lang='lat' dir='ltr'><strong>acontiiterrcptoeenc-</strong></span> <span class='ocrx_word' id='word_1_278' title='bbox 1001 2157 1052 2226; x_wconf 93' lang='lat' dir='ltr'><strong>qni</strong></span> <span class='ocrx_word' id='word_1_279' title='bbox 1074 2157 1108 2211; x_wconf 89' lang='lat' dir='ltr'><strong>ad</strong></span> <span class='ocrx_word' id='word_1_280' title='bbox 1131 2160 1309 2227; x_wconf 88' lang='lat' dir='ltr'><strong>posteritatis</strong></span> <span class='ocrx_word' id='word_1_281' title='bbox 1337 2162 1539 2217; x_wconf 87' lang='lat' dir='ltr'><strong>documentum</strong></span> <span class='ocrx_word' id='word_1_282' title='bbox 1573 2163 1706 2230; x_wconf 89' lang='lat' dir='ltr'><strong>depictus</strong></span> <span class='ocrx_word' id='word_1_283' title='bbox 1729 2159 1823 2216; x_wconf 86' lang='lat' dir='ltr'><strong>luerat</strong></span> 
     </span>
     <span class='ocr_line' id='line_1_40' title="bbox 156 2219 1822 2321; baseline -0.002 -15"><span class='ocrx_word' id='word_1_284' title='bbox 156 2222 232 2283; x_wconf 57' lang='lat' dir='ltr'><strong>dem</strong></span> <span class='ocrx_word' id='word_1_285' title='bbox 268 2219 517 2301; x_wconf 61' lang='lat' dir='ltr'><strong>⁶7W⁰⁷i⁰l⁰9wm</strong></span> <span class='ocrx_word' id='word_1_286' title='bbox 540 2221 594 2282; x_wconf 65' lang='lat' dir='ltr'><strong>s‘w</strong></span> <span class='ocrx_word' id='word_1_287' title='bbox 622 2221 789 2297; x_wconf 55' lang='lat' dir='ltr'><em>demam</em></span> <span class='ocrx_word' id='word_1_288' title='bbox 820 2221 948 2280; x_wconf 61' lang='lat' dir='ltr'><strong>mem</strong></span> <span class='ocrx_word' id='word_1_289' title='bbox 1002 2254 1062 2303; x_wconf 92' lang='lat' dir='ltr'><strong>tum</strong></span> <span class='ocrx_word' id='word_1_290' title='bbox 1077 2248 1128 2318; x_wconf 83' lang='lat' dir='ltr'><strong>ibi,</strong></span> <span class='ocrx_word' id='word_1_291' title='bbox 1146 2250 1246 2304; x_wconf 91' lang='lat' dir='ltr'><strong>tumin</strong></span> <span class='ocrx_word' id='word_1_292' title='bbox 1263 2254 1382 2319; x_wconf 88' lang='lat' dir='ltr'><strong>utraque</strong></span> <span class='ocrx_word' id='word_1_293' title='bbox 1395 2251 1516 2306; x_wconf 88' lang='lat' dir='ltr'><strong>basilica</strong></span> <span class='ocrx_word' id='word_1_294' title='bbox 1532 2250 1717 2321; x_wconf 88' lang='lat' dir='ltr'><strong>patriarchali</strong></span> <span class='ocrx_word' id='word_1_295' title='bbox 1745 2249 1822 2305; x_wconf 88' lang='lat' dir='ltr'><strong>intra</strong></span> 
     </span>
    </p>
   </div>
   <div class='ocr_carea' id='block_1_10' title="bbox 153 2297 1823 2409">
    <p class='ocr_par' dir='ltr' id='par_1_10' title="bbox 153 2297 1823 2409">
     <span class='ocr_line' id='line_1_41' title="bbox 153 2297 1823 2409; baseline -0.001 -14"><span class='ocrx_word' id='word_1_296' title='bbox 153 2297 605 2379; x_wconf 56' lang='lat' dir='ltr'><strong>mlmmmpersmm</strong></span> <span class='ocrx_word' id='word_1_297' title='bbox 633 2298 770 2377; x_wconf 55' lang='lat' dir='ltr'><strong>pamm</strong></span> <span class='ocrx_word' id='word_1_298' title='bbox 794 2298 948 2361; x_wconf 51' lang='lat' dir='ltr'><em>‘mam‘</em></span> <span class='ocrx_word' id='word_1_299' title='bbox 1000 2336 1112 2405; x_wconf 88' lang='lat' dir='ltr'><strong>Urbem,</strong></span> <span class='ocrx_word' id='word_1_300' title='bbox 1144 2340 1324 2393; x_wconf 75' lang='lat' dir='ltr'><strong>iateranensi</strong></span> <span class='ocrx_word' id='word_1_301' title='bbox 1355 2344 1382 2394; x_wconf 93' lang='lat' dir='ltr'><strong>et</strong></span> <span class='ocrx_word' id='word_1_302' title='bbox 1409 2341 1556 2409; x_wconf 85' lang='lat' dir='ltr'><strong>Vaticana,</strong></span> <span class='ocrx_word' id='word_1_303' title='bbox 1591 2345 1622 2393; x_wconf 93' lang='lat' dir='ltr'><strong>ut</strong></span> <span class='ocrx_word' id='word_1_304' title='bbox 1646 2339 1731 2408; x_wconf 87' lang='lat' dir='ltr'><strong>paulo</strong></span> <span class='ocrx_word' id='word_1_305' title='bbox 1756 2344 1823 2393; x_wconf 87' lang='lat' dir='ltr'><strong>anto</strong></span> 
     </span>
    </p>
   </div>
   <div class='ocr_carea' id='block_1_11' title="bbox 114 2384 1823 2765">
    <p class='ocr_par' dir='ltr' id='par_1_11' title="bbox 155 2384 1823 2586">
     <span class='ocr_line' id='line_1_42' title="bbox 155 2384 1823 2498; baseline 0.02 -49"><span class='ocrx_word' id='word_1_306' title='bbox 155 2384 242 2442; x_wconf 80' lang='lat' dir='ltr'><strong>tote.</strong></span> <span class='ocrx_word' id='word_1_307' title='bbox 1001 2428 1221 2482; x_wconf 81' lang='lat' dir='ltr'><strong>memoravimus</strong></span> <span class='ocrx_word' id='word_1_308' title='bbox 1242 2442 1276 2482; x_wconf 82' lang='lat' dir='ltr'><strong>ex</strong></span> <span class='ocrx_word' id='word_1_309' title='bbox 1294 2428 1441 2483; x_wconf 80' lang='lat' dir='ltr'><strong>Ptolemaeo</strong></span> <span class='ocrx_word' id='word_1_310' title='bbox 1457 2429 1586 2497; x_wconf 80' lang='lat' dir='ltr'><strong>bucensi,</strong></span> <span class='ocrx_word' id='word_1_311' title='bbox 1609 2428 1730 2497; x_wconf 83' lang='lat' dir='ltr'><strong>Plotina,</strong></span> <span class='ocrx_word' id='word_1_312' title='bbox 1748 2427 1823 2498; x_wconf 87' lang='lat' dir='ltr'><strong>Veg-</strong></span> 
     </span>
     <span class='ocr_line' id='line_1_43' title="bbox 391 2495 1696 2586; baseline 0.016 -36"><span class='ocrx_word' id='word_1_313' title='bbox 391 2495 531 2551; x_wconf 87' lang='lat' dir='ltr'><strong>Sl&#39;NOPlS</strong></span> <span class='ocrx_word' id='word_1_314' title='bbox 550 2495 680 2551; x_wconf 76' lang='lat' dir='ltr'><strong>CAPlTlS</strong></span> <span class='ocrx_word' id='word_1_315' title='bbox 999 2515 1056 2585; x_wconf 80' lang='lat' dir='ltr'><strong>gio,</strong></span> <span class='ocrx_word' id='word_1_316' title='bbox 1072 2515 1232 2584; x_wconf 84' lang='lat' dir='ltr'><strong>liaynando.</strong></span> <span class='ocrx_word' id='word_1_317' title='bbox 1246 2515 1394 2571; x_wconf 89' lang='lat' dir='ltr'><strong>Grimaldo</strong></span> <span class='ocrx_word' id='word_1_318' title='bbox 1407 2517 1531 2586; x_wconf 89' lang='lat' dir='ltr'><strong>aliisque</strong></span> <span class='ocrx_word' id='word_1_319' title='bbox 1548 2516 1696 2572; x_wconf 87' lang='lat' dir='ltr'><strong>historicis</strong></span> 
     </span>
    </p>

    <p class='ocr_par' dir='ltr' id='par_1_12' title="bbox 114 2600 1822 2676">
     <span class='ocr_line' id='line_1_44' title="bbox 114 2600 1822 2676; baseline 0.008 -27"><span class='ocrx_word' id='word_1_320' title='bbox 114 2600 134 2649; x_wconf 91' lang='lat'><strong>1.</strong></span> <span class='ocrx_word' id='word_1_321' title='bbox 146 2602 245 2676; x_wconf 37' lang='lat' dir='ltr'><strong>&#39;Series</strong></span> <span class='ocrx_word' id='word_1_322' title='bbox 254 2604 279 2674; x_wconf 76' lang='lat' dir='ltr'><strong>et</strong></span> <span class='ocrx_word' id='word_1_323' title='bbox 291 2601 620 2674; x_wconf 82' lang='lat' dir='ltr'><strong>chronologiapontitlcum</strong></span> <span class='ocrx_word' id='word_1_324' title='bbox 641 2601 826 2656; x_wconf 83' lang='lat' dir='ltr'><strong>Romanorum,</strong></span> <span class='ocrx_word' id='word_1_325' title='bbox 845 2600 945 2661; x_wconf 89' lang='lat' dir='ltr'><strong>depicta</strong></span> <span class='ocrx_word' id='word_1_326' title='bbox 1035 2605 1183 2674; x_wconf 80' lang='lat' dir='ltr'><strong>Reliquias</strong></span> <span class='ocrx_word' id='word_1_327' title='bbox 1203 2605 1330 2676; x_wconf 79' lang='lat' dir='ltr'><strong>Calalogi</strong></span> <span class='ocrx_word' id='word_1_328' title='bbox 1350 2621 1415 2662; x_wconf 83' lang='lat' dir='ltr'><strong>cunt</strong></span> <span class='ocrx_word' id='word_1_329' title='bbox 1448 2605 1649 2674; x_wconf 79' lang='lat' dir='ltr'><strong>appellaverint</strong></span> <span class='ocrx_word' id='word_1_330' title='bbox 1680 2619 1738 2671; x_wconf 82' lang='lat' dir='ltr'><strong>eas,</strong></span> <span class='ocrx_word' id='word_1_331' title='bbox 1759 2619 1822 2675; x_wconf 70' lang='lat' dir='ltr'><strong>quat</strong></span> 
     </span>
    </p>

    <p class='ocr_par' dir='ltr' id='par_1_13' title="bbox 145 2661 1823 2765">
     <span class='ocr_line' id='line_1_45' title="bbox 145 2661 1823 2765; baseline 0.011 -52"><span class='ocrx_word' id='word_1_332' title='bbox 145 2680 174 2713; x_wconf 85' lang='grc' dir='ltr'><strong>ιιι</strong></span> <span class='ocrx_word' id='word_1_333' title='bbox 191 2663 340 2714; x_wconf 79' lang='lat' dir='ltr'><strong>basilicas.</strong></span> <span class='ocrx_word' id='word_1_334' title='bbox 357 2664 437 2720; x_wconf 86' lang='lat' dir='ltr'><strong>Pauli,</strong></span> <span class='ocrx_word' id='word_1_335' title='bbox 450 2667 511 2710; x_wconf 83' lang='lat' dir='ltr'><strong>satis</strong></span> <span class='ocrx_word' id='word_1_336' title='bbox 528 2677 667 2724; x_wconf 87' lang='lat' dir='ltr'><strong>conspicue</strong></span> <span class='ocrx_word' id='word_1_337' title='bbox 691 2664 844 2722; x_wconf 74' lang='lat' dir='ltr'><strong>praeservata</strong></span> <span class='ocrx_word' id='word_1_338' title='bbox 858 2661 943 2710; x_wconf 88' lang='lat' dir='ltr'><strong>adhuc</strong></span> <span class='ocrx_word' id='word_1_339' title='bbox 999 2699 1164 2761; x_wconf 47' lang='lat' dir='ltr'><strong>supersum,</strong></span> <span class='ocrx_word' id='word_1_340' title='bbox 1191 2695 1370 2762; x_wconf 56' lang='lat' dir='ltr'><strong>imagineset</strong></span> <span class='ocrx_word' id='word_1_341' title='bbox 1393 2695 1563 2765; x_wconf 56' lang='lat' dir='ltr'><strong>epigraphes</strong></span> <span class='ocrx_word' id='word_1_342' title='bbox 1579 2694 1747 2763; x_wconf 59' lang='lat' dir='ltr'><strong>pontificum</strong></span> <span class='ocrx_word' id='word_1_343' title='bbox 1763 2694 1823 2750; x_wconf 74' lang='lat' dir='ltr'><strong>Ro.</strong></span> 
     </span>
    </p>
   </div>
   <div class='ocr_carea' id='block_1_12' title="bbox 147 2724 1858 2855">
    <p class='ocr_par' dir='ltr' id='par_1_14' title="bbox 147 2724 1858 2855">
     <span class='ocr_line' id='line_1_46' title="bbox 147 2724 944 2789; baseline -0.003 -15"><span class='ocrx_word' id='word_1_344' title='bbox 147 2727 302 2789; x_wconf 87' lang='lat' dir='ltr'><strong>anperestin</strong></span> <span class='ocrx_word' id='word_1_345' title='bbox 311 2725 441 2788; x_wconf 85' lang='lat' dir='ltr'><strong>plerisque</strong></span> <span class='ocrx_word' id='word_1_346' title='bbox 451 2725 639 2786; x_wconf 77' lang='lat' dir='ltr'><strong>pontificibusa</strong></span> <span class='ocrx_word' id='word_1_347' title='bbox 650 2724 680 2774; x_wconf 87' lang='lat' dir='ltr'><strong>S.</strong></span> <span class='ocrx_word' id='word_1_348' title='bbox 696 2724 770 2771; x_wconf 86' lang='lat' dir='ltr'><strong>Petro</strong></span> <span class='ocrx_word' id='word_1_349' title='bbox 782 2724 812 2770; x_wconf 90' lang='lat' dir='ltr'><strong>ad</strong></span> <span class='ocrx_word' id='word_1_350' title='bbox 825 2724 854 2771; x_wconf 87' lang='lat' dir='ltr'><strong>S.</strong></span> <span class='ocrx_word' id='word_1_351' title='bbox 871 2727 944 2772; x_wconf 93' lang='lat' dir='ltr'><strong>lnno-</strong></span> 
     </span>
     <span class='ocr_line' id='line_1_47' title="bbox 147 2781 1858 2855; baseline 0.002 -17"><span class='ocrx_word' id='word_1_352' title='bbox 147 2789 264 2838; x_wconf 87' lang='lat' dir='ltr'><strong>centium</strong></span> <span class='ocrx_word' id='word_1_353' title='bbox 275 2788 396 2849; x_wconf 87' lang='lat' dir='ltr'><strong>primum,</strong></span> <span class='ocrx_word' id='word_1_354' title='bbox 409 2792 436 2834; x_wconf 91' lang='lat' dir='ltr'><strong>ut</strong></span> <span class='ocrx_word' id='word_1_355' title='bbox 448 2788 591 2848; x_wconf 89' lang='lat' dir='ltr'><strong>comparari</strong></span> <span class='ocrx_word' id='word_1_356' title='bbox 602 2787 746 2846; x_wconf 82' lang='lat' dir='ltr'><strong>pos-iteum</strong></span> <span class='ocrx_word' id='word_1_357' title='bbox 760 2784 889 2846; x_wconf 88' lang='lat' dir='ltr'><strong>Caialogis</strong></span> <span class='ocrx_word' id='word_1_358' title='bbox 901 2800 943 2834; x_wconf 90' lang='lat' dir='ltr'><strong>ve·</strong></span> <span class='ocrx_word' id='word_1_359' title='bbox 998 2793 1158 2841; x_wconf 76' lang='lat' dir='ltr'><strong>manorum.</strong></span> <span class='ocrx_word' id='word_1_360' title='bbox 1171 2781 1258 2837; x_wconf 78' lang='lat' dir='ltr'><strong>nolim</strong></span> <span class='ocrx_word' id='word_1_361' title='bbox 1276 2782 1427 2838; x_wconf 80' lang='lat' dir='ltr'><strong>habetiila</strong></span> <span class='ocrx_word' id='word_1_362' title='bbox 1441 2785 1545 2855; x_wconf 82' lang='lat' dir='ltr'><strong>exiguo</strong></span> <span class='ocrx_word' id='word_1_363' title='bbox 1568 2795 1696 2849; x_wconf 77' lang='lat' dir='ltr'><strong>numero,</strong></span> <span class='ocrx_word' id='word_1_364' title='bbox 1710 2789 1761 2838; x_wconf 79' lang='lat' dir='ltr'><strong>aui</strong></span> <span class='ocrx_word' id='word_1_365' title='bbox 1779 2796 1823 2838; x_wconf 83' lang='lat' dir='ltr'><strong>co·</strong></span> <span class='ocrx_word' id='word_1_366' title='bbox 1854 2832 1858 2841; x_wconf 94' lang='lat'><strong>.</strong></span> 
     </span>
    </p>
   </div>
   <div class='ocr_carea' id='block_1_13' title="bbox 146 2850 1668 2962">
    <p class='ocr_par' dir='ltr' id='par_1_15' title="bbox 146 2850 1822 2962">
     <span class='ocr_line' id='line_1_48' title="bbox 146 2850 1668 2962; baseline -0.005 -1"><span class='ocrx_word' id='word_1_367' title='bbox 146 2850 942 2962; x_wconf 56' lang='lat' dir='ltr'><strong>tatastatpateataaaassemblatas</strong></span> <span class='ocrx_word' id='word_1_368' title='bbox 995 2869 1120 2941; x_wconf 80' lang='grc' dir='ltr'><strong>ωωω</strong></span> <span class='ocrx_word' id='word_1_369' title='bbox 1186 2871 1293 2927; x_wconf 74' lang='lat' dir='ltr'><strong>a...</strong></span> <span class='ocrx_word' id='word_1_370' title='bbox 1310 2872 1347 2926; x_wconf 90' lang='grc' dir='ltr'>ω</span> <span class='ocrx_word' id='word_1_371' title='bbox 1361 2871 1668 2944; x_wconf 70' lang='grc' dir='ltr'>ωωωιωω</span> 
     </span>
    </p>
   </div>
   <div class='ocr_carea' id='block_1_14' title="bbox 147 2959 1821 3474">
    <p class='ocr_par' dir='ltr' id='par_1_16' title="bbox 147 2959 1821 3474">
     <span class='ocr_line' id='line_1_49' title="bbox 147 2959 1821 3036; baseline -0.005 -13"><span class='ocrx_word' id='word_1_372' title='bbox 147 2975 239 3034; x_wconf 77' lang='lat' dir='ltr'><strong>ltalia,</strong></span> <span class='ocrx_word' id='word_1_373' title='bbox 254 2974 382 3036; x_wconf 80' lang='lat' dir='ltr'><strong>praecipue</strong></span> <span class='ocrx_word' id='word_1_374' title='bbox 406 2987 467 3021; x_wconf 90' lang='lat' dir='ltr'><strong>vero</strong></span> <span class='ocrx_word' id='word_1_375' title='bbox 480 2986 539 3020; x_wconf 84' lang='lat' dir='ltr'><strong>cum</strong></span> <span class='ocrx_word' id='word_1_376' title='bbox 554 2971 753 3033; x_wconf 78' lang='lat' dir='ltr'><strong>proximioribus</strong></span> <span class='ocrx_word' id='word_1_377' title='bbox 767 2971 840 3028; x_wconf 93' lang='lat' dir='ltr'><strong>Urbi,</strong></span> <span class='ocrx_word' id='word_1_378' title='bbox 853 2986 883 3019; x_wconf 84' lang='lat' dir='ltr'><strong>ex</strong></span> <span class='ocrx_word' id='word_1_379' title='bbox 900 2986 941 3020; x_wconf 91' lang='lat' dir='ltr'><strong>re·</strong></span> <span class='ocrx_word' id='word_1_380' title='bbox 998 2959 1065 3027; x_wconf 87' lang='lat' dir='ltr'><strong>ptis,</strong></span> <span class='ocrx_word' id='word_1_381' title='bbox 1081 2964 1112 3013; x_wconf 84' lang='lat' dir='ltr'><strong>ui</strong></span> <span class='ocrx_word' id='word_1_382' title='bbox 1134 2961 1256 3015; x_wconf 68' lang='lat' dir='ltr'><strong>maxima</strong></span> <span class='ocrx_word' id='word_1_383' title='bbox 1273 2974 1338 3030; x_wconf 77' lang='lat' dir='ltr'><strong>pais</strong></span> <span class='ocrx_word' id='word_1_384' title='bbox 1360 2962 1473 3017; x_wconf 80' lang='lat' dir='ltr'><strong>nonsit</strong></span> <span class='ocrx_word' id='word_1_385' title='bbox 1495 2962 1716 3031; x_wconf 80' lang='lat' dir='ltr'><strong>conspicuaaS.</strong></span> <span class='ocrx_word' id='word_1_386' title='bbox 1740 2964 1821 3018; x_wconf 77' lang='lat' dir='ltr'><strong>Pelio</strong></span> 
     </span>
     <span class='ocr_line' id='line_1_50' title="bbox 147 3025 1821 3122; baseline -0.004 -37"><span class='ocrx_word' id='word_1_387' title='bbox 147 3037 216 3099; x_wconf 85' lang='lat' dir='ltr'><strong>gulis</strong></span> <span class='ocrx_word' id='word_1_388' title='bbox 231 3037 327 3085; x_wconf 85' lang='lat' dir='ltr'><strong>critern</strong></span> <span class='ocrx_word' id='word_1_389' title='bbox 342 3035 528 3094; x_wconf 89' lang='lat' dir='ltr'><strong>chronologici,</strong></span> <span class='ocrx_word' id='word_1_390' title='bbox 549 3035 695 3082; x_wconf 86' lang='lat' dir='ltr'><strong>constitutis</strong></span> <span class='ocrx_word' id='word_1_391' title='bbox 711 3047 740 3081; x_wconf 90' lang='lat' dir='ltr'><strong>ca</strong></span> <span class='ocrx_word' id='word_1_392' title='bbox 759 3035 792 3080; x_wconf 89' lang='lat' dir='ltr'><strong>ile</strong></span> <span class='ocrx_word' id='word_1_393' title='bbox 804 3025 1031 3103; x_wconf 60' lang='lat' dir='ltr'><strong>superiori-Cad</strong></span> <span class='ocrx_word' id='word_1_394' title='bbox 1058 3055 1188 3104; x_wconf 58' lang='lat' dir='ltr'>sanctum</span> <span class='ocrx_word' id='word_1_395' title='bbox 1214 3052 1410 3108; x_wconf 59' lang='lat' dir='ltr'>Innocentium</span> <span class='ocrx_word' id='word_1_396' title='bbox 1433 3053 1568 3122; x_wconf 41' lang='lat' dir='ltr'><strong>primum·</strong></span> <span class='ocrx_word' id='word_1_397' title='bbox 1595 3050 1671 3120; x_wconf 65' lang='lat' dir='ltr'><strong>Quin</strong></span> <span class='ocrx_word' id='word_1_398' title='bbox 1711 3052 1769 3107; x_wconf 68' lang='lat' dir='ltr'><strong>imo</strong></span> <span class='ocrx_word' id='word_1_399' title='bbox 1787 3065 1821 3107; x_wconf 62' lang='lat' dir='ltr'><strong>ex</strong></span> 
     </span>
     <span class='ocr_line' id='line_1_51' title="bbox 996 3137 1821 3211; baseline 0.002 -18"><span class='ocrx_word' id='word_1_400' title='bbox 996 3137 1111 3193; x_wconf 91' lang='lat' dir='ltr'><strong>duabus</strong></span> <span class='ocrx_word' id='word_1_401' title='bbox 1125 3146 1151 3194; x_wconf 87' lang='lat' dir='ltr'><strong>et</strong></span> <span class='ocrx_word' id='word_1_402' title='bbox 1166 3141 1356 3210; x_wconf 89' lang='lat' dir='ltr'><strong>quadraginta</strong></span> <span class='ocrx_word' id='word_1_403' title='bbox 1373 3140 1550 3211; x_wconf 77' lang='lat' dir='ltr'><strong>imaginibus</strong></span> <span class='ocrx_word' id='word_1_404' title='bbox 1565 3141 1682 3197; x_wconf 89' lang='lat' dir='ltr'><strong>totidem</strong></span> <span class='ocrx_word' id='word_1_405' title='bbox 1701 3140 1821 3209; x_wconf 88' lang='lat' dir='ltr'><strong>pontiti-</strong></span> 
     </span>
     <span class='ocr_line' id='line_1_52' title="bbox 997 3229 1820 3297; baseline 0.002 -16"><span class='ocrx_word' id='word_1_406' title='bbox 997 3240 1061 3282; x_wconf 88' lang='lat' dir='ltr'><strong>eum</strong></span> <span class='ocrx_word' id='word_1_407' title='bbox 1077 3229 1276 3295; x_wconf 85' lang='lat' dir='ltr'><strong>maximorum,</strong></span> <span class='ocrx_word' id='word_1_408' title='bbox 1300 3230 1350 3297; x_wconf 92' lang='lat' dir='ltr'><strong>qni</strong></span> <span class='ocrx_word' id='word_1_409' title='bbox 1374 3230 1500 3284; x_wconf 87' lang='lat' dir='ltr'><strong>eamdem</strong></span> <span class='ocrx_word' id='word_1_410' title='bbox 1519 3234 1628 3285; x_wconf 80' lang='lat' dir='ltr'><strong>atatem</strong></span> <span class='ocrx_word' id='word_1_411' title='bbox 1651 3230 1820 3297; x_wconf 88' lang='lat' dir='ltr'><strong>metiuntur,</strong></span> 
     </span>
     <span class='ocr_line' id='line_1_53' title="bbox 999 3315 1817 3388; baseline 0 -19"><span class='ocrx_word' id='word_1_412' title='bbox 999 3315 1139 3384; x_wconf 72' lang='lat' dir='ltr'><strong>pleraeque</strong></span> <span class='ocrx_word' id='word_1_413' title='bbox 1153 3326 1220 3371; x_wconf 91' lang='lat' dir='ltr'><strong>sunt</strong></span> <span class='ocrx_word' id='word_1_414' title='bbox 1232 3317 1360 3388; x_wconf 81' lang='lat' dir='ltr'><strong>integras,</strong></span> <span class='ocrx_word' id='word_1_415' title='bbox 1376 3316 1518 3386; x_wconf 77' lang='lat' dir='ltr'><strong>praecipue</strong></span> <span class='ocrx_word' id='word_1_416' title='bbox 1534 3321 1597 3386; x_wconf 90' lang='lat' dir='ltr'><strong>post</strong></span> <span class='ocrx_word' id='word_1_417' title='bbox 1612 3319 1636 3369; x_wconf 60' lang='grc' dir='ltr'><strong>ὁ.</strong></span> <span class='ocrx_word' id='word_1_418' title='bbox 1650 3315 1817 3370; x_wconf 75' lang='lat' dir='ltr'><strong>antherum.</strong></span> 
     </span>
     <span class='ocr_line' id='line_1_54' title="bbox 996 3404 1820 3474; baseline -0.002 -14"><span class='ocrx_word' id='word_1_419' title='bbox 996 3407 1037 3460; x_wconf 82' lang='lat' dir='ltr'><strong>Ex</strong></span> <span class='ocrx_word' id='word_1_420' title='bbox 1052 3405 1113 3473; x_wconf 91' lang='lat' dir='ltr'><strong>pari</strong></span> <span class='ocrx_word' id='word_1_421' title='bbox 1125 3411 1217 3460; x_wconf 89' lang='lat' dir='ltr'><strong>autem</strong></span> <span class='ocrx_word' id='word_1_422' title='bbox 1227 3416 1345 3461; x_wconf 89' lang='lat' dir='ltr'><strong>numero</strong></span> <span class='ocrx_word' id='word_1_423' title='bbox 1354 3406 1587 3474; x_wconf 91' lang='lat' dir='ltr'><strong>inscriptionum,</strong></span> <span class='ocrx_word' id='word_1_424' title='bbox 1596 3404 1820 3472; x_wconf 84' lang='lat' dir='ltr'><strong>exprimentium</strong></span> 
     </span>
    </p>
   </div>
   <div class='ocr_carea' id='block_1_15' title="bbox 88 3048 943 3392">
    <p class='ocr_par' dir='ltr' id='par_1_17' title="bbox 88 3048 943 3392">
     <span class='ocr_line' id='line_1_55' title="bbox 146 3048 942 3158; baseline -0.005 -10"><span class='ocrx_word' id='word_1_425' title='bbox 146 3098 241 3148; x_wconf 87' lang='grc' dir='ltr'>-ΙΙΙ,</span> <span class='ocrx_word' id='word_1_426' title='bbox 262 3101 390 3147; x_wconf 80' lang='lat' dir='ltr'><strong>Acourato</strong></span> <span class='ocrx_word' id='word_1_427' title='bbox 416 3097 546 3158; x_wconf 86' lang='lat' dir='ltr'><strong>diligentia</strong></span> <span class='ocrx_word' id='word_1_428' title='bbox 574 3096 718 3144; x_wconf 88' lang='lat' dir='ltr'><strong>adhihenda</strong></span> <span class='ocrx_word' id='word_1_429' title='bbox 741 3048 787 3142; x_wconf 62' lang='lat' dir='ltr'><strong>iuti</strong></span> <span class='ocrx_word' id='word_1_430' title='bbox 811 3096 837 3142; x_wconf 92' lang='lat' dir='ltr'><strong>in</strong></span> <span class='ocrx_word' id='word_1_431' title='bbox 852 3096 942 3144; x_wconf 90' lang='lat' dir='ltr'><strong>eadem</strong></span> 
     </span>
     <span class='ocr_line' id='line_1_56' title="bbox 147 3158 943 3219; baseline -0.004 -10"><span class='ocrx_word' id='word_1_432' title='bbox 147 3160 326 3219; x_wconf 83' lang='lat' dir='ltr'><strong>Chronologia</strong></span> <span class='ocrx_word' id='word_1_433' title='bbox 338 3160 446 3207; x_wconf 84' lang='lat' dir='ltr'><strong>fideliter</strong></span> <span class='ocrx_word' id='word_1_434' title='bbox 460 3158 629 3207; x_wconf 89' lang='lat' dir='ltr'><strong>describenda</strong></span> <span class='ocrx_word' id='word_1_435' title='bbox 641 3173 671 3205; x_wconf 80' lang='lat' dir='ltr'><strong>ex</strong></span> <span class='ocrx_word' id='word_1_436' title='bbox 683 3158 848 3215; x_wconf 89' lang='lat' dir='ltr'><strong>imaginibus,</strong></span> <span class='ocrx_word' id='word_1_437' title='bbox 863 3162 887 3204; x_wconf 89' lang='lat' dir='ltr'><strong>et</strong></span> <span class='ocrx_word' id='word_1_438' title='bbox 903 3159 943 3206; x_wconf 91' lang='lat' dir='ltr'><strong>io·</strong></span> 
     </span>
     <span class='ocr_line' id='line_1_57' title="bbox 146 3220 942 3293; baseline -0.005 -21"><span class='ocrx_word' id='word_1_439' title='bbox 146 3222 330 3285; x_wconf 85' lang='lat' dir='ltr'><strong>scriptionibus</strong></span> <span class='ocrx_word' id='word_1_440' title='bbox 355 3234 515 3270; x_wconf 87' lang='lat' dir='ltr'><strong>summorum</strong></span> <span class='ocrx_word' id='word_1_441' title='bbox 530 3220 690 3293; x_wconf 81' lang='lat' dir='ltr'><strong>potitiiicnm,</strong></span> <span class='ocrx_word' id='word_1_442' title='bbox 707 3220 781 3280; x_wconf 91' lang='lat' dir='ltr'><strong>pictis</strong></span> <span class='ocrx_word' id='word_1_443' title='bbox 796 3220 822 3267; x_wconf 94' lang='lat' dir='ltr'><strong>in</strong></span> <span class='ocrx_word' id='word_1_444' title='bbox 846 3221 942 3280; x_wconf 85' lang='lat' dir='ltr'><strong>pariete</strong></span> 
     </span>
     <span class='ocr_line' id='line_1_58' title="bbox 88 3280 941 3392; baseline 0 -63"><span class='ocrx_word' id='word_1_445' title='bbox 88 3323 91 3329; x_wconf 85' lang='grc'>,</span> <span class='ocrx_word' id='word_1_446' title='bbox 147 3285 252 3335; x_wconf 83' lang='lat' dir='ltr'><strong>australi</strong></span> <span class='ocrx_word' id='word_1_447' title='bbox 270 3285 341 3331; x_wconf 87' lang='lat' dir='ltr'><strong>navis</strong></span> <span class='ocrx_word' id='word_1_448' title='bbox 354 3284 478 3332; x_wconf 77' lang='lat' dir='ltr'><strong>medianae</strong></span> <span class='ocrx_word' id='word_1_449' title='bbox 494 3287 582 3392; x_wconf 58' lang='lat' dir='ltr'><strong>quisito</strong></span> <span class='ocrx_word' id='word_1_450' title='bbox 601 3283 701 3330; x_wconf 86' lang='lat' dir='ltr'><strong>circiter</strong></span> <span class='ocrx_word' id='word_1_451' title='bbox 718 3280 812 3330; x_wconf 80' lang='lat' dir='ltr'><strong>Christi</strong></span> <span class='ocrx_word' id='word_1_452' title='bbox 837 3282 941 3338; x_wconf 82' lang='lat' dir='ltr'><strong>saecule,</strong></span> 
     </span>
    </p>
   </div>
   <div class='ocr_carea' id='block_1_16' title="bbox 148 3345 942 3469">
    <p class='ocr_par' dir='ltr' id='par_1_18' title="bbox 148 3345 942 3469">
     <span class='ocr_line' id='line_1_59' title="bbox 148 3345 480 3397; baseline -0.015 -1"><span class='ocrx_word' id='word_1_453' title='bbox 148 3348 320 3397; x_wconf 83' lang='lat' dir='ltr'><strong>Instrumenta</strong></span> <span class='ocrx_word' id='word_1_454' title='bbox 329 3345 442 3393; x_wconf 85' lang='lat' dir='ltr'><strong>adhibita</strong></span> <span class='ocrx_word' id='word_1_455' title='bbox 454 3347 480 3391; x_wconf 89' lang='lat' dir='ltr'><strong>ut</strong></span> 
     </span>
     <span class='ocr_line' id='line_1_60' title="bbox 148 3405 942 3469; baseline -0.006 -11"><span class='ocrx_word' id='word_1_456' title='bbox 148 3411 316 3458; x_wconf 85' lang='lat' dir='ltr'><strong>redderentur</strong></span> <span class='ocrx_word' id='word_1_457' title='bbox 326 3406 576 3469; x_wconf 83' lang='lat' dir='ltr'><strong>aspecthtevidenles</strong></span> <span class='ocrx_word' id='word_1_458' title='bbox 588 3407 612 3454; x_wconf 95' lang='lat' dir='ltr'><strong>in</strong></span> <span class='ocrx_word' id='word_1_459' title='bbox 621 3420 651 3454; x_wconf 87' lang='lat' dir='ltr'><strong>ea</strong></span> <span class='ocrx_word' id='word_1_460' title='bbox 663 3405 871 3453; x_wconf 76' lang='lat' dir='ltr'><strong>distantia—IV.</strong></span> <span class='ocrx_word' id='word_1_461' title='bbox 886 3408 942 3454; x_wconf 84' lang='lat' dir='ltr'><strong>An-</strong></span> 
     </span>
    </p>
   </div>
   <div class='ocr_carea' id='block_1_17' title="bbox 510 3344 943 3404">
    <p class='ocr_par' dir='ltr' id='par_1_19' title="bbox 510 3344 943 3404">
     <span class='ocr_line' id='line_1_61' title="bbox 510 3344 943 3404; baseline -0.005 -13"><span class='ocrx_word' id='word_1_462' title='bbox 510 3346 590 3393; x_wconf 74' lang='lat' dir='ltr'><strong>itterae</strong></span> <span class='ocrx_word' id='word_1_463' title='bbox 608 3344 716 3403; x_wconf 73' lang='lat' dir='ltr'><strong>singulae</strong></span> <span class='ocrx_word' id='word_1_464' title='bbox 727 3357 783 3404; x_wconf 76' lang='lat' dir='ltr'><strong>quie</strong></span> <span class='ocrx_word' id='word_1_465' title='bbox 805 3347 943 3404; x_wconf 88' lang='lat' dir='ltr'><strong>supersunt</strong></span> 
     </span>
    </p>
   </div>
   <div class='ocr_carea' id='block_1_18' title="bbox 147 3468 944 4398">
    <p class='ocr_par' dir='ltr' id='par_1_20' title="bbox 147 3468 944 4398">
     <span class='ocr_line' id='line_1_62' title="bbox 147 3468 943 3543; baseline -0.009 -23"><span class='ocrx_word' id='word_1_466' title='bbox 147 3473 209 3534; x_wconf 89' lang='lat' dir='ltr'><strong>tiqui</strong></span> <span class='ocrx_word' id='word_1_467' title='bbox 221 3471 396 3543; x_wconf 80' lang='lat' dir='ltr'><strong>descriptores</strong></span> <span class='ocrx_word' id='word_1_468' title='bbox 406 3469 596 3529; x_wconf 79' lang='lat' dir='ltr'><strong>Catilogornm,</strong></span> <span class='ocrx_word' id='word_1_469' title='bbox 615 3468 756 3529; x_wconf 72' lang='lat' dir='ltr'><strong>praesertim</strong></span> <span class='ocrx_word' id='word_1_470' title='bbox 774 3468 817 3528; x_wconf 93' lang='lat' dir='ltr'><strong>qui</strong></span> <span class='ocrx_word' id='word_1_471' title='bbox 846 3468 943 3515; x_wconf 90' lang='lat' dir='ltr'><strong>dissitis</strong></span> 
     </span>
     <span class='ocr_line' id='line_1_63' title="bbox 149 3529 942 3594; baseline -0.005 -13"><span class='ocrx_word' id='word_1_472' title='bbox 149 3534 174 3581; x_wconf 90' lang='lat' dir='ltr'><strong>in</strong></span> <span class='ocrx_word' id='word_1_473' title='bbox 189 3533 329 3594; x_wconf 87' lang='lat' dir='ltr'><strong>provinciis</strong></span> <span class='ocrx_word' id='word_1_474' title='bbox 342 3534 411 3579; x_wconf 84' lang='lat' dir='ltr'><strong>eslra</strong></span> <span class='ocrx_word' id='word_1_475' title='bbox 423 3531 519 3578; x_wconf 88' lang='lat' dir='ltr'><strong>ltaliam</strong></span> <span class='ocrx_word' id='word_1_476' title='bbox 535 3530 700 3578; x_wconf 84' lang='lat' dir='ltr'><strong>versabantur</strong></span> <span class='ocrx_word' id='word_1_477' title='bbox 717 3530 816 3576; x_wconf 87' lang='lat' dir='ltr'><strong>etiamsi</strong></span> <span class='ocrx_word' id='word_1_478' title='bbox 832 3529 942 3577; x_wconf 85' lang='lat' dir='ltr'><strong>Romam</strong></span> 
     </span>
     <span class='ocr_line' id='line_1_64' title="bbox 151 3592 943 3654; baseline -0.008 -11"><span class='ocrx_word' id='word_1_479' title='bbox 151 3597 259 3652; x_wconf 85' lang='lat' dir='ltr'><strong>adirent,</strong></span> <span class='ocrx_word' id='word_1_480' title='bbox 273 3598 299 3642; x_wconf 89' lang='lat' dir='ltr'><strong>et</strong></span> <span class='ocrx_word' id='word_1_481' title='bbox 312 3593 391 3641; x_wconf 82' lang='lat' dir='ltr'><strong>hasce</strong></span> <span class='ocrx_word' id='word_1_482' title='bbox 407 3595 527 3654; x_wconf 87' lang='lat' dir='ltr'><strong>picturas,</strong></span> <span class='ocrx_word' id='word_1_483' title='bbox 543 3593 670 3652; x_wconf 86' lang='lat' dir='ltr'><strong>imagines</strong></span> <span class='ocrx_word' id='word_1_484' title='bbox 685 3594 710 3639; x_wconf 91' lang='lat' dir='ltr'><strong>et</strong></span> <span class='ocrx_word' id='word_1_485' title='bbox 727 3592 880 3651; x_wconf 85' lang='lat' dir='ltr'><strong>epigraphes</strong></span> <span class='ocrx_word' id='word_1_486' title='bbox 895 3592 943 3638; x_wconf 90' lang='lat' dir='ltr'><strong>ob·</strong></span> 
     </span>
     <span class='ocr_line' id='line_1_65' title="bbox 148 3652 942 3714; baseline -0.008 -9"><span class='ocrx_word' id='word_1_487' title='bbox 148 3659 287 3714; x_wconf 84' lang='lat' dir='ltr'><strong>servarent,</strong></span> <span class='ocrx_word' id='word_1_488' title='bbox 304 3670 363 3704; x_wconf 89' lang='lat' dir='ltr'><strong>cum</strong></span> <span class='ocrx_word' id='word_1_489' title='bbox 378 3656 576 3703; x_wconf 88' lang='lat' dir='ltr'><strong>destituerentur</strong></span> <span class='ocrx_word' id='word_1_490' title='bbox 597 3657 622 3703; x_wconf 92' lang='lat' dir='ltr'><strong>in</strong></span> <span class='ocrx_word' id='word_1_491' title='bbox 638 3668 684 3701; x_wconf 89' lang='lat' dir='ltr'><strong>sna</strong></span> <span class='ocrx_word' id='word_1_492' title='bbox 710 3652 887 3700; x_wconf 88' lang='lat' dir='ltr'><strong>observatione</strong></span> <span class='ocrx_word' id='word_1_493' title='bbox 911 3654 942 3701; x_wconf 90' lang='lat' dir='ltr'><strong>iis</strong></span> 
     </span>
     <span class='ocr_line' id='line_1_66' title="bbox 150 3716 942 3781; baseline -0.008 -14"><span class='ocrx_word' id='word_1_494' title='bbox 150 3719 275 3781; x_wconf 67' lang='lat' dir='ltr'><strong>praesidiis</strong></span> <span class='ocrx_word' id='word_1_495' title='bbox 285 3731 341 3779; x_wconf 83' lang='lat' dir='ltr'><strong>quae</strong></span> <span class='ocrx_word' id='word_1_496' title='bbox 352 3733 398 3766; x_wconf 90' lang='lat' dir='ltr'><strong>nos</strong></span> <span class='ocrx_word' id='word_1_497' title='bbox 409 3717 517 3765; x_wconf 87' lang='lat' dir='ltr'><strong>leliciler</strong></span> <span class='ocrx_word' id='word_1_498' title='bbox 525 3716 699 3775; x_wconf 89' lang='lat' dir='ltr'><strong>adhibuimus,</strong></span> <span class='ocrx_word' id='word_1_499' title='bbox 708 3716 809 3775; x_wconf 88' lang='lat' dir='ltr'><strong>complu</strong></span> <span class='ocrx_word' id='word_1_500' title='bbox 815 3729 841 3762; x_wconf 90' lang='lat' dir='ltr'><strong>ra</strong></span> <span class='ocrx_word' id='word_1_501' title='bbox 850 3716 942 3762; x_wconf 87' lang='lat' dir='ltr'><strong>villose</strong></span> 
     </span>
     <span class='ocr_line' id='line_1_67' title="bbox 149 3778 943 3840; baseline -0.006 -12"><span class='ocrx_word' id='word_1_502' title='bbox 149 3781 320 3829; x_wconf 87' lang='lat' dir='ltr'><strong>transcribere</strong></span> <span class='ocrx_word' id='word_1_503' title='bbox 346 3779 419 3828; x_wconf 87' lang='lat' dir='ltr'><strong>lacilc</strong></span> <span class='ocrx_word' id='word_1_504' title='bbox 436 3782 591 3840; x_wconf 66' lang='lat' dir='ltr'><strong>potuerunt,</strong></span> <span class='ocrx_word' id='word_1_505' title='bbox 608 3782 633 3826; x_wconf 91' lang='lat' dir='ltr'><strong>et</strong></span> <span class='ocrx_word' id='word_1_506' title='bbox 647 3791 707 3825; x_wconf 90' lang='lat' dir='ltr'><strong>cum</strong></span> <span class='ocrx_word' id='word_1_507' title='bbox 723 3778 748 3824; x_wconf 92' lang='lat' dir='ltr'><strong>in</strong></span> <span class='ocrx_word' id='word_1_508' title='bbox 768 3779 882 3824; x_wconf 90' lang='lat' dir='ltr'><strong>numeris</strong></span> <span class='ocrx_word' id='word_1_509' title='bbox 898 3791 943 3837; x_wconf 89' lang='lat' dir='ltr'><strong>per</strong></span> 
     </span>
     <span class='ocr_line' id='line_1_68' title="bbox 149 3839 942 3902; baseline -0.008 -11"><span class='ocrx_word' id='word_1_510' title='bbox 149 3843 281 3891; x_wconf 82' lang='lat' dir='ltr'><strong>Romanas</strong></span> <span class='ocrx_word' id='word_1_511' title='bbox 302 3841 398 3890; x_wconf 86' lang='lat' dir='ltr'><strong>litteras</strong></span> <span class='ocrx_word' id='word_1_512' title='bbox 420 3843 445 3889; x_wconf 92' lang='lat' dir='ltr'><strong>in</strong></span> <span class='ocrx_word' id='word_1_513' title='bbox 471 3845 607 3902; x_wconf 80' lang='lat' dir='ltr'><strong>prototypo</strong></span> <span class='ocrx_word' id='word_1_514' title='bbox 632 3839 818 3901; x_wconf 82' lang='lat' dir='ltr'><strong>repraesentatis</strong></span> <span class='ocrx_word' id='word_1_515' title='bbox 841 3839 942 3887; x_wconf 88' lang='lat' dir='ltr'><strong>colores</strong></span> 
     </span>
     <span class='ocr_line' id='line_1_69' title="bbox 149 3901 943 3966; baseline -0.005 -13"><span class='ocrx_word' id='word_1_516' title='bbox 149 3905 296 3966; x_wconf 82' lang='lat' dir='ltr'><strong>languidius</strong></span> <span class='ocrx_word' id='word_1_517' title='bbox 317 3904 472 3963; x_wconf 87' lang='lat' dir='ltr'><strong>elucescant,</strong></span> <span class='ocrx_word' id='word_1_518' title='bbox 489 3917 518 3950; x_wconf 88' lang='lat' dir='ltr'><strong>ac</strong></span> <span class='ocrx_word' id='word_1_519' title='bbox 530 3904 556 3949; x_wconf 92' lang='lat' dir='ltr'><strong>in</strong></span> <span class='ocrx_word' id='word_1_520' title='bbox 567 3906 636 3950; x_wconf 86' lang='lat' dir='ltr'><strong>tanta</strong></span> <span class='ocrx_word' id='word_1_521' title='bbox 647 3904 741 3963; x_wconf 90' lang='lat' dir='ltr'><strong>quanta</strong></span> <span class='ocrx_word' id='word_1_522' title='bbox 753 3904 811 3948; x_wconf 92' lang='lat' dir='ltr'><strong>sunt</strong></span> <span class='ocrx_word' id='word_1_523' title='bbox 824 3901 855 3947; x_wconf 89' lang='lat' dir='ltr'><strong>ab</strong></span> <span class='ocrx_word' id='word_1_524' title='bbox 867 3902 943 3949; x_wconf 89' lang='lat' dir='ltr'><strong>oculo</strong></span> 
     </span>
     <span class='ocr_line' id='line_1_70' title="bbox 149 3963 943 4027; baseline -0.008 -12"><span class='ocrx_word' id='word_1_525' title='bbox 149 3968 266 4015; x_wconf 87' lang='lat' dir='ltr'><strong>distantia</strong></span> <span class='ocrx_word' id='word_1_526' title='bbox 290 3966 398 4027; x_wconf 87' lang='lat' dir='ltr'><strong>speciali</strong></span> <span class='ocrx_word' id='word_1_527' title='bbox 414 3979 443 4013; x_wconf 80' lang='lat' dir='ltr'><strong>ex</strong></span> <span class='ocrx_word' id='word_1_528' title='bbox 465 3967 611 4026; x_wconf 89' lang='lat' dir='ltr'><strong>pavimento</strong></span> <span class='ocrx_word' id='word_1_529' title='bbox 628 3966 707 4011; x_wconf 89' lang='lat' dir='ltr'><strong>aciem</strong></span> <span class='ocrx_word' id='word_1_530' title='bbox 724 3964 794 4009; x_wconf 88' lang='lat' dir='ltr'><strong>visus</strong></span> <span class='ocrx_word' id='word_1_531' title='bbox 812 3963 943 4024; x_wconf 89' lang='lat' dir='ltr'><strong>requirant</strong></span> 
     </span>
     <span class='ocr_line' id='line_1_71' title="bbox 148 4025 944 4135; baseline -0.006 -58"><span class='ocrx_word' id='word_1_532' title='bbox 148 4029 295 4091; x_wconf 82' lang='lat' dir='ltr'><strong>perlectam,</strong></span> <span class='ocrx_word' id='word_1_533' title='bbox 313 4030 352 4076; x_wconf 86' lang='lat' dir='ltr'><strong>vel</strong></span> <span class='ocrx_word' id='word_1_534' title='bbox 365 4029 496 4088; x_wconf 90' lang='lat' dir='ltr'><strong>dioptricis</strong></span> <span class='ocrx_word' id='word_1_535' title='bbox 513 4027 636 4075; x_wconf 89' lang='lat' dir='ltr'><strong>subsidiis</strong></span> <span class='ocrx_word' id='word_1_536' title='bbox 663 4025 822 4135; x_wconf 39' lang='lat' dir='ltr'><strong>adjutamme</strong></span> <span class='ocrx_word' id='word_1_537' title='bbox 843 4025 944 4072; x_wconf 89' lang='lat' dir='ltr'><strong>l&#39;allatur</strong></span> 
     </span>
     <span class='ocr_line' id='line_1_72' title="bbox 148 4087 942 4153; baseline -0.008 -14"><span class='ocrx_word' id='word_1_538' title='bbox 148 4093 276 4153; x_wconf 88' lang='lat' dir='ltr'><strong>inspector</strong></span> <span class='ocrx_word' id='word_1_539' title='bbox 291 4091 334 4152; x_wconf 92' lang='lat' dir='ltr'><strong>qui</strong></span> <span class='ocrx_word' id='word_1_540' title='bbox 351 4091 443 4151; x_wconf 89' lang='lat' dir='ltr'><strong>raptim</strong></span> <span class='ocrx_word' id='word_1_541' title='bbox 456 4104 501 4137; x_wconf 88' lang='lat' dir='ltr'><strong>eos</strong></span> <span class='ocrx_word' id='word_1_542' title='bbox 512 4089 680 4150; x_wconf 70' lang='lat' dir='ltr'><strong>pervadat-</strong></span> <span class='ocrx_word' id='word_1_543' title='bbox 712 4127 717 4138; x_wconf 95' lang='lat'><strong>.</strong></span> <span class='ocrx_word' id='word_1_544' title='bbox 736 4087 803 4134; x_wconf 87' lang='lat' dir='ltr'><strong>italis</strong></span> <span class='ocrx_word' id='word_1_545' title='bbox 825 4100 885 4134; x_wconf 90' lang='lat' dir='ltr'><strong>vero</strong></span> <span class='ocrx_word' id='word_1_546' title='bbox 898 4087 942 4134; x_wconf 78' lang='lat' dir='ltr'><strong>dc·</strong></span> 
     </span>
     <span class='ocr_line' id='line_1_73' title="bbox 149 4149 943 4214; baseline -0.006 -13"><span class='ocrx_word' id='word_1_547' title='bbox 149 4152 324 4214; x_wconf 87' lang='lat' dir='ltr'><strong>scriptoribus,</strong></span> <span class='ocrx_word' id='word_1_548' title='bbox 340 4156 416 4212; x_wconf 89' lang='lat' dir='ltr'><strong>alque</strong></span> <span class='ocrx_word' id='word_1_549' title='bbox 430 4152 447 4198; x_wconf 91' lang='lat' dir='ltr'><strong>ii</strong></span> <span class='ocrx_word' id='word_1_550' title='bbox 465 4165 517 4211; x_wconf 81' lang='lat' dir='ltr'><strong>prae</strong></span> <span class='ocrx_word' id='word_1_551' title='bbox 529 4152 627 4199; x_wconf 74' lang='lat' dir='ltr'><strong>caeteris</strong></span> <span class='ocrx_word' id='word_1_552' title='bbox 644 4150 686 4213; x_wconf 89' lang='lat' dir='ltr'><strong>qui</strong></span> <span class='ocrx_word' id='word_1_553' title='bbox 701 4149 814 4209; x_wconf 85' lang='lat' dir='ltr'><strong>regionis</strong></span> <span class='ocrx_word' id='word_1_554' title='bbox 827 4149 943 4196; x_wconf 88' lang='lat' dir='ltr'><strong>suburbi-</strong></span> 
     </span>
     <span class='ocr_line' id='line_1_74' title="bbox 149 4211 943 4275; baseline -0.009 -11"><span class='ocrx_word' id='word_1_555' title='bbox 149 4217 220 4263; x_wconf 75' lang='lat' dir='ltr'><strong>caria</strong></span> <span class='ocrx_word' id='word_1_556' title='bbox 231 4218 256 4263; x_wconf 89' lang='lat' dir='ltr'><strong>et</strong></span> <span class='ocrx_word' id='word_1_557' title='bbox 271 4211 417 4275; x_wconf 81' lang='lat' dir='ltr'><strong>Campaniae</strong></span> <span class='ocrx_word' id='word_1_558' title='bbox 427 4214 453 4260; x_wconf 92' lang='lat' dir='ltr'><strong>in</strong></span> <span class='ocrx_word' id='word_1_559' title='bbox 464 4215 543 4261; x_wconf 87' lang='lat' dir='ltr'><strong>tractu</strong></span> <span class='ocrx_word' id='word_1_560' title='bbox 556 4213 731 4269; x_wconf 85' lang='lat' dir='ltr'><strong>versabantur,</strong></span> <span class='ocrx_word' id='word_1_561' title='bbox 744 4211 836 4259; x_wconf 87' lang='lat' dir='ltr'><strong>licebat</strong></span> <span class='ocrx_word' id='word_1_562' title='bbox 848 4212 943 4271; x_wconf 77' lang='lat' dir='ltr'><strong>saepius</strong></span> 
     </span>
     <span class='ocr_line' id='line_1_75' title="bbox 149 4272 942 4337; baseline -0.008 -12"><span class='ocrx_word' id='word_1_563' title='bbox 149 4281 171 4325; x_wconf 89' lang='lat' dir='ltr'><strong>et</strong></span> <span class='ocrx_word' id='word_1_564' title='bbox 181 4275 275 4336; x_wconf 79' lang='lat' dir='ltr'><strong>majori</strong></span> <span class='ocrx_word' id='word_1_565' title='bbox 288 4289 348 4323; x_wconf 91' lang='lat' dir='ltr'><strong>oum</strong></span> <span class='ocrx_word' id='word_1_566' title='bbox 361 4276 414 4323; x_wconf 87' lang='lat' dir='ltr'><strong>otio</strong></span> <span class='ocrx_word' id='word_1_567' title='bbox 428 4278 540 4337; x_wconf 88' lang='lat' dir='ltr'><strong>picturas</strong></span> <span class='ocrx_word' id='word_1_568' title='bbox 552 4275 609 4323; x_wconf 90' lang='lat' dir='ltr'><strong>illas</strong></span> <span class='ocrx_word' id='word_1_569' title='bbox 622 4278 697 4336; x_wconf 88' lang='lat' dir='ltr'><strong>alque</strong></span> <span class='ocrx_word' id='word_1_570' title='bbox 717 4272 873 4336; x_wconf 87' lang='lat' dir='ltr'><strong>epigraphes</strong></span> <span class='ocrx_word' id='word_1_571' title='bbox 889 4277 942 4320; x_wconf 88' lang='lat' dir='ltr'><strong>ium</strong></span> 
     </span>
     <span class='ocr_line' id='line_1_76' title="bbox 149 4337 942 4398; baseline -0.006 -13"><span class='ocrx_word' id='word_1_572' title='bbox 149 4339 295 4391; x_wconf 87' lang='lat' dir='ltr'><strong>ohservare,</strong></span> <span class='ocrx_word' id='word_1_573' title='bbox 308 4341 362 4385; x_wconf 90' lang='lat' dir='ltr'><strong>tum</strong></span> <span class='ocrx_word' id='word_1_574' title='bbox 378 4337 537 4396; x_wconf 88' lang='lat' dir='ltr'><strong>describere;</strong></span> <span class='ocrx_word' id='word_1_575' title='bbox 552 4350 631 4398; x_wconf 87' lang='lat' dir='ltr'><strong>qnare</strong></span> <span class='ocrx_word' id='word_1_576' title='bbox 647 4350 677 4384; x_wconf 82' lang='lat' dir='ltr'><strong>ea</strong></span> <span class='ocrx_word' id='word_1_577' title='bbox 692 4337 784 4383; x_wconf 90' lang='lat' dir='ltr'><strong>eodem</strong></span> <span class='ocrx_word' id='word_1_578' title='bbox 806 4340 942 4396; x_wconf 83' lang='lat' dir='ltr'><strong>prototypo</strong></span> 
     </span>
    </p>
   </div>
   <div class='ocr_carea' id='block_1_19' title="bbox 997 3492 1822 4366">
    <p class='ocr_par' dir='ltr' id='par_1_21' title="bbox 997 3492 1822 4366">
     <span class='ocr_line' id='line_1_77' title="bbox 998 3492 1818 3564; baseline 0.001 -19"><span class='ocrx_word' id='word_1_579' title='bbox 998 3492 1230 3564; x_wconf 88' lang='lat' dir='ltr'><strong>uniuscujusque</strong></span> <span class='ocrx_word' id='word_1_580' title='bbox 1252 3494 1395 3549; x_wconf 89' lang='lat' dir='ltr'><strong>antistitis</strong></span> <span class='ocrx_word' id='word_1_581' title='bbox 1414 3507 1515 3551; x_wconf 90' lang='lat' dir='ltr'><strong>nomen</strong></span> <span class='ocrx_word' id='word_1_582' title='bbox 1538 3501 1567 3550; x_wconf 90' lang='lat' dir='ltr'><strong>et</strong></span> <span class='ocrx_word' id='word_1_583' title='bbox 1590 3492 1818 3563; x_wconf 87' lang='lat' dir='ltr'><strong>chronologiam.</strong></span> 
     </span>
     <span class='ocr_line' id='line_1_78' title="bbox 998 3581 1820 3651; baseline -0.004 -12"><span class='ocrx_word' id='word_1_584' title='bbox 998 3583 1082 3639; x_wconf 88' lang='lat' dir='ltr'><strong>unica</strong></span> <span class='ocrx_word' id='word_1_585' title='bbox 1098 3589 1151 3651; x_wconf 90' lang='lat' dir='ltr'><strong>est,</strong></span> <span class='ocrx_word' id='word_1_586' title='bbox 1163 3585 1246 3651; x_wconf 85' lang='lat' dir='ltr'><strong>cujus</strong></span> <span class='ocrx_word' id='word_1_587' title='bbox 1258 3584 1362 3638; x_wconf 79' lang='lat' dir='ltr'><strong>litterae</strong></span> <span class='ocrx_word' id='word_1_588' title='bbox 1375 3595 1473 3638; x_wconf 90' lang='lat' dir='ltr'><strong>omnes</strong></span> <span class='ocrx_word' id='word_1_589' title='bbox 1498 3582 1709 3639; x_wconf 87' lang='lat' dir='ltr'><strong>interciderint.</strong></span> <span class='ocrx_word' id='word_1_590' title='bbox 1734 3581 1820 3637; x_wconf 83' lang='lat' dir='ltr'><strong>Com-</strong></span> 
     </span>
     <span class='ocr_line' id='line_1_79' title="bbox 997 3670 1821 3742; baseline 0 -16"><span class='ocrx_word' id='word_1_591' title='bbox 997 3672 1094 3742; x_wconf 92' lang='lat' dir='ltr'><strong>plures</strong></span> <span class='ocrx_word' id='word_1_592' title='bbox 1111 3673 1138 3726; x_wconf 91' lang='lat' dir='ltr'><strong>in</strong></span> <span class='ocrx_word' id='word_1_593' title='bbox 1155 3672 1277 3741; x_wconf 89' lang='lat' dir='ltr'><strong>reliquis</strong></span> <span class='ocrx_word' id='word_1_594' title='bbox 1292 3672 1419 3742; x_wconf 75' lang='lat' dir='ltr'><strong>integrae,</strong></span> <span class='ocrx_word' id='word_1_595' title='bbox 1436 3674 1591 3740; x_wconf 86' lang='lat' dir='ltr'><strong>praeserlim</strong></span> <span class='ocrx_word' id='word_1_596' title='bbox 1619 3672 1673 3728; x_wconf 88' lang='lat' dir='ltr'><strong>aS.</strong></span> <span class='ocrx_word' id='word_1_597' title='bbox 1696 3670 1821 3727; x_wconf 87' lang='lat' dir='ltr'><strong>Fabiano</strong></span> 
     </span>
     <span class='ocr_line' id='line_1_80' title="bbox 997 3758 1821 3832; baseline 0 -17"><span class='ocrx_word' id='word_1_598' title='bbox 997 3762 1031 3816; x_wconf 91' lang='lat' dir='ltr'><strong>ad</strong></span> <span class='ocrx_word' id='word_1_599' title='bbox 1054 3761 1084 3816; x_wconf 88' lang='lat' dir='ltr'><strong>S.</strong></span> <span class='ocrx_word' id='word_1_600' title='bbox 1107 3761 1315 3816; x_wconf 89' lang='lat' dir='ltr'><strong>innocentium.</strong></span> <span class='ocrx_word' id='word_1_601' title='bbox 1337 3762 1357 3815; x_wconf 87' lang='lat' dir='ltr'>E</span> <span class='ocrx_word' id='word_1_602' title='bbox 1376 3762 1480 3832; x_wconf 85' lang='lat' dir='ltr'><strong>viginti</strong></span> <span class='ocrx_word' id='word_1_603' title='bbox 1498 3775 1564 3817; x_wconf 88' lang='lat' dir='ltr'><strong>vero</strong></span> <span class='ocrx_word' id='word_1_604' title='bbox 1584 3758 1784 3831; x_wconf 90' lang='lat' dir='ltr'><strong>superioribus</strong></span> <span class='ocrx_word' id='word_1_605' title='bbox 1804 3772 1821 3815; x_wconf 88' lang='lat' dir='ltr'><strong>a</strong></span> 
     </span>
     <span class='ocr_line' id='line_1_81' title="bbox 997 3849 1820 3906; baseline -0.004 -1"><span class='ocrx_word' id='word_1_606' title='bbox 997 3849 1079 3905; x_wconf 90' lang='lat' dir='ltr'><strong>beato</strong></span> <span class='ocrx_word' id='word_1_607' title='bbox 1095 3851 1175 3905; x_wconf 83' lang='lat' dir='ltr'><strong>Petro</strong></span> <span class='ocrx_word' id='word_1_608' title='bbox 1190 3851 1224 3905; x_wconf 87' lang='lat' dir='ltr'><strong>ad</strong></span> <span class='ocrx_word' id='word_1_609' title='bbox 1239 3850 1395 3906; x_wconf 85' lang='lat' dir='ltr'><strong>Fabianum</strong></span> <span class='ocrx_word' id='word_1_610' title='bbox 1411 3856 1452 3906; x_wconf 89' lang='lat' dir='ltr'><strong>tot</strong></span> <span class='ocrx_word' id='word_1_611' title='bbox 1468 3851 1571 3905; x_wconf 79' lang='lat' dir='ltr'><strong>littera</strong></span> <span class='ocrx_word' id='word_1_612' title='bbox 1586 3856 1653 3906; x_wconf 87' lang='lat' dir='ltr'><strong>sunt</strong></span> <span class='ocrx_word' id='word_1_613' title='bbox 1676 3850 1820 3905; x_wconf 89' lang='lat' dir='ltr'><strong>evidentes</strong></span> 
     </span>
     <span class='ocr_line' id='line_1_82' title="bbox 997 3939 1821 4010; baseline 0 -17"><span class='ocrx_word' id='word_1_614' title='bbox 997 3944 1057 3995; x_wconf 91' lang='lat' dir='ltr'><strong>tom</strong></span> <span class='ocrx_word' id='word_1_615' title='bbox 1074 3939 1103 3992; x_wconf 94' lang='lat' dir='ltr'><strong>in</strong></span> <span class='ocrx_word' id='word_1_616' title='bbox 1116 3939 1292 4004; x_wconf 90' lang='lat' dir='ltr'><strong>nominibus,</strong></span> <span class='ocrx_word' id='word_1_617' title='bbox 1310 3947 1370 3994; x_wconf 92' lang='lat' dir='ltr'><strong>tum</strong></span> <span class='ocrx_word' id='word_1_618' title='bbox 1387 3941 1415 3994; x_wconf 93' lang='lat' dir='ltr'><strong>in</strong></span> <span class='ocrx_word' id='word_1_619' title='bbox 1430 3941 1569 4010; x_wconf 85' lang='lat' dir='ltr'><strong>numeris,</strong></span> <span class='ocrx_word' id='word_1_620' title='bbox 1594 3941 1719 3994; x_wconf 85' lang='lat' dir='ltr'><strong>Romano</strong></span> <span class='ocrx_word' id='word_1_621' title='bbox 1745 3952 1821 3993; x_wconf 81' lang='lat' dir='ltr'><strong>inore</strong></span> 
     </span>
     <span class='ocr_line' id='line_1_83' title="bbox 998 4027 1821 4097; baseline -0.001 -15"><span class='ocrx_word' id='word_1_622' title='bbox 998 4041 1047 4097; x_wconf 89' lang='lat' dir='ltr'><strong>per</strong></span> <span class='ocrx_word' id='word_1_623' title='bbox 1064 4027 1175 4083; x_wconf 88' lang='lat' dir='ltr'><strong>litteras</strong></span> <span class='ocrx_word' id='word_1_624' title='bbox 1193 4027 1360 4092; x_wconf 76' lang='lat' dir='ltr'><strong>efformatis,</strong></span> <span class='ocrx_word' id='word_1_625' title='bbox 1385 4033 1417 4083; x_wconf 92' lang='lat' dir='ltr'><strong>ut</strong></span> <span class='ocrx_word' id='word_1_626' title='bbox 1438 4028 1599 4097; x_wconf 90' lang='lat' dir='ltr'><strong>comparari</strong></span> <span class='ocrx_word' id='word_1_627' title='bbox 1623 4027 1708 4083; x_wconf 85' lang='lat' dir='ltr'><strong>facile</strong></span> <span class='ocrx_word' id='word_1_628' title='bbox 1731 4027 1821 4097; x_wconf 92' lang='lat' dir='ltr'><strong>possit</strong></span> 
     </span>
     <span class='ocr_line' id='line_1_84' title="bbox 997 4115 1822 4187; baseline 0 -16"><span class='ocrx_word' id='word_1_629' title='bbox 997 4117 1183 4187; x_wconf 88' lang='lat' dir='ltr'><strong>chronologia</strong></span> <span class='ocrx_word' id='word_1_630' title='bbox 1207 4117 1255 4171; x_wconf 90' lang='lat' dir='ltr'><strong>hio</strong></span> <span class='ocrx_word' id='word_1_631' title='bbox 1275 4116 1387 4186; x_wconf 88' lang='lat' dir='ltr'><strong>depicta</strong></span> <span class='ocrx_word' id='word_1_632' title='bbox 1411 4130 1476 4171; x_wconf 88' lang='lat' dir='ltr'><strong>oum</strong></span> <span class='ocrx_word' id='word_1_633' title='bbox 1501 4117 1644 4187; x_wconf 83' lang='lat' dir='ltr'><strong>Catalogis</strong></span> <span class='ocrx_word' id='word_1_634' title='bbox 1673 4115 1822 4185; x_wconf 86' lang='lat' dir='ltr'><strong>probatio-</strong></span> 
     </span>
     <span class='ocr_line' id='line_1_85' title="bbox 998 4205 1801 4276; baseline -0.005 -15"><span class='ocrx_word' id='word_1_635' title='bbox 998 4207 1079 4262; x_wconf 89' lang='lat' dir='ltr'><strong>ribus</strong></span> <span class='ocrx_word' id='word_1_636' title='bbox 1094 4206 1357 4276; x_wconf 90' lang='lat' dir='ltr'><strong>etantiquioribus,</strong></span> <span class='ocrx_word' id='word_1_637' title='bbox 1374 4205 1481 4275; x_wconf 88' lang='lat' dir='ltr'><strong>quibas</strong></span> <span class='ocrx_word' id='word_1_638' title='bbox 1500 4206 1621 4261; x_wconf 88' lang='lat' dir='ltr'><strong>miritice</strong></span> <span class='ocrx_word' id='word_1_639' title='bbox 1639 4205 1801 4260; x_wconf 89' lang='lat' dir='ltr'><strong>concordat.</strong></span> 
     </span>
     <span class='ocr_line' id='line_1_86' title="bbox 1014 4295 1821 4366; baseline -0.002 -16"><span class='ocrx_word' id='word_1_640' title='bbox 1014 4295 1039 4351; x_wconf 71' lang='lat'><strong>2.</strong></span> <span class='ocrx_word' id='word_1_641' title='bbox 1057 4297 1124 4350; x_wconf 89' lang='lat' dir='ltr'><strong>Tres</strong></span> <span class='ocrx_word' id='word_1_642' title='bbox 1143 4301 1237 4350; x_wconf 92' lang='lat' dir='ltr'><strong>antem</strong></span> <span class='ocrx_word' id='word_1_643' title='bbox 1257 4301 1326 4350; x_wconf 92' lang='lat' dir='ltr'><strong>sunt</strong></span> <span class='ocrx_word' id='word_1_644' title='bbox 1345 4295 1472 4366; x_wconf 75' lang='lat' dir='ltr'><strong>ttaenogi</strong></span> <span class='ocrx_word' id='word_1_645' title='bbox 1500 4295 1697 4363; x_wconf 78' lang='lat' dir='ltr'><strong>prestantiores</strong></span> <span class='ocrx_word' id='word_1_646' title='bbox 1718 4298 1821 4349; x_wconf 90' lang='lat' dir='ltr'><strong>aueto-</strong></span> 
     </span>
    </p>
   </div>
   <div class='ocr_carea' id='block_1_20' title="bbox 149 4381 1822 4460">
    <p class='ocr_par' dir='ltr' id='par_1_22' title="bbox 149 4381 1822 4460">
     <span class='ocr_line' id='line_1_87' title="bbox 149 4381 1822 4460; baseline -0.006 -12"><span class='ocrx_word' id='word_1_647' title='bbox 149 4403 262 4458; x_wconf 83' lang='lat' dir='ltr'><strong>poterant</strong></span> <span class='ocrx_word' id='word_1_648' title='bbox 278 4400 418 4447; x_wconf 88' lang='lat' dir='ltr'><strong>correctius</strong></span> <span class='ocrx_word' id='word_1_649' title='bbox 431 4398 576 4460; x_wconf 85' lang='lat' dir='ltr'><strong>exemplum</strong></span> <span class='ocrx_word' id='word_1_650' title='bbox 592 4399 667 4446; x_wconf 89' lang='lat' dir='ltr'><strong>nobis</strong></span> <span class='ocrx_word' id='word_1_651' title='bbox 684 4397 837 4460; x_wconf 88' lang='lat' dir='ltr'><strong>relinquere,</strong></span> <span class='ocrx_word' id='word_1_652' title='bbox 864 4381 982 4458; x_wconf 84' lang='lat' dir='ltr'><strong>quami)</strong></span> <span class='ocrx_word' id='word_1_653' title='bbox 999 4385 1083 4439; x_wconf 68' lang='lat' dir='ltr'><strong>iiidie</strong></span> <span class='ocrx_word' id='word_1_654' title='bbox 1097 4389 1125 4438; x_wconf 79' lang='lat' dir='ltr'><strong>ei</strong></span> <span class='ocrx_word' id='word_1_655' title='bbox 1137 4383 1311 4453; x_wconf 77' lang='lat' dir='ltr'><strong>antiquitate</strong></span> <span class='ocrx_word' id='word_1_656' title='bbox 1327 4385 1401 4439; x_wconf 80' lang='lat' dir='ltr'><strong>inter</strong></span> <span class='ocrx_word' id='word_1_657' title='bbox 1415 4397 1463 4439; x_wconf 79' lang='lat' dir='ltr'><strong>eos</strong></span> <span class='ocrx_word' id='word_1_658' title='bbox 1475 4385 1525 4453; x_wconf 83' lang='lat' dir='ltr'><strong>qui</strong></span> <span class='ocrx_word' id='word_1_659' title='bbox 1536 4398 1570 4439; x_wconf 79' lang='lat' dir='ltr'><strong>ex</strong></span> <span class='ocrx_word' id='word_1_660' title='bbox 1584 4384 1717 4439; x_wconf 72' lang='lat' dir='ltr'><strong>Arbilitis</strong></span> <span class='ocrx_word' id='word_1_661' title='bbox 1732 4382 1822 4438; x_wconf 73' lang='lat' dir='ltr'><strong>italiae</strong></span> 
     </span>
    </p>
   </div>
   <div class='ocr_carea' id='block_1_21' title="bbox 149 4460 946 5702">
    <p class='ocr_par' dir='ltr' id='par_1_23' title="bbox 149 4460 946 5702">
     <span class='ocr_line' id='line_1_88' title="bbox 149 4460 943 4519; baseline -0.006 -10"><span class='ocrx_word' id='word_1_662' title='bbox 149 4463 223 4512; x_wconf 81' lang='lat' dir='ltr'><strong>exteri</strong></span> <span class='ocrx_word' id='word_1_663' title='bbox 240 4463 352 4510; x_wconf 86' lang='lat' dir='ltr'><strong>Romam</strong></span> <span class='ocrx_word' id='word_1_664' title='bbox 366 4462 547 4519; x_wconf 88' lang='lat' dir='ltr'><strong>concedentes,</strong></span> <span class='ocrx_word' id='word_1_665' title='bbox 560 4461 605 4508; x_wconf 88' lang='lat' dir='ltr'><strong>scd</strong></span> <span class='ocrx_word' id='word_1_666' title='bbox 616 4461 724 4508; x_wconf 89' lang='lat' dir='ltr'><strong>sollicite</strong></span> <span class='ocrx_word' id='word_1_667' title='bbox 739 4460 849 4507; x_wconf 88' lang='lat' dir='ltr'><strong>reditum</strong></span> <span class='ocrx_word' id='word_1_668' title='bbox 861 4462 943 4505; x_wconf 89' lang='lat' dir='ltr'><strong>matu-</strong></span> 
     </span>
     <span class='ocr_line' id='line_1_89' title="bbox 149 4518 943 4573; baseline -0.006 -1"><span class='ocrx_word' id='word_1_669' title='bbox 149 4528 229 4573; x_wconf 83' lang='lat' dir='ltr'><strong>rantes</strong></span> <span class='ocrx_word' id='word_1_670' title='bbox 246 4525 278 4572; x_wconf 84' lang='lat' dir='ltr'><strong>od</strong></span> <span class='ocrx_word' id='word_1_671' title='bbox 294 4538 354 4570; x_wconf 89' lang='lat' dir='ltr'><strong>snas</strong></span> <span class='ocrx_word' id='word_1_672' title='bbox 370 4523 537 4571; x_wconf 86' lang='lat' dir='ltr'><strong>bibliothecas</strong></span> <span class='ocrx_word' id='word_1_673' title='bbox 548 4525 573 4571; x_wconf 91' lang='lat' dir='ltr'><strong>el</strong></span> <span class='ocrx_word' id='word_1_674' title='bbox 592 4521 837 4571; x_wconf 77' lang='lat' dir='ltr'><strong>monasteria-Vl.</strong></span> <span class='ocrx_word' id='word_1_675' title='bbox 856 4518 943 4568; x_wconf 73' lang='lat' dir='ltr'><strong>Series</strong></span> 
     </span>
     <span class='ocr_line' id='line_1_90' title="bbox 151 4582 944 4647; baseline -0.008 -13"><span class='ocrx_word' id='word_1_676' title='bbox 151 4585 298 4647; x_wconf 70' lang='lat' dir='ltr'><strong>pontificum</strong></span> <span class='ocrx_word' id='word_1_677' title='bbox 318 4586 493 4633; x_wconf 81' lang='lat' dir='ltr'><strong>Romanorum</strong></span> <span class='ocrx_word' id='word_1_678' title='bbox 505 4598 646 4646; x_wconf 87' lang='lat' dir='ltr'><strong>eorumque</strong></span> <span class='ocrx_word' id='word_1_679' title='bbox 659 4582 837 4642; x_wconf 89' lang='lat' dir='ltr'><strong>chronologia,</strong></span> <span class='ocrx_word' id='word_1_680' title='bbox 850 4583 944 4643; x_wconf 88' lang='lat' dir='ltr'><strong>palma-</strong></span> 
     </span>
     <span class='ocr_line' id='line_1_91' title="bbox 150 4643 942 4708; baseline -0.006 -13"><span class='ocrx_word' id='word_1_681' title='bbox 150 4648 215 4696; x_wconf 85' lang='lat' dir='ltr'><strong>ribus</strong></span> <span class='ocrx_word' id='word_1_682' title='bbox 229 4648 321 4696; x_wconf 87' lang='lat' dir='ltr'><strong>litteris</strong></span> <span class='ocrx_word' id='word_1_683' title='bbox 331 4648 432 4708; x_wconf 89' lang='lat' dir='ltr'><strong>depicta</strong></span> <span class='ocrx_word' id='word_1_684' title='bbox 442 4649 467 4694; x_wconf 95' lang='lat' dir='ltr'><strong>in</strong></span> <span class='ocrx_word' id='word_1_685' title='bbox 478 4649 574 4708; x_wconf 86' lang='lat' dir='ltr'><strong>pariete</strong></span> <span class='ocrx_word' id='word_1_686' title='bbox 582 4645 684 4693; x_wconf 87' lang='lat' dir='ltr'><strong>australi</strong></span> <span class='ocrx_word' id='word_1_687' title='bbox 698 4645 808 4692; x_wconf 75' lang='lat' dir='ltr'><strong>basilica</strong></span> <span class='ocrx_word' id='word_1_688' title='bbox 820 4648 849 4692; x_wconf 70' lang='lat' dir='ltr'><strong>ti.</strong></span> <span class='ocrx_word' id='word_1_689' title='bbox 861 4643 942 4700; x_wconf 85' lang='lat' dir='ltr'><strong>Pauli,</strong></span> 
     </span>
     <span class='ocr_line' id='line_1_92' title="bbox 150 4705 944 4769; baseline -0.005 -13"><span class='ocrx_word' id='word_1_690' title='bbox 150 4709 372 4769; x_wconf 87' lang='lat' dir='ltr'><strong>dignoscituresse</strong></span> <span class='ocrx_word' id='word_1_691' title='bbox 387 4709 519 4757; x_wconf 79' lang='lat' dir='ltr'><strong>referenda</strong></span> <span class='ocrx_word' id='word_1_692' title='bbox 531 4710 561 4756; x_wconf 86' lang='lat' dir='ltr'><strong>sd</strong></span> <span class='ocrx_word' id='word_1_693' title='bbox 587 4710 684 4756; x_wconf 89' lang='lat' dir='ltr'><strong>uinlnm</strong></span> <span class='ocrx_word' id='word_1_694' title='bbox 695 4705 826 4764; x_wconf 78' lang='lat' dir='ltr'><strong>saeculnm,</strong></span> <span class='ocrx_word' id='word_1_695' title='bbox 841 4705 944 4755; x_wconf 88' lang='lat' dir='ltr'><strong>Christi.</strong></span> 
     </span>
     <span class='ocr_line' id='line_1_93' title="bbox 151 4724 945 4828; baseline -0.005 -10"><span class='ocrx_word' id='word_1_696' title='bbox 151 4770 264 4820; x_wconf 86' lang='lat' dir='ltr'><strong>Primum</strong></span> <span class='ocrx_word' id='word_1_697' title='bbox 278 4784 308 4819; x_wconf 85' lang='lat' dir='ltr'><strong>ex</strong></span> <span class='ocrx_word' id='word_1_698' title='bbox 342 4773 429 4819; x_wconf 73' lang='lat' dir='ltr'><strong>iciuraa</strong></span> <span class='ocrx_word' id='word_1_699' title='bbox 445 4776 466 4816; x_wconf 90' lang='lat' dir='ltr'><strong>si</strong></span> <span class='ocrx_word' id='word_1_700' title='bbox 485 4771 519 4828; x_wconf 94' lang='lat' dir='ltr'><strong>lo,</strong></span> <span class='ocrx_word' id='word_1_701' title='bbox 532 4724 625 4819; x_wconf 70' lang='lat' dir='ltr'><strong>coiicto</strong></span> <span class='ocrx_word' id='word_1_702' title='bbox 640 4782 697 4817; x_wconf 92' lang='lat' dir='ltr'><strong>cnm</strong></span> <span class='ocrx_word' id='word_1_703' title='bbox 725 4768 834 4826; x_wconf 83' lang='lat' dir='ltr'><strong>musiva,</strong></span> <span class='ocrx_word' id='word_1_704' title='bbox 852 4767 945 4814; x_wconf 83' lang='lat' dir='ltr'><strong>Leonis</strong></span> 
     </span>
     <span class='ocr_line' id='line_1_94' title="bbox 152 4830 946 4895; baseline -0.005 -14"><span class='ocrx_word' id='word_1_705' title='bbox 152 4831 234 4895; x_wconf 85' lang='lat' dir='ltr'><strong>Magni</strong></span> <span class='ocrx_word' id='word_1_706' title='bbox 244 4838 270 4883; x_wconf 89' lang='lat' dir='ltr'><strong>et</strong></span> <span class='ocrx_word' id='word_1_707' title='bbox 287 4833 310 4883; x_wconf 85' lang='lat' dir='ltr'>G</span> <span class='ocrx_word' id='word_1_708' title='bbox 336 4834 366 4881; x_wconf 77' lang='lat' dir='ltr'><strong>lae</strong></span> <span class='ocrx_word' id='word_1_709' title='bbox 381 4833 501 4881; x_wconf 78' lang='lat' dir='ltr'><strong>Placidus</strong></span> <span class='ocrx_word' id='word_1_710' title='bbox 514 4836 586 4881; x_wconf 74' lang='lat' dir='ltr'><strong>aetate</strong></span> <span class='ocrx_word' id='word_1_711' title='bbox 602 4834 760 4880; x_wconf 87' lang='lat' dir='ltr'><strong>constructo.</strong></span> <span class='ocrx_word' id='word_1_712' title='bbox 774 4855 804 4865; x_wconf 96' lang='lat'>-</span> <span class='ocrx_word' id='word_1_713' title='bbox 827 4830 880 4878; x_wconf 90' lang='lat' dir='ltr'><strong>Vll.</strong></span> <span class='ocrx_word' id='word_1_714' title='bbox 899 4831 946 4878; x_wconf 86' lang='lat' dir='ltr'><strong>Se·</strong></span> 
     </span>
     <span class='ocr_line' id='line_1_95' title="bbox 151 4891 945 4956; baseline -0.003 -16"><span class='ocrx_word' id='word_1_715' title='bbox 151 4898 228 4944; x_wconf 88' lang='lat' dir='ltr'><strong>eundo</strong></span> <span class='ocrx_word' id='word_1_716' title='bbox 240 4897 304 4944; x_wconf 91' lang='lat' dir='ltr'><strong>looo</strong></span> <span class='ocrx_word' id='word_1_717' title='bbox 314 4896 340 4943; x_wconf 94' lang='lat' dir='ltr'><strong>id</strong></span> <span class='ocrx_word' id='word_1_718' title='bbox 353 4894 535 4956; x_wconf 88' lang='lat' dir='ltr'><strong>comprobatur</strong></span> <span class='ocrx_word' id='word_1_719' title='bbox 545 4908 576 4942; x_wconf 80' lang='lat' dir='ltr'><strong>cx</strong></span> <span class='ocrx_word' id='word_1_720' title='bbox 588 4894 692 4942; x_wconf 86' lang='lat' dir='ltr'><strong>narratis</strong></span> <span class='ocrx_word' id='word_1_721' title='bbox 705 4894 729 4940; x_wconf 93' lang='lat' dir='ltr'><strong>in</strong></span> <span class='ocrx_word' id='word_1_722' title='bbox 741 4892 817 4940; x_wconf 91' lang='lat' dir='ltr'><strong>Libro</strong></span> <span class='ocrx_word' id='word_1_723' title='bbox 835 4891 945 4940; x_wconf 83' lang='lat' dir='ltr'><strong>Pontid-</strong></span> 
     </span>
     <span class='ocr_line' id='line_1_96' title="bbox 151 4956 944 5018; baseline -0.004 -14"><span class='ocrx_word' id='word_1_724' title='bbox 151 4959 209 5016; x_wconf 87' lang='lat' dir='ltr'><strong>eali;</strong></span> <span class='ocrx_word' id='word_1_725' title='bbox 225 4959 296 5007; x_wconf 91' lang='lat' dir='ltr'><strong>unde</strong></span> <span class='ocrx_word' id='word_1_726' title='bbox 310 4961 410 5005; x_wconf 78' lang='lat' dir='ltr'><strong>constat</strong></span> <span class='ocrx_word' id='word_1_727' title='bbox 422 4958 531 5018; x_wconf 88' lang='lat' dir='ltr'><strong>picturas</strong></span> <span class='ocrx_word' id='word_1_728' title='bbox 544 4956 621 5004; x_wconf 89' lang='lat' dir='ltr'><strong>luisse</strong></span> <span class='ocrx_word' id='word_1_729' title='bbox 634 4956 731 5003; x_wconf 86' lang='lat' dir='ltr'><strong>additas</strong></span> <span class='ocrx_word' id='word_1_730' title='bbox 750 4967 800 5001; x_wconf 87' lang='lat' dir='ltr'><strong>una</strong></span> <span class='ocrx_word' id='word_1_731' title='bbox 811 4968 869 5001; x_wconf 88' lang='lat' dir='ltr'><strong>cum</strong></span> <span class='ocrx_word' id='word_1_732' title='bbox 886 4967 944 5002; x_wconf 92' lang='lat' dir='ltr'><strong>mu-</strong></span> 
     </span>
     <span class='ocr_line' id='line_1_97' title="bbox 151 5017 943 5076; baseline -0.001 -12"><span class='ocrx_word' id='word_1_733' title='bbox 151 5020 198 5067; x_wconf 88' lang='lat' dir='ltr'><strong>sivo</strong></span> <span class='ocrx_word' id='word_1_734' title='bbox 212 5022 237 5068; x_wconf 93' lang='lat' dir='ltr'><strong>in</strong></span> <span class='ocrx_word' id='word_1_735' title='bbox 246 5020 354 5067; x_wconf 85' lang='lat' dir='ltr'><strong>basilica</strong></span> <span class='ocrx_word' id='word_1_736' title='bbox 366 5019 394 5067; x_wconf 89' lang='lat' dir='ltr'><strong>S.</strong></span> <span class='ocrx_word' id='word_1_737' title='bbox 408 5018 482 5066; x_wconf 87' lang='lat' dir='ltr'><strong>Pauli</strong></span> <span class='ocrx_word' id='word_1_738' title='bbox 497 5022 609 5066; x_wconf 89' lang='lat' dir='ltr'><strong>nsancto</strong></span> <span class='ocrx_word' id='word_1_739' title='bbox 620 5018 706 5065; x_wconf 89' lang='lat' dir='ltr'><strong>Leone</strong></span> <span class='ocrx_word' id='word_1_740' title='bbox 716 5017 823 5075; x_wconf 85' lang='lat' dir='ltr'><strong>Magne,</strong></span> <span class='ocrx_word' id='word_1_741' title='bbox 834 5018 857 5063; x_wconf 90' lang='lat' dir='ltr'><strong>et</strong></span> <span class='ocrx_word' id='word_1_742' title='bbox 873 5029 943 5076; x_wconf 90' lang='lat' dir='ltr'><strong>repa·</strong></span> 
     </span>
     <span class='ocr_line' id='line_1_98' title="bbox 150 5079 943 5141; baseline -0.005 -13"><span class='ocrx_word' id='word_1_743' title='bbox 150 5084 256 5129; x_wconf 85' lang='lat' dir='ltr'><strong>ratasvel</strong></span> <span class='ocrx_word' id='word_1_744' title='bbox 269 5085 356 5129; x_wconf 80' lang='lat' dir='ltr'><strong>auctas</strong></span> <span class='ocrx_word' id='word_1_745' title='bbox 367 5081 458 5129; x_wconf 87' lang='lat' dir='ltr'><strong>eodem</strong></span> <span class='ocrx_word' id='word_1_746' title='bbox 470 5081 564 5129; x_wconf 84' lang='lat' dir='ltr'><strong>saecnio</strong></span> <span class='ocrx_word' id='word_1_747' title='bbox 575 5079 811 5141; x_wconf 78' lang='lat' dir='ltr'><strong>perSymmachoin</strong></span> <span class='ocrx_word' id='word_1_748' title='bbox 829 5091 920 5139; x_wconf 87' lang='lat' dir='ltr'><strong>papam</strong></span> <span class='ocrx_word' id='word_1_749' title='bbox 937 5092 943 5124; x_wconf 95' lang='lat'>:</span> 
     </span>
     <span class='ocr_line' id='line_1_99' title="bbox 151 5140 945 5212; baseline -0.004 -23"><span class='ocrx_word' id='word_1_750' title='bbox 151 5150 393 5206; x_wconf 87' lang='lat' dir='ltr'><strong>nequememoratur</strong></span> <span class='ocrx_word' id='word_1_751' title='bbox 401 5144 467 5191; x_wconf 89' lang='lat' dir='ltr'><strong>inter</strong></span> <span class='ocrx_word' id='word_1_752' title='bbox 475 5157 640 5190; x_wconf 86' lang='lat' dir='ltr'><strong>successores</strong></span> <span class='ocrx_word' id='word_1_753' title='bbox 649 5142 775 5202; x_wconf 78' lang='lat' dir='ltr'><strong>quispiam</strong></span> <span class='ocrx_word' id='word_1_754' title='bbox 787 5140 829 5212; x_wconf 88' lang='lat' dir='ltr'><strong>qui</strong></span> <span class='ocrx_word' id='word_1_755' title='bbox 842 5141 945 5187; x_wconf 87' lang='lat' dir='ltr'><strong>easdem</strong></span> 
     </span>
     <span class='ocr_line' id='line_1_100' title="bbox 151 5203 943 5263; baseline -0.003 -11"><span class='ocrx_word' id='word_1_756' title='bbox 151 5206 254 5263; x_wconf 90' lang='lat' dir='ltr'><strong>picturas</strong></span> <span class='ocrx_word' id='word_1_757' title='bbox 268 5205 323 5253; x_wconf 84' lang='lat' dir='ltr'><strong>fieri</strong></span> <span class='ocrx_word' id='word_1_758' title='bbox 339 5206 505 5252; x_wconf 84' lang='lat' dir='ltr'><strong>curaverit-</strong></span> <span class='ocrx_word' id='word_1_759' title='bbox 517 5203 592 5252; x_wconf 88' lang='lat' dir='ltr'><strong>Vlil.</strong></span> <span class='ocrx_word' id='word_1_760' title='bbox 609 5204 696 5251; x_wconf 82' lang='lat' dir='ltr'><strong>Tertio</strong></span> <span class='ocrx_word' id='word_1_761' title='bbox 718 5203 843 5250; x_wconf 85' lang='lat' dir='ltr'><strong>evincitur</strong></span> <span class='ocrx_word' id='word_1_762' title='bbox 862 5216 893 5249; x_wconf 79' lang='lat' dir='ltr'><strong>er</strong></span> <span class='ocrx_word' id='word_1_763' title='bbox 907 5206 943 5250; x_wconf 86' lang='lat' dir='ltr'><strong>te·</strong></span> 
     </span>
     <span class='ocr_line' id='line_1_101' title="bbox 152 5263 942 5328; baseline -0.003 -16"><span class='ocrx_word' id='word_1_764' title='bbox 152 5268 264 5316; x_wconf 79' lang='lat' dir='ltr'><strong>alimonio</strong></span> <span class='ocrx_word' id='word_1_765' title='bbox 273 5267 416 5316; x_wconf 60' lang='lat' dir='ltr'><strong>&amp;Adriani</strong></span> <span class='ocrx_word' id='word_1_766' title='bbox 424 5280 506 5328; x_wconf 81' lang='lat' dir='ltr'><strong>papae,</strong></span> <span class='ocrx_word' id='word_1_767' title='bbox 515 5268 546 5315; x_wconf 86' lang='lat' dir='ltr'><strong>ad</strong></span> <span class='ocrx_word' id='word_1_768' title='bbox 559 5265 679 5316; x_wconf 83' lang='lat' dir='ltr'><strong>Car-olum</strong></span> <span class='ocrx_word' id='word_1_769' title='bbox 694 5266 813 5323; x_wconf 79' lang='lat' dir='ltr'><strong>vlagnum</strong></span> <span class='ocrx_word' id='word_1_770' title='bbox 830 5263 942 5310; x_wconf 86' lang='lat' dir='ltr'><strong>scriben-</strong></span> 
     </span>
     <span class='ocr_line' id='line_1_102' title="bbox 152 5327 942 5391; baseline -0.005 -16"><span class='ocrx_word' id='word_1_771' title='bbox 152 5329 176 5375; x_wconf 90' lang='lat' dir='ltr'><strong>lis</strong></span> <span class='ocrx_word' id='word_1_772' title='bbox 184 5345 229 5391; x_wconf 92' lang='lat' dir='ltr'><strong>pro</strong></span> <span class='ocrx_word' id='word_1_773' title='bbox 240 5331 313 5377; x_wconf 89' lang='lat' dir='ltr'><strong>cultu</strong></span> <span class='ocrx_word' id='word_1_774' title='bbox 326 5343 455 5377; x_wconf 88' lang='lat' dir='ltr'><strong>sacrarum</strong></span> <span class='ocrx_word' id='word_1_775' title='bbox 466 5330 617 5388; x_wconf 85' lang='lat' dir='ltr'><strong>imaginum,</strong></span> <span class='ocrx_word' id='word_1_776' title='bbox 628 5328 655 5374; x_wconf 91' lang='lat' dir='ltr'><strong>in</strong></span> <span class='ocrx_word' id='word_1_777' title='bbox 667 5327 775 5387; x_wconf 84' lang='lat' dir='ltr'><strong>epistola</strong></span> <span class='ocrx_word' id='word_1_778' title='bbox 786 5327 889 5373; x_wconf 87' lang='lat' dir='ltr'><strong>recitato</strong></span> <span class='ocrx_word' id='word_1_779' title='bbox 902 5329 942 5372; x_wconf 91' lang='lat' dir='ltr'><strong>at-</strong></span> 
     </span>
     <span class='ocr_line' id='line_1_103' title="bbox 153 5388 944 5450; baseline -0.005 -12"><span class='ocrx_word' id='word_1_780' title='bbox 153 5404 194 5450; x_wconf 90' lang='lat' dir='ltr'><strong>que</strong></span> <span class='ocrx_word' id='word_1_781' title='bbox 205 5394 274 5440; x_wconf 87' lang='lat' dir='ltr'><strong>edita</strong></span> <span class='ocrx_word' id='word_1_782' title='bbox 285 5393 312 5439; x_wconf 92' lang='lat' dir='ltr'><strong>in</strong></span> <span class='ocrx_word' id='word_1_783' title='bbox 324 5392 395 5438; x_wconf 73' lang='lat' dir='ltr'><strong>Actis</strong></span> <span class='ocrx_word' id='word_1_784' title='bbox 408 5392 496 5450; x_wconf 82' lang='lat' dir='ltr'><strong>synodi</strong></span> <span class='ocrx_word' id='word_1_785' title='bbox 510 5391 620 5437; x_wconf 74' lang='lat' dir='ltr'><strong>Nicaenae</strong></span> <span class='ocrx_word' id='word_1_786' title='bbox 638 5390 774 5447; x_wconf 75' lang='lat' dir='ltr'><strong>seciindoe3</strong></span> <span class='ocrx_word' id='word_1_787' title='bbox 793 5388 835 5435; x_wconf 90' lang='lat' dir='ltr'><strong>uhi</strong></span> <span class='ocrx_word' id='word_1_788' title='bbox 861 5389 944 5434; x_wconf 88' lang='lat' dir='ltr'><strong>niusi-</strong></span> 
     </span>
     <span class='ocr_line' id='line_1_104' title="bbox 152 5449 944 5516; baseline -0.003 -18"><span class='ocrx_word' id='word_1_789' title='bbox 152 5464 202 5500; x_wconf 76' lang='lat' dir='ltr'><strong>snm</strong></span> <span class='ocrx_word' id='word_1_790' title='bbox 215 5469 282 5516; x_wconf 89' lang='lat' dir='ltr'><strong>opus</strong></span> <span class='ocrx_word' id='word_1_791' title='bbox 294 5456 321 5501; x_wconf 88' lang='lat' dir='ltr'><strong>ct</strong></span> <span class='ocrx_word' id='word_1_792' title='bbox 335 5454 441 5514; x_wconf 73' lang='lat' dir='ltr'><strong>picturae</strong></span> <span class='ocrx_word' id='word_1_793' title='bbox 453 5453 616 5500; x_wconf 76' lang='lat' dir='ltr'><strong>ilistoriarum</strong></span> <span class='ocrx_word' id='word_1_794' title='bbox 628 5458 703 5511; x_wconf 91' lang='lat' dir='ltr'><strong>atque</strong></span> <span class='ocrx_word' id='word_1_795' title='bbox 715 5452 856 5509; x_wconf 84' lang='lat' dir='ltr'><strong>imaginum</strong></span> <span class='ocrx_word' id='word_1_796' title='bbox 877 5449 944 5497; x_wconf 89' lang='lat' dir='ltr'><strong>hasi-</strong></span> 
     </span>
     <span class='ocr_line' id='line_1_105' title="bbox 153 5511 945 5570; baseline -0.001 -12"><span class='ocrx_word' id='word_1_797' title='bbox 153 5511 199 5563; x_wconf 79' lang='lat' dir='ltr'><strong>licte</strong></span> <span class='ocrx_word' id='word_1_798' title='bbox 208 5519 237 5563; x_wconf 75' lang='lat' dir='ltr'><strong>S.</strong></span> <span class='ocrx_word' id='word_1_799' title='bbox 252 5515 328 5564; x_wconf 88' lang='lat' dir='ltr'><strong>Pauli</strong></span> <span class='ocrx_word' id='word_1_800' title='bbox 338 5515 484 5562; x_wconf 88' lang='lat' dir='ltr'><strong>tribuuntur</strong></span> <span class='ocrx_word' id='word_1_801' title='bbox 493 5516 644 5563; x_wconf 87' lang='lat' dir='ltr'><strong>nominatim</strong></span> <span class='ocrx_word' id='word_1_802' title='bbox 662 5516 692 5561; x_wconf 69' lang='grc'><strong>5.</strong></span> <span class='ocrx_word' id='word_1_803' title='bbox 708 5513 786 5561; x_wconf 90' lang='lat' dir='ltr'><strong>Leoni</strong></span> <span class='ocrx_word' id='word_1_804' title='bbox 798 5512 903 5570; x_wconf 78' lang='lat' dir='ltr'><strong>hlogno.</strong></span> <span class='ocrx_word' id='word_1_805' title='bbox 914 5537 945 5546; x_wconf 91' lang='lat'>-</span> 
     </span>
     <span class='ocr_line' id='line_1_106' title="bbox 155 5573 946 5637; baseline -0.005 -13"><span class='ocrx_word' id='word_1_806' title='bbox 155 5575 330 5636; x_wconf 63' lang='lat' dir='ltr'><strong>taenarium</strong></span> <span class='ocrx_word' id='word_1_807' title='bbox 339 5579 527 5637; x_wconf 86' lang='lat' dir='ltr'><strong>argumentum,</strong></span> <span class='ocrx_word' id='word_1_808' title='bbox 540 5578 719 5625; x_wconf 89' lang='lat' dir='ltr'><strong>demonstrans</strong></span> <span class='ocrx_word' id='word_1_809' title='bbox 750 5573 946 5621; x_wconf 87' lang='lat' dir='ltr'><strong>hancseriemet</strong></span> 
     </span>
     <span class='ocr_line' id='line_1_107' title="bbox 153 5635 945 5702; baseline 0.001 -20"><span class='ocrx_word' id='word_1_810' title='bbox 153 5637 342 5702; x_wconf 86' lang='lat' dir='ltr'><strong>chronologiam</strong></span> <span class='ocrx_word' id='word_1_811' title='bbox 350 5639 387 5687; x_wconf 92' lang='lat' dir='ltr'><strong>ibi</strong></span> <span class='ocrx_word' id='word_1_812' title='bbox 399 5639 509 5700; x_wconf 85' lang='lat' dir='ltr'><strong>positam</strong></span> <span class='ocrx_word' id='word_1_813' title='bbox 518 5639 597 5687; x_wconf 87' lang='lat' dir='ltr'><strong>inisse</strong></span> <span class='ocrx_word' id='word_1_814' title='bbox 616 5637 711 5686; x_wconf 64' lang='lat' dir='ltr'><strong>monio</strong></span> <span class='ocrx_word' id='word_1_815' title='bbox 722 5637 822 5698; x_wconf 88' lang='lat' dir='ltr'><strong>quinto,</strong></span> <span class='ocrx_word' id='word_1_816' title='bbox 840 5635 945 5684; x_wconf 90' lang='lat' dir='ltr'><strong>deduci·</strong></span> 
     </span>
    </p>
   </div>
   <div class='ocr_carea' id='block_1_22' title="bbox 998 4471 1822 5695">
    <p class='ocr_par' dir='ltr' id='par_1_24' title="bbox 998 4471 1822 5695">
     <span class='ocr_line' id='line_1_108' title="bbox 999 4471 1820 4542; baseline -0.002 -14"><span class='ocrx_word' id='word_1_817' title='bbox 999 4473 1081 4542; x_wconf 91' lang='lat' dir='ltr'><strong>petiti</strong></span> <span class='ocrx_word' id='word_1_818' title='bbox 1097 4478 1175 4540; x_wconf 87' lang='lat' dir='ltr'><strong>sunt,</strong></span> <span class='ocrx_word' id='word_1_819' title='bbox 1192 4473 1226 4527; x_wconf 91' lang='lat' dir='ltr'><strong>ad</strong></span> <span class='ocrx_word' id='word_1_820' title='bbox 1248 4487 1320 4541; x_wconf 93' lang='lat' dir='ltr'><strong>quos</strong></span> <span class='ocrx_word' id='word_1_821' title='bbox 1339 4473 1506 4542; x_wconf 85' lang='lat' dir='ltr'><strong>exigendam</strong></span> <span class='ocrx_word' id='word_1_822' title='bbox 1532 4486 1593 4528; x_wconf 89' lang='lat' dir='ltr'><strong>esse</strong></span> <span class='ocrx_word' id='word_1_823' title='bbox 1615 4473 1714 4528; x_wconf 88' lang='lat' dir='ltr'><strong>censui</strong></span> <span class='ocrx_word' id='word_1_824' title='bbox 1739 4471 1820 4527; x_wconf 88' lang='lat' dir='ltr'><strong>fldem</strong></span> 
     </span>
     <span class='ocr_line' id='line_1_109' title="bbox 998 4561 1822 4631; baseline -0.002 -14"><span class='ocrx_word' id='word_1_825' title='bbox 998 4561 1191 4631; x_wconf 77' lang='lat' dir='ltr'><strong>chronologos</strong></span> <span class='ocrx_word' id='word_1_826' title='bbox 1221 4561 1250 4616; x_wconf 93' lang='lat' dir='ltr'><strong>in</strong></span> <span class='ocrx_word' id='word_1_827' title='bbox 1270 4561 1387 4617; x_wconf 80' lang='lat' dir='ltr'><strong>Parilina</strong></span> <span class='ocrx_word' id='word_1_828' title='bbox 1420 4561 1541 4616; x_wconf 91' lang='lat' dir='ltr'><strong>basilica</strong></span> <span class='ocrx_word' id='word_1_829' title='bbox 1570 4562 1701 4629; x_wconf 83' lang='lat' dir='ltr'><strong>depictae,</strong></span> <span class='ocrx_word' id='word_1_830' title='bbox 1723 4574 1822 4629; x_wconf 90' lang='lat' dir='ltr'><strong>nempe</strong></span> 
     </span>
     <span class='ocr_line' id='line_1_110' title="bbox 999 4650 1822 4720; baseline 0 -15"><span class='ocrx_word' id='word_1_831' title='bbox 999 4650 1152 4714; x_wconf 85' lang='lat' dir='ltr'><strong>Fariensis,</strong></span> <span class='ocrx_word' id='word_1_832' title='bbox 1164 4650 1298 4705; x_wconf 82' lang='lat' dir='ltr'><strong>cavensis</strong></span> <span class='ocrx_word' id='word_1_833' title='bbox 1310 4656 1338 4704; x_wconf 91' lang='lat' dir='ltr'><strong>et</strong></span> <span class='ocrx_word' id='word_1_834' title='bbox 1355 4651 1563 4720; x_wconf 83' lang='lat' dir='ltr'><strong>bergomensis.</strong></span> <span class='ocrx_word' id='word_1_835' title='bbox 1579 4651 1637 4706; x_wconf 83' lang='lat' dir='ltr'><strong>Cur</strong></span> <span class='ocrx_word' id='word_1_836' title='bbox 1651 4663 1717 4705; x_wconf 92' lang='lat' dir='ltr'><strong>vero</strong></span> <span class='ocrx_word' id='word_1_837' title='bbox 1728 4650 1822 4705; x_wconf 84' lang='lat' dir='ltr'><strong>duxe-</strong></span> 
     </span>
     <span class='ocr_line' id='line_1_111' title="bbox 1001 4738 1821 4810; baseline -0.001 -16"><span class='ocrx_word' id='word_1_838' title='bbox 1001 4740 1055 4794; x_wconf 93' lang='lat' dir='ltr'><strong>rim</strong></span> <span class='ocrx_word' id='word_1_839' title='bbox 1071 4738 1232 4810; x_wconf 85' lang='lat' dir='ltr'><strong>seligendos</strong></span> <span class='ocrx_word' id='word_1_840' title='bbox 1247 4752 1281 4794; x_wconf 81' lang='lat' dir='ltr'><strong>ex</strong></span> <span class='ocrx_word' id='word_1_841' title='bbox 1304 4739 1423 4794; x_wconf 80' lang='lat' dir='ltr'><strong>archivis</strong></span> <span class='ocrx_word' id='word_1_842' title='bbox 1447 4741 1536 4794; x_wconf 80' lang='lat' dir='ltr'><strong>ltalia</strong></span> <span class='ocrx_word' id='word_1_843' title='bbox 1560 4742 1763 4810; x_wconf 90' lang='lat' dir='ltr'><strong>potiusquam</strong></span> <span class='ocrx_word' id='word_1_844' title='bbox 1787 4751 1821 4793; x_wconf 85' lang='lat' dir='ltr'><strong>ex</strong></span> 
     </span>
     <span class='ocr_line' id='line_1_112' title="bbox 999 4827 1820 4896; baseline -0.002 -14"><span class='ocrx_word' id='word_1_845' title='bbox 999 4827 1178 4882; x_wconf 85' lang='lat' dir='ltr'><strong>documentis</strong></span> <span class='ocrx_word' id='word_1_846' title='bbox 1194 4830 1334 4894; x_wconf 80' lang='lat' dir='ltr'><strong>reqionum</strong></span> <span class='ocrx_word' id='word_1_847' title='bbox 1354 4834 1517 4895; x_wconf 71' lang='lat' dir='ltr'><strong>caeterorum,</strong></span> <span class='ocrx_word' id='word_1_848' title='bbox 1537 4829 1564 4883; x_wconf 92' lang='lat' dir='ltr'><strong>id</strong></span> <span class='ocrx_word' id='word_1_849' title='bbox 1583 4828 1772 4896; x_wconf 88' lang='lat' dir='ltr'><strong>consequitur</strong></span> <span class='ocrx_word' id='word_1_850' title='bbox 1786 4839 1820 4881; x_wconf 84' lang='lat' dir='ltr'><strong>ex</strong></span> 
     </span>
     <span class='ocr_line' id='line_1_113' title="bbox 1001 4913 1818 4987; baseline -0.001 -17"><span class='ocrx_word' id='word_1_851' title='bbox 1001 4915 1109 4987; x_wconf 88' lang='lat' dir='ltr'><strong>regulis</strong></span> <span class='ocrx_word' id='word_1_852' title='bbox 1121 4915 1212 4983; x_wconf 89' lang='lat' dir='ltr'><strong>prima</strong></span> <span class='ocrx_word' id='word_1_853' title='bbox 1226 4930 1259 4971; x_wconf 92' lang='lat' dir='ltr'><strong>ac</strong></span> <span class='ocrx_word' id='word_1_854' title='bbox 1274 4920 1368 4985; x_wconf 87' lang='lat' dir='ltr'><strong>tertia,</strong></span> <span class='ocrx_word' id='word_1_855' title='bbox 1392 4917 1576 4987; x_wconf 86' lang='lat' dir='ltr'><strong>ejusdemque</strong></span> <span class='ocrx_word' id='word_1_856' title='bbox 1589 4930 1622 4971; x_wconf 85' lang='lat' dir='ltr'><strong>ex</strong></span> <span class='ocrx_word' id='word_1_857' title='bbox 1639 4913 1818 4984; x_wconf 87' lang='lat' dir='ltr'><strong>Corollariis,</strong></span> 
     </span>
     <span class='ocr_line' id='line_1_114' title="bbox 1000 5003 1820 5073; baseline -0.001 -12"><span class='ocrx_word' id='word_1_858' title='bbox 1000 5003 1383 5073; x_wconf 79' lang='lat' dir='ltr'><strong>firmatiscapitesuperiori,</strong></span> <span class='ocrx_word' id='word_1_859' title='bbox 1393 5007 1461 5060; x_wconf 91' lang='lat' dir='ltr'><strong>dnm</strong></span> <span class='ocrx_word' id='word_1_860' title='bbox 1476 5011 1705 5060; x_wconf 89' lang='lat' dir='ltr'><strong>consectaremur</strong></span> <span class='ocrx_word' id='word_1_861' title='bbox 1715 5005 1820 5060; x_wconf 93' lang='lat' dir='ltr'><strong>metho-</strong></span> 
     </span>
     <span class='ocr_line' id='line_1_115' title="bbox 998 5093 1821 5163; baseline -0.002 -13"><span class='ocrx_word' id='word_1_862' title='bbox 998 5095 1067 5150; x_wconf 91' lang='lat' dir='ltr'><strong>dum</strong></span> <span class='ocrx_word' id='word_1_863' title='bbox 1084 5093 1260 5148; x_wconf 83' lang='lat' dir='ltr'><strong>inveniendae</strong></span> <span class='ocrx_word' id='word_1_864' title='bbox 1274 5093 1481 5163; x_wconf 81' lang='lat' dir='ltr'><strong>chronologica</strong></span> <span class='ocrx_word' id='word_1_865' title='bbox 1494 5093 1625 5149; x_wconf 89' lang='lat' dir='ltr'><strong>veritatis</strong></span> <span class='ocrx_word' id='word_1_866' title='bbox 1640 5106 1756 5150; x_wconf 91' lang='lat' dir='ltr'><strong>numero</strong></span> <span class='ocrx_word' id='word_1_867' title='bbox 1771 5107 1821 5148; x_wconf 88' lang='lat' dir='ltr'><strong>se-</strong></span> 
     </span>
     <span class='ocr_line' id='line_1_116' title="bbox 999 5181 1820 5250; baseline -0.002 -11"><span class='ocrx_word' id='word_1_868' title='bbox 999 5183 1103 5248; x_wconf 89' lang='lat' dir='ltr'><strong>cundo,</strong></span> <span class='ocrx_word' id='word_1_869' title='bbox 1128 5181 1249 5250; x_wconf 88' lang='lat' dir='ltr'><strong>septimo</strong></span> <span class='ocrx_word' id='word_1_870' title='bbox 1263 5186 1291 5236; x_wconf 94' lang='lat' dir='ltr'><strong>et</strong></span> <span class='ocrx_word' id='word_1_871' title='bbox 1315 5188 1422 5237; x_wconf 87' lang='lat' dir='ltr'><strong>octavo.</strong></span> <span class='ocrx_word' id='word_1_872' title='bbox 1444 5181 1596 5239; x_wconf 89' lang='lat' dir='ltr'><strong>Ostensnm</strong></span> <span class='ocrx_word' id='word_1_873' title='bbox 1623 5183 1680 5239; x_wconf 86' lang='lat' dir='ltr'><strong>luit</strong></span> <span class='ocrx_word' id='word_1_874' title='bbox 1702 5194 1820 5237; x_wconf 90' lang='lat' dir='ltr'><strong>numero</strong></span> 
     </span>
     <span class='ocr_line' id='line_1_117' title="bbox 999 5270 1818 5342; baseline 0 -16"><span class='ocrx_word' id='word_1_875' title='bbox 999 5271 1124 5326; x_wconf 86' lang='lat' dir='ltr'><strong>secundo</strong></span> <span class='ocrx_word' id='word_1_876' title='bbox 1135 5271 1169 5325; x_wconf 91' lang='lat' dir='ltr'><strong>ad</strong></span> <span class='ocrx_word' id='word_1_877' title='bbox 1183 5283 1274 5324; x_wconf 88' lang='lat' dir='ltr'><strong>veram</strong></span> <span class='ocrx_word' id='word_1_878' title='bbox 1286 5270 1501 5342; x_wconf 88' lang='lat' dir='ltr'><strong>chronologiam</strong></span> <span class='ocrx_word' id='word_1_879' title='bbox 1513 5274 1692 5330; x_wconf 87' lang='lat' dir='ltr'><strong>statuendam</strong></span> <span class='ocrx_word' id='word_1_880' title='bbox 1706 5270 1818 5326; x_wconf 89' lang='lat' dir='ltr'><strong>consuli</strong></span> 
     </span>
     <span class='ocr_line' id='line_1_118' title="bbox 999 5359 1816 5430; baseline 0.001 -17"><span class='ocrx_word' id='word_1_881' title='bbox 999 5374 1015 5414; x_wconf 88' lang='lat' dir='ltr'><strong>a</strong></span> <span class='ocrx_word' id='word_1_882' title='bbox 1031 5359 1113 5413; x_wconf 89' lang='lat' dir='ltr'><strong>nobis</strong></span> <span class='ocrx_word' id='word_1_883' title='bbox 1127 5365 1256 5426; x_wconf 90' lang='lat' dir='ltr'><strong>oportere</strong></span> <span class='ocrx_word' id='word_1_884' title='bbox 1269 5364 1461 5414; x_wconf 84' lang='lat' dir='ltr'><strong>monnumento</strong></span> <span class='ocrx_word' id='word_1_885' title='bbox 1476 5362 1598 5430; x_wconf 86' lang='lat' dir='ltr'><strong>publico,</strong></span> <span class='ocrx_word' id='word_1_886' title='bbox 1619 5361 1644 5415; x_wconf 91' lang='lat' dir='ltr'><strong>si</strong></span> <span class='ocrx_word' id='word_1_887' title='bbox 1658 5373 1720 5428; x_wconf 79' lang='lat' dir='ltr'><strong>quae</strong></span> <span class='ocrx_word' id='word_1_888' title='bbox 1735 5365 1816 5414; x_wconf 88' lang='lat' dir='ltr'><strong>sunt:</strong></span> 
     </span>
     <span class='ocr_line' id='line_1_119' title="bbox 999 5447 1819 5517; baseline 0.004 -15"><span class='ocrx_word' id='word_1_889' title='bbox 999 5447 1265 5516; x_wconf 74' lang='lat' dir='ltr'><strong>euquepvaserendo</strong></span> <span class='ocrx_word' id='word_1_890' title='bbox 1280 5463 1347 5516; x_wconf 79' lang='lat' dir='ltr'><strong>qua,</strong></span> <span class='ocrx_word' id='word_1_891' title='bbox 1363 5465 1413 5517; x_wconf 85' lang='lat' dir='ltr'><strong>per</strong></span> <span class='ocrx_word' id='word_1_892' title='bbox 1426 5451 1498 5504; x_wconf 82' lang='lat' dir='ltr'><strong>ciros</strong></span> <span class='ocrx_word' id='word_1_893' title='bbox 1518 5451 1626 5503; x_wconf 82' lang='lat' dir='ltr'><strong>idoneos</strong></span> <span class='ocrx_word' id='word_1_894' title='bbox 1642 5449 1744 5515; x_wconf 83' lang='lat' dir='ltr'><strong>posito,</strong></span> <span class='ocrx_word' id='word_1_895' title='bbox 1764 5449 1819 5504; x_wconf 88' lang='lat' dir='ltr'><strong>loco</strong></span> 
     </span>
     <span class='ocr_line' id='line_1_120' title="bbox 998 5537 1819 5606; baseline 0.004 -16"><span class='ocrx_word' id='word_1_896' title='bbox 998 5537 1220 5605; x_wconf 79' lang='lat' dir='ltr'><strong>ecteittporesint</strong></span> <span class='ocrx_word' id='word_1_897' title='bbox 1235 5538 1405 5604; x_wconf 69' lang='lat' dir='ltr'><strong>proximiora</strong></span> <span class='ocrx_word' id='word_1_898' title='bbox 1429 5540 1503 5593; x_wconf 76' lang='lat' dir='ltr'><strong>atati</strong></span> <span class='ocrx_word' id='word_1_899' title='bbox 1517 5555 1549 5592; x_wconf 82' lang='lat' dir='ltr'><strong>ec</strong></span> <span class='ocrx_word' id='word_1_900' title='bbox 1558 5538 1640 5605; x_wconf 77' lang='lat' dir='ltr'><strong>pestis</strong></span> <span class='ocrx_word' id='word_1_901' title='bbox 1664 5537 1696 5591; x_wconf 86' lang='lat' dir='ltr'><strong>de</strong></span> <span class='ocrx_word' id='word_1_902' title='bbox 1719 5539 1819 5606; x_wconf 82' lang='lat' dir='ltr'><strong>quihus</strong></span> 
     </span>
     <span class='ocr_line' id='line_1_121' title="bbox 998 5625 1818 5695; baseline 0.005 -16"><span class='ocrx_word' id='word_1_903' title='bbox 998 5625 1064 5680; x_wconf 79' lang='lat' dir='ltr'><strong>dum</strong></span> <span class='ocrx_word' id='word_1_904' title='bbox 1075 5626 1193 5680; x_wconf 73' lang='lat' dir='ltr'><strong>meatim</strong></span> <span class='ocrx_word' id='word_1_905' title='bbox 1208 5625 1311 5692; x_wconf 71' lang='lat' dir='ltr'><strong>ordor.</strong></span> <span class='ocrx_word' id='word_1_906' title='bbox 1327 5626 1437 5680; x_wconf 85' lang='lat' dir='ltr'><strong>Rursus</strong></span> <span class='ocrx_word' id='word_1_907' title='bbox 1448 5638 1566 5682; x_wconf 91' lang='lat' dir='ltr'><strong>numero</strong></span> <span class='ocrx_word' id='word_1_908' title='bbox 1576 5625 1697 5695; x_wconf 83' lang='lat' dir='ltr'><strong>septimo</strong></span> <span class='ocrx_word' id='word_1_909' title='bbox 1710 5628 1818 5683; x_wconf 88' lang='lat' dir='ltr'><strong>consti·</strong></span> 
     </span>
    </p>
   </div>
   <div class='ocr_carea' id='block_1_23' title="bbox 0 0 1950 6132">
    <p class='ocr_par' dir='ltr' id='par_1_25' title="bbox 0 0 1950 6132">
     <span class='ocr_line' id='line_1_122' title="bbox 0 0 1950 6132; baseline 0 0"><span class='ocrx_word' id='word_1_910' title='bbox 0 0 1950 6132; x_wconf 95' lang='lat' dir='ltr'><strong> </strong></span> 
     </span>
    </p>
   </div>
  </div>
 </body>
</html>
