3884 6126
48 342 85 408 15
819 318 1008 395 Pliffl'lll).
1719 324 1755 400 lli

48 458 500 548 praeeminentissimi
517 455 760 525 dirissimum
771 448 874 520 nstin
887 464 917 526 Α
929 446 1033 531 nnsis,
1046 444 1133 519 stin
1144 448 1269 527 nansi,
1279 446 1563 520 consensionum
1573 443 1753 537 iciendum

50 564 178 637 priorum
187 556 358 634 pontid'cum
367 548 877 628 Romanorumnnmqneresponden·
929 540 1451 609 vicariumsdum‘nominatsirnonen
1461 538 1756 617 liar-lonc,Sinnnen

50 659 104 710 333
118 649 227 709 cauom
245 668 255 718 ς
271 662 357 720 quam
380 642 532 704 lectionem
549 643 640 701 editio
660 638 877 700 Henscbcniana
929 632 1018 709 tilium
1031 641 1155 704 loannis,
1176 638 1280 696 deinde
1297 636 1410 709 deplics,
1425 638 1536 696 Petrnin
1556 638 1668 711 (uani.
1684 632 1755 715 xri).

50 739 223 798 turbaverat.
238 736 280 794 Dc
293 736 426 794 codicum
449 729 593 806 scriptura
608 737 695 803 atque
709 734 791 788 aetate
805 744 880 801 sup-
930 728 1094 786 Praecursor
1115 728 1224 786 Christi
1254 731 1376 786 loannes
1401 730 1437 787 de
1459 727 1561 803 genere
1584 720 1757 792 sacerdotali

52 829 111 902 pari
124 827 228 884 Carolo
242 824 344 900 ilagno
363 820 498 882 dubitare
510 837 566 880 non
583 821 655 878 sinit
667 819 759 893 ligura
774 819 880 875 chara·
932 817 1043 875 dicitur
1057 819 1175 873 loannes
1186 814 1324 873 Zacharia
1335 819 1419 890 filins.
1434 810 1557 876 loannes
1570 810 1757 895 evangelista,

51 922 160 975 cterum
171 914 292 986 citiori,
307 928 416 971 necnon
427 912 550 984 adjectio
563 910 746 982 mouentium
760 892 881 979 ponci-
933 911 962 964 et
975 906 1097 964 lacobus
1111 907 1238 978 ejusdem
1252 904 1339 964 imter
1354 908 1446 965 vocati
1460 908 1499 966 ad
1510 905 1701 982 apostolatum
1718 905 1760 969 di·

52 1021 125 1079 cum,
142 1006 176 1062 in
192 1003 358 1062 colbertino
378 999 493 1074 quidem
511 1002 547 1058 ed
564 999 723 1057 Adrianum
744 992 879 1069 primum,
934 1000 1042 1053 cuntur
1064 998 1116 1066 ptii
1136 995 1256 1053 zebedei.
1282 997 1359 1054 Satis
1379 992 1473 1056 elucet
1498 999 1545 1056 his
1566 1001 1597 1056 in
1620 1000 1760 1073 exemplis

10 1118 12 1123 v
52 1101 78 1152 33
92 1097 213 1151 Leonem
228 1099 383 1166 quadum:
400 1092 429 1147 in
443 1088 582 1146 Vaticano
596 1102 673 1151 vero,
689 1100 739 1143 seu
751 1083 882 1142 curisti·
935 1084 1113 1142 consuetudo
1135 1086 1230 1142 aetatis
1251 1100 1284 1143 33
1305 1084 1454 1160 regionis:
1473 1099 1558 1159 quarn
1580 1089 1615 1146 ab
1634 1081 1761 1147 Hebraeis

10 1194 12 1203 ·
73 1183 80 1195 ·
363 1180 370 1192 ·
702 1192 708 1203 ·
765 1172 880 1228 'tiam
955 1174 1041 1229 asim
1244 1176 1247 1181 '
1478 1178 1528 1191 ''
1738 1184 1760 1221 '-

10 1220 28 1336 t
54 1173 882 1344 substituissetinacidatis
935 1189 1002 1318 ii
1021 1174 1759 1353 s2{elisistiinstitistisstitit

10 1348 12 1355 '
54 1359 204 1417 serbis:.i
219 1360 347 1431 passione
368 1358 476 1412 bomini
493 1357 582 1411 nostri
599 1356 664 1410 lesu
681 1350 883 1423 consciusque
936 1364 1037 1408 nomen
1049 1352 1088 1408 ita
1101 1352 1288 1425 consignante
1301 1354 1330 1411 in
1343 1355 1460 1428 prologo
1470 1356 1505 1414 ad
1520 1352 1627 1415 librom
1640 1348 1675 1414 dc
1685 1357 1760 1416 bello

53 1450 90 1508 od
110 1450 203 1508 sedem
224 1446 375 1504 3333333333·
392 1444 548 1501 Marcellini
562 1458 644 1515 popae
657 1442 722 1498 sunt
736 1438 805 1496 unni
817 1432 881 1504 iic,
935 1440 1055 1498 ludaico
1073 1460 1080 1497 :
1101 1443 1159 1511 Epo
1179 1443 1310 1514 Iosephus
1338 1443 1480 1501 metaliis
1503 1446 1590 1518 pilius,
1618 1438 1760 1512 Hebraeus,

54 1555 158 1598 manses
178 1537 206 1594 8.
226 1535 266 1592 lie
287 1532 442 1607 apostolatu
455 1535 517 1604 jann
536 1532 610 1602 sueto
635 1528 735 1588 cbristo⁸
753 1529 883 1598 morieris
937 1529 1063 1585 sacerdos
1081 1546 1115 1586 ec
1133 1532 1337 1602 Hierosolymis.
1360 1528 1435 1604 Quid
1459 1528 1528 1593 huic
1554 1526 1759 1594 consuetudini

54 1623 212 1687 Korcedini
233 1641 321 1697 nsque
338 1622 377 1679 od
399 1627 502 1693 ternpus
523 1622 628 1677 domini
647 1612 739 1676 Coreli
758 1614 829 1686 repis
848 1608 884 1672 Li
936 1617 1076 1689 similius,
1097 1633 1183 1691 quam
1200 1634 1231 1676 ea
1250 1635 1313 1693 quae
1333 1627 1464 1680 seruatur
1484 1625 1655 1683 insecundo
1675 1614 1762 1683 Cata-

56 1718 137 1773 onni's
155 1715 238 1784 regni
256 1713 325 1784 ejus,
341 1710 389 1767 boc
405 1716 445 1767 est
462 1726 548 1781 respue
562 1709 601 1765 cd
615 1722 668 1764 nnus
688 1708 751 1763 Καὶ.
775 1702 883 1776 Aprilis
937 1703 1002 1779 logo
1014 1705 1028 1760 l
1040 1707 1184 1773 Anicetus,
1207 1712 1317 1765 notione
1338 1705 1436 1780 Spero,
1453 1727 1488 1767 ec
1502 1719 1583 1783 patre
1597 1716 1711 1780 iconae,
1728 1715 1761 1771 de

11 1870 14 1877 Ι
56 1811 119 1862 sicet
132 1806 203 1860 unni
217 1800 270 1859 l90
280 1803 307 1858 et
319 1817 422 1856 menses
436 1798 478 1857 ta.
493 1798 556 1855 ilaec
569 1798 604 1855 dc
615 1797 814 1869 catalogorum
828 1808 884 1851 33-
897 1778 925 1846 Β
936 1797 994 1850 nico
1008 1795 1115 1861 Amiso,
1128 1799 1182 1853 cic.
1197 1799 1274 1863 Pius,
1285 1801 1395 1854 natione
1406 1801 1506 1865 ltolus,
1519 1817 1553 1856 ec
1561 1807 1642 1872 petre
1652 1805 1760 1874 linpno,

59 1892 203 1966 33ᾳηί3333,
218 1906 252 1948 33
264 1890 301 1949 de
312 1894 453 1947 vetustate
465 1890 552 1962 atque
563 1884 736 1944 auctoritaie
750 1883 883 1941 codicum
936 1886 1026 1952 nater
1045 1886 1176 1951 Pastoris,
1194 1887 1227 1942 de
1246 1887 1353 1943 civitate
1371 1888 1511 1958 Aquileia,
1533 1894 1585 1945 etc.
1606 1889 1693 1954 Soter,
1713 1907 1762 1946 no·

12 1988 15 2001 ¹
61 1984 134 2039 unde
147 1983 238 2054 petita
252 1980 343 2037 editio
358 1978 476 2036 illorum
500 1973 568 2049 init,
589 1974 733 2033 delibasse
748 1967 882 2031 sufficiat
937 1975 1010 2029 tione
1024 1973 1189 2045 componas,
1204 1990 1238 2030 ec
1248 1974 1499 2047 putredoncordic,
1513 1977 1546 2033 de
1561 1978 1675 2035 diritate
1689 1964 1760 2037 Fun

58 2072 111 2143 Qui
123 2070 208 2143 plura
217 2069 310 2141 cupit,
324 2066 407 2126 adeat
416 2066 562 2124 laudatam
573 2061 770 2123 schelestratii
780 2063 886 2119 disier
939 2062 992 2127 dis,
1006 2066 1059 2119 etc.
1072 2064 1192 2130 Eleuter,
1207 2066 1318 2121 notmne
1332 2063 1452 2130 Graecus,
1468 2082 1502 2121 ec
1515 2071 1594 2136 putre
1608 2067 1760 2124 Abundan-

61 2161 209 2216 tationem.
939 2151 986 2213 tio,
1007 2150 1041 2206 de
1061 2153 1161 2223 oppido
1182 2153 1317 2224 Nicopoli,
1344 2160 1397 2210 etc.
1418 2154 1500 2225 Apud
1521 2156 1664 2214 Romanos
1681 2171 1758 2231 vero,

95 2244 137 2304 td.
161 2239 276 2303 Gradus
297 2240 364 2301 inde
385 2239 535 2300 iaciendos
553 2242 598 2300 est
619 2240 653 2298 nd
677 2237 884 2312 inquirendum
940 2239 1096 2309 presertim
1115 2241 1145 2296 in
1160 2241 1304 2314 catalogis
1322 2244 1516 2316 contexendis,
1534 2246 1562 2303 id
1584 2248 1690 2318 passim
1705 2262 1763 2305 ser·

59 2336 279 2394 deauctoritate
292 2348 386 2391 rernm
400 2333 430 2389 in
444 2337 566 2405 utroque
579 2329 713 2402 catalogo
725 2326 886 2385 enuntiata·
938 2330 1035 2384 vatum
1055 2326 1146 2386 inisse
1166 2328 1269 2386 docent
1291 2331 1505 2404 inscriptiones.
1534 2322 1604 2392 dum
1628 2337 1705 2394 enirn
1730 2339 1759 2396 in

61 2439 132 2481 rum.
146 2424 320 2481 summatim
331 2423 473 2495 agendum
488 2423 541 2493 est,
555 2419 663 2494 quibus
675 2417 818 2475 subnixus
829 2415 887 2472 do-
940 2417 1074 2488 pluribus
1088 2418 1154 2474 vitas
1164 2418 1261 2476 civilis
1272 2420 1375 2478 usibus
1387 2421 1515 2480 habenda
1525 2429 1600 2482 essct
1611 2427 1685 2483 ratio
1696 2432 1761 2485 aeta·

60 2513 204 2571 cumensis
223 2521 326 2570 333333
341 2510 438 2584 quarti
459 2510 558 2568 3333Ιί
574 2509 629 2567 sub
644 2507 759 2566 Liberio
780 2504 887 2561 rescire
940 2505 990 2576 tis,
1006 2504 1181 2578 familiaque
1200 2507 1318 2578 plebeiae
1335 2514 1387 2567 aut
1405 2512 1534 2582 patricia
1553 2527 1586 2570 ea
1606 2516 1762 2574 necessitas

62 2608 166 2674 posset,
177 2616 214 2659 ac
221 2602 307 2659 nobis
319 2601 430 2658 tradere
440 2612 617 2672 quacunque
627 2598 735 2668 scripta
745 2592 846 2651 retulit
856 2592 887 2648 in
942 2594 1116 2651 memorandi
1131 2601 1271 2668 parentes,
1286 2596 1419 2671 patriam,
1430 2604 1539 2657 sentem
1554 2601 1671 2661 induxit
1684 2605 1760 2676 apud

63 2691 189 2761 primum
200 2689 366 2763 catalogum
377 2708 387 2760 3
398 2686 518 2761 parique
528 2687 589 2760 lego
602 2685 786 2759 quarendum
799 2681 888 2739 estde
941 2682 1327 2743 Romanosconsuetudinenr
1337 2693 1370 2744 ut
1381 2687 1431 2745 illa
1440 2689 1764 2767 plerumqueconsigna·

62 2779 183 2837 alnetus
195 2779 322 2851 catalogi
334 2773 700 2848 auctoresubiustiniano,
712 2774 886 2855 quibusnam
941 2774 1042 2828 rentur
1070 2786 1126 2829 non
1155 2773 1238 2831 modo
1264 2775 1396 2833 inlibris
1422 2779 1563 2836 censoriis
1586 2779 1673 2853 (undo
1697 2796 1763 2853 pars

62 2868 96 2926 de
107 2867 241 2926 tontibus
256 2867 386 2925 bausmit
397 2884 404 2941 ;
415 2869 476 2924 tum
489 2879 522 2924 33
538 2880 600 2939 qua
612 2864 717 2936 adiecit
729 2874 818 2933 supra
831 2860 888 2917 Ca·
942 2863 1065 2919 maxima
1080 2864 1243 2921 eorumdem
1258 2865 1388 2923 historie
1400 2859 1498 2940 duxit,
1512 2875 1583 2927 teste
1596 2871 1762 2951 indubio),

65 2960 191 3032 taiogom
203 2958 328 3029 primum
338 2956 525 3029 pontidcibus
535 2956 609 3012 ineo
621 2952 785 3011 memoratis
796 2960 888 3023 usquo
941 2966 1038 3009 verum
1060 2951 1147 3008 etiam
1162 2953 1194 3009 in
1209 2953 1317 3011 talibus
1331 2959 1509 3028 marmoreis,
1527 2961 1699 3020 auctoritate
1715 2978 1765 3035 pu-

65 3047 98 3104 ad
113 3048 274 3119 Liberium,
289 3052 351 3103 tum
366 3060 399 3103 ea
413 3059 476 3118 quae
490 3046 521 3104 in
535 3042 648 3103 ceteris
662 3048 727 3114 post
741 3040 887 3099 Liberium
942 3040 1019 3098 blica
1033 3043 1138 3114 positis
1151 3047 1201 3101 ant
1216 3043 1335 3114 privata.
1351 3045 1431 3114 Quod
1445 3052 1539 3105 autom
1554 3051 1662 3107 attendi
1679 3065 1766 3111 merc·

66 3136 202 3208 perduxit
216 3136 252 3194 ad
267 3133 388 3193 Felicem
404 3134 446 3192 it.
901 3096 928 3169 0
943 3136 1001 3202 tur,
1015 3130 1157 3202 precipue
1170 3131 1201 3188 in
1215 3132 1341 3191 3333333
1354 3133 1498 3208 catalogo,
1513 3136 1541 3193 id
1555 3143 1608 3210 est,
1625 3138 1656 3196 in
1670 3129 1768 3198 Ponti·

98 3226 134 3282 Ut
143 3226 231 3297 iusta
242 3223 446 3296 disquisitioni
460 3222 563 3281 inciam
573 3221 655 3294 satis,
669 3216 778 3279 attendi
792 3219 888 3288 velim,
944 3218 1048 3277 deibus
1057 3220 1193 3277 Romanis
1203 3221 1234 3278 in
1244 3220 1317 3279 Urbe
1327 3220 1414 3296 natis,
1427 3237 1482 3281 non
1494 3229 1644 3285 memorari
1653 3230 1765 3295 mouns,

67 3312 95 3370 in
109 3315 203 3386 priori
224 3312 390 3386 3133313333
405 3316 502 3369 sancto
521 3313 603 3369 Petro
617 3311 652 3367 ad
668 3307 815 3367 Liberium
830 3308 890 3363 hac
942 3307 991 3363 cui
1004 3312 1087 3365 erant
1097 3310 1217 3382 ascripti
1232 3314 1264 3367 33
1278 3311 1364 3384 circs,
1379 3313 1426 3369 sed
1441 3317 1585 3383 cepionem
1602 3315 1635 3373 ld
1646 3330 1712 3375 roro
1725 3318 1767 3373 in·

66 3403 207 3460 recenseri
228 3402 259 3459 in
274 3400 401 3474 singulis
422 3400 609 3472 pontificibus
629 3419 635 3455 ε
653 3413 766 3470 nomen,
787 3410 888 3468 annos,
943 3397 1030 3467 dicat,
1048 3403 1080 3455 ut
1091 3411 1143 3470 ego
1155 3399 1291 3469 arbitror,
1308 3402 1392 3458 hasce
1405 3405 1546 3474 notiones,
1560 3419 1624 3475 quae
1636 3406 1667 3458 in
1678 3404 1767 3461 cata-

66 3505 186 3563 nenses,
209 3505 242 3547 ac
264 3491 328 3547 dies
351 3490 516 3549 eorumdem
539 3487 716 3562 regiminis;
737 3485 889 3544 consulum
943 3486 1018 3560 logis
1046 3488 1240 3560 reperiuntur,
1268 3488 1359 3545 luisse
1386 3490 1520 3546 collectas
1543 3502 1579 3546 ex
1605 3489 1713 3549 tabulis
1738 3499 1767 3550 ct

67 3580 156 3651 paria,
173 3579 282 3652 quibus
297 3579 418 3635 initium
436 3592 470 3635 ac
485 3578 569 3635 tinem
590 3576 775 3649 pontificatus
789 3574 890 3631 consi·
944 3576 1064 3647 regestis
1085 3575 1260 3647 conscriptis
1282 3589 1331 3647 per
1353 3583 1459 3646 septem
1481 3579 1610 3635 notarios
1632 3579 1767 3638 Ecclesia

67 3675 133 3738 goat
146 3687 156 3737 ς
168 3673 198 3724 33
211 3667 321 3725 alicubi
345 3668 459 3724 decreta
481 3665 629 3738 nonnulla,
647 3669 680 3722 ot
695 3665 724 3721 in
739 3662 865 3720 Fabiano
881 3680 889 3733 3
944 3667 1086 3736 Romana,
1100 3679 1117 3720 u
1131 3664 1272 3720 Clemente
1288 3667 1298 3719 l
1312 3664 1387 3720 Petri
1403 3664 1550 3737 discipulo
1563 3672 1591 3725 33
1603 3682 1768 3728 successore

67 3755 181 3826 aliquot
191 3755 391 3812 reroaediticia
402 3754 532 3826 intulio,
543 3768 627 3825 quem
639 3753 772 3810 Liberius
782 3749 891 3823 excipit
945 3754 1107 3825 assignatos
1122 3752 1240 3808 totidem
1261 3752 1428 3826 regionibus
1447 3755 1652 3815 ecclesiasticis
1671 3760 1768 3834 Urbis,

69 3843 286 3916 illiuscatatogi
297 3850 469 3916 postremos.
482 3843 645 3907 insecundo
655 3839 891 3911 aummCataiogo
947 3843 977 3898 iu
988 3855 1060 3914 quas
1069 3841 1212 3898 contraxit
1221 3842 1438 3913 quatuordecim
1447 3843 1620 3917 abAugusto
1630 3850 1771 3907 constitu·

68 3933 185 3990 additur
197 3947 300 3990 nomen
314 3933 416 4003 patris,
432 3937 461 3988 33
472 3931 553 3989 locus
567 3933 597 3987 in
612 3930 696 4002 Urbe,
709 3935 760 3987 aut
776 3930 806 3986 in
822 3942 893 4000 pro-
946 3933 1000 4002 tas,
1011 3930 1045 3987 ad
1060 3935 1216 4002 martyrum
1227 3936 1305 4002 gesta
1319 3931 1489 4004 colligenda.
1506 3934 1661 4006 Martyrum
1674 3942 1769 3995 autem

69 4022 171 4095 vincia,
188 4022 238 4079 ubi
255 4027 342 4079 natus
356 4025 401 4078 est
415 4021 441 4078 is
456 4021 507 4093 qni
527 4018 657 4092 pontifex
677 4026 773 4090 postea
788 4017 890 4075 evasit.
946 4019 977 4074 in
993 4033 1112 4076 numero
1126 4024 1194 4076 sunt
1209 4031 1307 4076 omnes
1321 4021 1440 4077 Romani
1461 4022 1611 4092 pontifices
1626 4039 1718 4097 usquc
1732 4027 1767 4083 ad

68 4109 183 4182 Adjccta
198 4114 269 4168 sunt
282 4110 394 4169 decreta
408 4116 437 4167 et
451 4109 652 4168 institutiones
666 4110 776 4167 rituum
792 4121 893 4164 sacro·
945 4107 1130 4178 Sylrestrum.
1152 4109 1205 4163 ilie
1226 4108 1292 4176 fecit
1315 4114 1414 4180 septem
1433 4112 1555 4179 repiones
1579 4111 1659 4185 (sunt
1684 4115 1769 4173 verba

68 4213 130 4256 rum
147 4199 307 4271 presertim
324 4200 355 4255 in
376 4199 519 4256 sacr-idcio
540 4200 636 4255 missae
658 4196 826 4270 peragendo,
842 4199 894 4253 aot
945 4195 1073 4269 catalogi
1089 4196 1207 4253 secundi
1224 4196 1254 4252 in
1269 4196 1420 4272 Clemente)
1429 4203 1455 4255 et
1466 4199 1560 4255 dionis
1570 4203 1687 4258 notariis
1698 4204 1767 4274 ilde-

68 4289 144 4345 circa
157 4288 303 4359 publicam
316 4287 448 4345 Ecclesia
458 4288 643 4360 disciplinam
656 4286 790 4344 inducte.
803 4286 894 4355 Adje-
947 4284 1018 4340 libus
1035 4286 1171 4350 Ecclesiae,
1183 4286 1232 4355 qni
1243 4291 1319 4354 peste
1334 4291 1488 4357 martyrum
1501 4288 1614 4346 sollicite
1628 4296 1654 4347 et
1665 4294 1770 4349 curiose

68 4382 118 4432 ctae
128 4376 218 4433 etiam
228 4377 426 4433 ordinationes
437 4376 468 4433 in
478 4376 589 4448 duplici
600 4376 701 4433 ordine
711 4374 892 4432 hierarchico
947 4384 1019 4430 onos
1032 4388 1147 4437 cursone
1161 4388 1214 4432 run
1227 4388 1366 4432 nscuonnn
1382 4390 1453 4434 suns
1466 4378 1611 4448 diligenter
1620 4383 1771 4453 pepone-

69 4463 156 4536 an‘us
171 4466 277 4521 333333
288 4464 423 4522 Ecclesiae
434 4464 576 4536 Romanae,
589 4464 817 4537 presbyterorum
831 4462 893 4521 sci·
906 4460 936 4532 Β
947 4468 998 4520 ret.
1009 4465 1069 4521 bios
1080 4464 1176 4522 istead
1189 4469 1319 4522 octavum
1332 4465 1468 4524 sacculum
1478 4468 1693 4542 pernoctasset,
1704 4485 1770 4530 cuso

67 4552 136 4611 licet
147 4567 181 4609 ac
193 4553 393 4625 diaconorum,
408 4566 517 4611 necnon
532 4554 732 4626 episcoporum
744 4554 894 4610 3333333-
948 4550 1024 4608 inira
1037 4551 1183 4610 Adrianus
1195 4554 1206 4610 1
1217 4550 1307 4626 (num.
1322 4550 1385 4630 iat)
1396 4568 1413 4611 a
1426 4555 1513 4616 Paulo
1527 4559 1539 4615 1
1554 4555 1645 4618 luerit
1656 4561 1771 4619 consti-

69 4640 141 4713 bem,
157 4641 194 4698 ab
208 4641 277 4698 aliis
290 4641 478 4714 pontimibus
498 4642 656 4700 celebrate.
679 4643 732 4699 Per
747 4641 813 4698 ilias
827 4655 893 4701 vcro
947 4645 1029 4699 totns
1043 4644 1167 4698 notanus
1181 4643 1362 4712 repionorius.

67 4735 177 4800 333333,
191 4731 266 4787 3333
279 4730 436 4802 incipiunt,
450 4734 478 4788 et
491 4730 520 4787 in
534 4745 606 4803 quas
617 4731 755 4790 desinunt
765 4730 893 4803 Caniogi
983 4730 1115 4803 Legimus
1131 4733 1228 4806 itaque
1243 4733 1273 4790 in
1288 4733 1414 4792 3333333
1428 4735 1561 4810 catalogo
1575 4757 1582 4794 :
1598 4737 1700 4804 diens,
1712 4757 1770 4797 no-

67 4818 211 4891 pradicti,
234 4835 291 4876 usu
306 4824 451 4892 receptum
475 4825 536 4878 erat
550 4820 609 4877 baec
629 4821 726 4877 omnia
746 4819 892 4876 memoria
946 4821 1019 4876 tone
1044 4821 1192 4886 nonanus,
1217 4823 1250 4877 de
1276 4826 1385 4892 repicne
1408 4824 1489 4881 Gaeiio
1512 4830 1610 4892 mente,
1636 4843 1671 4882 ec
1687 4834 1769 4899 petre

68 4908 217 4978 mandare,
227 4910 384 4980 praesertim
398 4911 429 4967 in
438 4908 794 4968 describendisindicibus
803 4922 895 4966 sacen
945 4910 1086 4974 Faustino,
1101 4913 1155 4967 etc.
1172 4909 1309 4980 Regionis
1327 4911 1446 4970 Urbane
1466 4914 1606 4971 indicatio
1621 4916 1768 4976 omittitur

68 4998 179 5055 dotum.
197 4997 356 5056 Videndum
371 5005 415 5056 cst
429 5006 561 5057 accurate
576 5014 627 5071 per
639 4999 764 5074 singula.
946 5000 977 5056 in
991 4999 1149 5072 zephyrino
1162 4998 1291 5070 proximo
1304 4999 1452 5060 decessore
1466 5002 1579 5061 Callisti
1593 5022 1600 5060 ι
1615 5007 1690 5078 quod
1706 5008 1769 5067 sci-

102 5082 147 5144 Π.
175 5088 282 5144 Nomen
306 5088 455 5160 pontilicis
481 5089 655 5161 coniungere
678 5103 743 5147 cum
765 5089 893 5160 parentis
947 5087 1015 5145 licet
1028 5089 1108 5161 Acta,
1124 5102 1188 5161 quae
1206 5088 1278 5145 satis
1293 5088 1403 5162 integra
1417 5089 1471 5147 sub
1486 5091 1642 5152 Antoninis
1656 5103 1766 5156 serrata

66 5177 246 5234 indicatione
257 5177 383 5236 solemne
394 5177 452 5236 tuit
466 5182 526 5236 tum
540 5179 615 5250 apud
628 5179 816 5250 Christianos,
831 5184 892 5235 tum
946 5175 1150 5249 onerantium
1166 5176 1212 5234 iili
1228 5178 1543 5250 principesEcclesiam
1559 5183 1661 5242 mitius
1677 5185 1766 5243 babc-
1881 5209 1884 5218 ·

65 5269 140 5338 apud
158 5265 300 5338 Hebraeos,
318 5266 375 5325 imo
386 5272 416 5324 et
428 5268 503 5340 apud
520 5266 662 5326 itomanos
674 5269 814 5337 ethnicos,
828 5282 893 5325 con·
946 5270 1020 5338 rent,
1030 5267 1100 5324 adeo
1112 5268 1226 5325 turbata
1241 5272 1309 5325 sunt
1323 5268 1352 5324 in
1368 5271 1617 5340 persecutionibus
1631 5275 1725 5335 Severi
1740 5285 1771 5339 et

65 5358 160 5412 333333
176 5355 242 5411 vita
262 5354 338 5412 beati
353 5356 438 5413 Petri.
459 5357 578 5415 Nullum
599 5357 802 5416 documentum
818 5358 891 5414 iltu-
944 5356 1035 5428 Decii,
1049 5360 1080 5412 ut
1092 5356 1271 5428 providentia
1285 5356 1404 5415 Fabiani
1417 5358 1472 5417 snb
1485 5360 1572 5418 Decio
1584 5363 1660 5432 passi
1676 5363 1767 5426 tuerit

66 5446 158 5502 sirius
168 5442 265 5501 afferri
275 5449 370 5517 potest
380 5459 464 5518 quarn
475 5447 552 5521 quod
563 5447 754 5504 sacrosanctis
765 5447 795 5504 in
806 5448 893 5503 Evan-
947 5445 1050 5502 iterato
1068 5447 1285 5520 occurrendum,
1306 5461 1341 5504 ne
1354 5448 1471 5506 omuino
1484 5449 1645 5525 interirent,
1658 5459 1688 5513 33
1702 5464 1767 5516 coni

65 5532 150 5606 mltis
170 5533 277 5592 veritas
296 5535 490 5608 consignarit
510 5538 594 5595 lesus
613 5534 751 5596 cbristus
769 5541 893 5596 3333333
946 5534 1098 5593 solendum
1114 5534 1288 5606 reparationi
1306 5537 1437 5596 Actorem
1455 5545 1592 5611 scarum,
1608 5554 1641 5598 ac
1656 5541 1771 5606 intono·

67 5620 356 5694 mocimasimone
377 5637 444 5683 cum
461 5623 617 5701 dicoretur,
632 5625 815 5686 indicatione
832 5626 892 5684 vert
947 5630 1011 5683 rum
1036 5623 1187 5682 securitati
1213 5638 1389 5695 pernoram
1414 5626 1585 5686 divisionem
1615 5633 1764 5704 regionum
