3884 6126
75 314 78 319 .
113 272 168 333 675
516 263 563 320 44)
580 262 799 320 ANASTASIUM
818 260 1076 320 PROLEGOMENA
1092 262 1181 321 unit.
1202 262 1417 321 ROiithTlC.
1765 254 1824 317 646

86 394 90 399 ’
138 399 218 453 Anni
260 397 451 465 Imperatores,
489 390 617 446 Consules
652 393 791 446 Romano·
824 389 900 444 Anni
954 388 985 450 A
1028 388 1107 446 Anni
1126 390 1353 453 dictatiunculae,
1376 389 1530 455 iudeorum
1556 391 1582 442 et
1604 387 1674 455 tini-
1706 383 1788 440 Anni

126 471 186 524 Per.
203 468 260 523 lul.
308 481 380 536 rum,
405 479 448 519 res
469 471 561 530 gesta,
591 467 616 517 et
635 460 795 517 documento
860 458 910 515 dd
1028 460 1124 533 Oprnp.
1163 465 1290 518 timorum
1319 461 1492 532 populorum,
1532 461 1683 527 Pontifices.
1717 457 1793 511 Atra

128 545 153 596 et
168 540 231 597 ind.

257 800 314 858 qua
327 780 540 840 videdotolred
552 779 693 852 signanda
712 780 800 833 Theo-

256 876 332 930 dosio
346 874 395 941 IV,
412 875 437 926 et
470 873 518 940 qui
546 872 632 938 tuerd
654 870 800 923 nuntiatus

257 964 341 1036 (mate
373 963 507 1033 signatur
540 958 585 1029 v.)
621 958 800 1015 Theodosius

257 1054 310 1110 lun
335 1049 518 1118 novennalis,
540 1048 684 1104 Honorius
705 1047 800 1102 lionae

256 1137 798 1198 VicennaliadeditblarcellinChron.

295 1230 412 1287 barbari
425 1230 475 1298 qui
489 1241 519 1283 se
532 1228 676 1297 Hispaniae
690 1225 800 1281 inlude

260 1325 325 1375 rant
339 1319 502 1388 provincias
519 1317 594 1371 inter
609 1330 639 1372 se
653 1314 799 1370 dividunt.

257 1407 421 1464 Galiaeciam
442 1404 577 1461 wandali
599 1408 749 1473 occupant,
773 1407 801 1458 ct

258 1498 343 1553 Saevi
363 1495 446 1551 Alani
467 1493 654 1561 Lusitaniam,
680 1499 707 1548 et
735 1504 802 1546 car-

258 1587 327 1658 thag
343 1584 523 1655 provincias:
543 1581 677 1639 Wandali
693 1581 799 1652 Silingi

257 1676 400 1731 Baeticam.
427 1674 498 1729 idat.

296 1765 341 1821 Pr.
377 1764 444 1818 Urbi
485 1763 517 1831 R,
560 1763 731 1817 bonosianus
771 1759 800 1814 C.

258 1854 365 1911 Theod.
391 1853 432 1909 lib
456 1866 503 1912 444,
531 1859 552 1907 4.
580 1849 605 1917 l,
624 1851 643 1906 i.
663 1849 697 1905 48
711 1857 739 1906 et
751 1849 800 1904 CP.

258 1945 392 2000 Isidorus.
411 1942 516 1999 Reiand
533 1946 561 1997 et
575 1939 718 1998 Gotoirex
729 1940 804 1995 notit

259 2034 340 2105 dign.

151 2138 224 2196 5le
296 2143 377 2210 impp
395 2141 469 2196 cass
484 2140 629 2196 Honorius
649 2137 714 2209 hug
723 2140 759 2192 tr.
774 2150 801 2206 p.

139 2225 502 2304 ffllffifflmm

138 2316 175 2389 θ
209 2311 242 2370 44
297 2317 332 2370 Et
352 2316 531 2374 Theodosius
554 2318 617 2390 hug
643 2322 680 2372 tr.
709 2329 736 2385 p.
759 2311 803 2385 ⁴0,

154 2406 177 2462 d
203 2406 225 2460 ll
262 2400 304 2474 ll,
320 2417 410 2461 0054.

145 2493 235 2549 indict
261 2528 331 2584 coss
355 2493 500 2576 Honorius
513 2493 576 2591 hug
596 2507 625 2547 ιι

178 2578 196 2619 ι
349 2565 528 2621 Theodosius
543 2564 606 2633 Aug
621 2577 647 2617 r.

160 2656 186 2708 et
201 2666 229 2708 ιι
305 2655 391 2725 Leges
406 2654 559 2722 utriusque
570 2650 627 2706 Cod
655 2651 729 2720 apud
746 2650 807 2704 Re-

264 2742 330 2797 iand
358 2748 391 2798 ut
414 2741 465 2798 cod
489 2741 583 2797 Theod
609 2739 645 2795 de
663 2743 804 2795 cotortat.

264 2830 382 2901 Princip
409 2831 508 2887 cornic
530 2830 550 2885 l.
574 2826 619 2894 22,
635 2827 680 2898 93,
696 2825 741 2896 at,
757 2825 804 2896 ab,

263 2925 316 2975 etc.
329 2921 380 2975 His
391 2933 455 2975 coss
468 2919 557 2975 occisi
571 2924 639 2974 sunt
649 2918 768 2974 lovinus
778 2922 806 2972 et

262 3008 449 3065 Sebastianus
479 3008 582 3064 tratres
602 3007 633 3062 in
658 3006 753 3062 Gallia
778 3012 806 3061 et

265 3097 404 3168 Hispania
435 3098 614 3168 tyrannidem
641 3102 806 3151 exercentes

262 3184 421 3242 Marcellin.
436 3187 541 3242 chron.

302 3274 448 3331 Honorius
458 3274 624 3330 Donatistas
638 3276 702 3343 post
716 3271 808 3328 colla-

266 3363 372 3420 tionem
401 3360 700 3433 pervicacesdiversis
715 3361 808 3431 poenis

264 3453 393 3523 mulctat,
411 3453 554 3509 Ecclesias
564 3465 721 3523 earumque
733 3450 808 3506 bona

266 3542 424 3598 Catholicis
441 3542 556 3599 restitui
568 3540 650 3612 jubet
664 3540 683 3595 4.
704 3537 740 3595 54
750 3540 806 3595 Cod

266 3630 360 3686 Theod
388 3634 423 3687 de
456 3630 609 3688 hereticis.
639 3629 809 3697 lorinianus

266 3718 420 3775 haereticus
431 3719 461 3775 in
476 3721 600 3777 insulam
616 3719 699 3774 Boam
713 3717 748 3773 ab
763 3730 810 3773 eo-

264 3806 328 3862 dem
354 3807 488 3875 Principe
502 3807 654 3876 rciegatur.
680 3807 737 3862 Cod
753 3806 805 3861 Th.

264 3895 317 3950 eod
330 3894 368 3950 tit
380 3893 399 3948 i.
410 3890 457 3948 54.

833 534 896 585 onte

769 612 773 617 ·
815 606 921 671 etpost

821 673 904 727 Patet.

842 2131 910 2189 4464

842 2220 911 2279 4465

960 1719 988 1780 Β

1175 536 1267 603 Reges,
1293 549 1337 588 res
1360 538 1440 600 gesta
1457 537 1481 586 et
1496 530 1664 585 documento.
1685 526 1802 585 Christi.

1139 782 1257 839 tutelam
1294 781 1447 839 Theodosii
1482 781 1511 836 in
1547 779 1678 837 ordinem

1139 872 1294 945 redigitur,
1320 881 1345 929 et
1369 869 1521 928 Pulcheria
1548 868 1679 940 Augusta

1139 960 1199 1016 sola
1214 961 1368 1032 imperium
1384 960 1577 1016 administrat.
1592 957 1679 1013 Theo

1140 1051 1256 1121 phanes.

1171 1140 1354 1197 Constantini
1365 1148 1450 1211 caput
1462 1140 1491 1195 in
1506 1137 1679 1195 0044044444-

1139 1233 1188 1285 tur
1202 1229 1327 1286 Honorio
1344 1243 1390 1285 ιιι
1408 1229 1458 1286 Kal
1481 1228 1543 1284 Oct.
1559 1226 1680 1281 ldatius.

1138 1315 1681 1389 constansquoqueinterficiturilienn

1140 1422 1190 1478 per
1225 1409 1405 1474 Gerontium,
1449 1407 1608 1464 substituto
1652 1404 1680 1460 ei
1775 1434 1779 1441 ·

1139 1500 1259 1554 44044440
1274 1498 1342 1568 :qui
1367 1497 1545 1568 postmodum
1575 1499 1682 1551 exutus

1142 1594 1281 1658 purpurat
1298 1587 1369 1642 vivit
1384 1586 1525 1658 ignobilis
1541 1587 1570 1639 in
1583 1584 1684 1654 Hispa·

1142 1675 1201 1731 nia.
1215 1675 1345 1730 Zosimus
1361 1689 1397 1729 44.
1411 1683 1440 1729 et
1456 1672 1652 1729 Marcellinus.

1176 1766 1312 1836 synesius
1322 1765 1447 1820 00404140
1461 1770 1559 1819 coacto
1574 1762 1685 1818 lindro·

1142 1852 1685 1922 04004Ρο444440444Ρ4044444440404

1143 1949 1282 2014 segregat,
1302 1944 1353 2014 qui
1378 1943 1519 2012 poeiiitens
1542 1941 1685 2010 recipitur

1141 2032 1176 2087 ad
1191 2033 1310 2087 veniam.
1325 2033 1413 2102 Synes
1426 2033 1502 2103 epist
1516 2029 1561 2088 58.

1176 2142 1336 2196 innocentii
1363 2139 1392 2196 44
1411 2139 1493 2197 etit.
1730 2133 1786 2192 445

1180 2231 1293 2285 Mortuo
1307 2229 1466 2299 Theophilo
1488 2228 1685 2284 Alexandrino

1143 2317 1222 2388 episc
1232 2320 1280 2374 die
1298 2318 1329 2375 45
1342 2319 1395 2375 004
1407 2319 1535 2375 succedit
1558 2316 1689 2388 cyrillus

1143 2408 1229 2464 Nons
1243 2408 1302 2464 hist
1314 2409 1396 2481 Peiag
1413 2409 1432 2464 4.
1448 2423 1468 2468 4,
1481 2422 1507 2464 0.
1528 2405 1585 2463 iet
1607 2406 1627 2462 l.
1652 2419 1686 2476 n,

1143 2510 1168 2553 c.
1184 2495 1210 2568 l,
1223 2497 1347 2569 carthag
1360 2498 1453 2555 concil
1464 2498 1580 2553 damnat
1591 2494 1687 2551 cuiu-

1144 2587 1244 2655 stium,
1256 2588 1307 2657 qui
1321 2588 1354 2642 ad
1367 2590 1522 2643 4404444444
1534 2587 1628 2643 sedem
1639 2597 1688 2655 ap

1144 2675 1241 2745 pellat.
1259 2677 1407 2732 Mercator.

1179 2764 1206 2819 S.
1224 2766 1406 2836 Augustinus
1420 2767 1448 2822 44.
1465 2781 1490 2833 a,
1506 2764 1634 2822 scribere
1647 2764 1691 2820 in·

1144 2854 1217 2924 cipit
1232 2863 1329 2911 0044445
1344 2856 1519 2928 Pelagianos.
1537 2855 1580 2910 lbi
1595 2852 1649 2909 iib.
1667 2865 1688 2922 ι,

1145 2957 1170 2999 c.
1187 2940 1213 3004 4,
1225 2950 1253 2999 et
1269 2944 1310 3000 lib
1326 2960 1358 3012 n,
1371 2961 1396 3002 c.
1411 2962 1439 3010 ι,
1456 2960 1481 3015 p.
1497 2943 1559 3002 238.

1181 3034 1336 3091 Cassianus
1351 3042 1516 3092 constructo
1527 3034 1601 3103 apud
1619 3035 1693 3089 blas·

1145 3121 1243 3177 silium
1273 3128 1445 3180 monasterio
1484 3122 1608 3180 celebris
1630 3122 1690 3177 Ca-

1145 3211 1217 3267 stori
1229 3212 1398 3282 aptensium
1412 3227 1547 3284 episcopo
1571 3210 1625 3267 abs
1639 3223 1690 3266 sc-

1145 3300 1303 3369 postuianti
1320 3303 1517 3374 AEgyptiorum
1531 3300 1691 3357 monacho-

1146 3402 1209 3443 rum
1225 3389 1361 3446 instituta
1384 3405 1425 3446 ιιι
1439 3391 1529 3447 libros
1539 3404 1572 3446 eo
1586 3389 1622 3445 do
1633 3403 1687 3443 ar-

1147 3484 1280 3549 gumento
1302 3483 1358 3535 scri
1367 3479 1419 3542 bit.
1436 3482 1464 3536 in
1481 3479 1588 3551 quibus
1600 3477 1691 3534 Serni-

1147 3566 1328 3639 pelagianum
1343 3569 1447 3641 dogma
1463 3568 1633 3634 introducit,
1647 3581 1692 3623 as·

1147 3668 1244 3711 serens
1257 3659 1390 3713 humanis
1401 3658 1514 3715 viribus
1522 3657 1595 3715 hona
1604 3669 1693 3726 opera

1146 3757 1229 3813 posse
1244 3746 1385 3812 inchoari,
1402 3747 1450 3803 sed
1461 3750 1525 3802 sine
1535 3746 1628 3818 gratia
1639 3745 1693 3801 di-

1146 3832 1213 3888 vina
1226 3848 1282 3890 non
1312 3835 1421 3905 perlici.
1438 3836 1505 3891 Vide
1519 3835 1605 3891 Noris
1628 3834 1690 3890 hist

1145 3922 1229 3994 Pelag
1248 3923 1300 3978 lib.
1314 3938 1335 3979 n
1351 3940 1376 3980 c.
1389 3922 1414 3993 l,
1432 3938 1485 3997 pag
1500 3921 1561 3981 loa.

1180 4011 1265 4067 Cirtae
1276 4014 1306 4068 in
1320 4013 1630 4071 Numidiaconcilium
1642 4012 1691 4068 ha·

1145 4099 1239 4157 bitum
1253 4102 1444 4159 mensetunio
1453 4107 1553 4159 contra
1568 4102 1691 4160 Donati-

1145 4195 1216 4247 sias.

159 4280 231 4342 5⁴26
302 4285 383 4353 lmpp
393 4295 464 4337 caess
478 4281 624 4339 Honorius
635 4282 699 4356 hug
720 4286 758 4338 tr.
775 4298 803 4352 p.
844 4282 913 4341 4465

147 4379 179 4447 ζ)
225 4368 484 4439 altahensis.

140 4461 177 4534 θ
208 4458 242 4516 45
295 4461 330 4515 Et
343 4458 530 4515 Theodosius.
545 4457 684 4533 l.unhug
697 4457 802 4531 tr.p.ll

182 4551 206 4604 Ε
269 4548 312 4619 43,
329 4562 394 4606 0055
408 4562 435 4602 v.

1049 4290 1102 4351 294
1182 4296 1460 4364 incommutata.

844 4371 913 4430 4456
962 4388 989 4450 1)
1066 4397 1093 4440 44
1183 4387 1370 4445 Heraclianus
1383 4389 1419 4445 ob
1430 4394 1561 4446 navatam
1572 4393 1692 4446 strenue

1064 4480 1089 4530 et
1148 4489 1260 4547 operam
1278 4486 1376 4536 ieontra
1402 4480 1563 4551 perduelles
1593 4493 1690 4536 comos

1046 4562 1101 4621 4498
1142 4565 1246 4624 hiricae
1260 4574 1288 4624 et
1298 4571 1398 4627 consul
1413 4579 1536 4632 creatus.
1551 4569 1692 4639 perduel-

148 4640 240 4696 lndict
301 4640 355 4695 Cos
375 4639 480 4695 Lucius
501 4638 591 4709 solus,
605 4654 669 4697 narn
694 4656 808 4712 expun-

184 4744 217 4787 ιιι
272 4727 807 4788 ctusluitePastislleroetionushlri-

161 4824 187 4876 et
197 4832 239 4875 ιιι
264 4832 303 4875 cae
317 4831 423 4888 comes,
436 4818 607 4892 quiCollega
618 4821 703 4876 datus
714 4820 806 4878 iuerat

267 4909 356 4965 Lucio
373 4908 401 4962 in
413 4908 580 4973 Consulatu,
598 4915 629 4965 nt
642 4909 671 4965 in
684 4911 740 4968 Cod
753 4913 805 4968 Th.

267 4996 308 5053 lib
321 5011 370 5066 444,
393 5004 412 5052 4.
432 4995 474 5063 44,
499 4997 518 5053 i.
547 4995 581 5054 43
593 5005 622 5056 et
634 5001 764 5074 Prosper,
779 5010 807 5060 et

267 5087 574 5144 MarcelliniuChron.

301 5176 458 5247 signantur
472 5177 571 5249 itaque
583 5178 741 5236 Consulatu
756 5197 807 5238 so-

268 5266 328 5322 lius
339 5265 420 5320 Lucii
436 5265 511 5339 leges
525 5266 582 5323 Cod
595 5268 759 5338 utriusque,
775 5274 806 5326 ut

266 5355 296 5409 C.
323 5354 375 5408 Th.
404 5354 423 5410 l.
448 5369 495 5411 un.
520 5354 556 5409 de
577 5353 666 5409 comit
692 5359 720 5411 et
747 5357 805 5413 trib

267 5443 357 5499 schol.
373 5449 418 5498 etc
432 5443 507 5511 apud
524 5440 641 5496 Peland.

301 5531 435 5602 Pelagius
456 5528 535 5584 Brito
550 5528 652 5601 dogma
677 5536 805 5594 nominis

1068 4668 1076 4709 4
1144 4654 1181 4711 445
1195 4656 1256 4726 ipse
1281 4674 1345 4715 etum
1361 4672 1407 4714 acu
1422 4660 1536 4715 navium
1548 4658 1645 4715 classe
1658 4658 1689 4715 in

1145 4745 1257 4801 ltaliam
1269 4748 1416 4820 navigans,
1430 4754 1458 4804 et
1471 4756 1570 4804 contra
1583 4747 1688 4805 Urbem

1143 4835 1691 4902 copiasducensoocursudarinicomi·

1144 4923 1183 4978 tis
1197 4924 1231 4980 ad
1247 4924 1410 4982 Utricuium
1424 4933 1578 4998 superatus
1595 4927 1625 4983 in
1646 4925 1690 4985 lu·

1144 5027 1207 5084 gam
1222 5015 1354 5081 vertitur,
1369 5023 1397 5071 et
1413 5017 1443 5072 in
1458 5017 1585 5072 ulricum
1601 5016 1690 5074 dela-

1146 5108 1193 5158 tus
1208 5102 1509 5179 capiturcanhagtne
1528 5113 1556 5162 et
1578 5107 1690 5163 interd·

1144 5192 1232 5254 citur.
1263 5194 1433 5251 succedente
1448 5195 1558 5252 hiarino
1575 5215 1582 5251 ε
1600 5197 1689 5266 cujus

1142 5280 1226 5350 jussu
1255 5282 1432 5338 Marcellinus
1446 5285 1605 5351 Tribunus
1632 5287 1685 5358 qui

1144 5381 1196 5438 pro
1208 5367 1262 5425 tide
1277 5368 1423 5429 catholica
1439 5373 1553 5430 sortiter
1566 5374 1688 5434 labora-

1142 5465 1231 5522 verat,
1261 5459 1476 5519 Donatistarum
1499 5478 1534 5520 es
1564 5464 1687 5523 insidiis

1142 5547 1296 5621 0004444444,
1319 5563 1403 5620 quem
1429 5554 1581 5625 Martyrum
1610 5553 1686 5615 colit
