3892 6136
116 256 171 322 est
785 257 923 318 cunnus
940 258 1173 318 consumans.
1773 264 1827 324 99⁸
1895 280 1903 293 .

114 388 206 446 terias
218 387 343 459 liquoris
358 386 388 441 in
400 385 489 442 calice
504 382 639 441 odereudl
657 385 804 457 quidpiam
819 383 950 440 laeculen-
961 380 991 441 A
1002 382 1093 508 igitur
1111 384 1307 441 similitudine
1332 384 1475 456 ellychnia
1491 387 1520 443 in
1542 389 1631 446 rtrels
1645 389 1826 462 lampadibus

116 465 181 516 tum
206 459 376 515 contineret.
400 457 476 513 Ordo
499 457 644 512 Romanus
669 457 770 527 probat
783 455 947 538 antiquitus
1001 468 1063 511 aaa
1074 455 1234 510 innatantia
1250 456 1391 512 cicindela
1403 456 1482 513 dicta
1496 467 1575 526 sunt,
1590 473 1623 516 ac
1635 474 1736 518 nomen
1751 477 1826 519 cunr-

114 529 295 591 adhibitum.
326 533 395 584 tunc
416 533 493 583 certe
519 528 710 583 necessarium
726 525 946 596 prodiscxplina
1003 527 1186 582 manicarent
1202 527 1274 595 ipsis
1302 526 1483 597 lampadibus
1507 535 1535 584 et
1550 531 1665 586 vascula
1681 533 1824 590 metallico

115 600 352 657 communicandi
362 598 415 655 sub
425 600 659 668 utraquespecie,
670 598 881 668 quaecopiosam
893 608 947 651 ma·
1000 595 1108 667 quibus
1123 598 1184 652 istac
1196 598 1341 667 lampades
1351 599 1447 654 vitreae
1463 600 1663 657 includuntur.

116 673 220 728 teriam
239 684 303 726 cum
320 669 526 740 requireretad
540 670 776 735 consecrandum,
790 668 946 724 cavendum
1035 667 1192 722 stantarea.
1216 669 1397 725 Stantareaa
1420 670 1524 727 stando
1549 671 1731 729 denominata
1740 674 1825 743 iuxta

115 750 181 799 erat
197 756 232 798 ne
243 742 272 797 in
288 746 367 797 tanta
381 739 521 796 allusione
533 739 658 809 liquoris
680 739 846 795 illaberetur
860 740 889 794 in
904 750 947 794 ca·
1000 737 1129 794 eumdem
1143 744 1212 794 sunt
1226 740 1396 796 candelabra
1408 755 1497 809 perse
1511 742 1629 797 stantia.

117 813 204 869 licem
220 812 368 883 quidpiam
384 819 560 875 extraneum,
573 809 760 880 animalcula,
772 816 826 866 etc.
844 809 946 865 liudem
1034 810 1068 862 la
1089 812 1256 877 consessione
1282 816 1379 866 ostrea.
1405 812 1490 870 Recte
1513 813 1587 868 idem
1616 818 1719 870 auctor
1743 819 1825 884 putat

116 884 154 940 de
169 897 256 940 causa
285 881 498 938 adhibebantur
512 881 617 937 calices
643 883 806 950 majoresne
822 881 947 936 minores
1000 880 1823 956 corrigendumessemendumamanuensis,aclegendum

119 955 169 1010 hic
182 956 270 1011 etiam
286 953 447 1008 memorati.
461 952 662 1022 videuguram
674 951 807 1008 colatorii
823 965 873 1008 seu
888 950 945 1007 coli
998 952 1191 1018 ostia,valvas
1218 952 1330 1009 scillcet
1343 954 1377 1009 ad
1409 954 1627 1025 confessionem,
1653 955 1827 1013 sixeinin-

118 1026 150 1081 in
170 1019 945 1093 notisnostrisads.Urbanum,num.3etl,euan-
999 1037 1099 1095 gressu
1129 1022 1299 1094 presbyterii
1323 1026 1480 1095 appositas,
1512 1039 1576 1081 nam
1602 1026 1740 1097 sequitur
1764 1044 1827 1083 eam

117 1096 204 1166 liquo
218 1093 333 1150 cimelio
348 1106 523 1163 expressam.
998 1096 1070 1149 ataui
1079 1109 1143 1149 saa.

154 1167 205 1222 lll,
220 1166 351 1232 Pharum,
363 1170 419 1219 etc.
435 1165 602 1233 lampadem
614 1164 663 1221 cui
677 1178 726 1235 per
736 1164 883 1222 catenulas
903 1165 945 1220 iu·
1032 1168 1069 1220 dt
1091 1167 1121 1219 ia
1144 1165 1248 1233 palliis.
1279 1165 1321 1222 hb
1347 1165 1563 1224 enumeratione
1589 1181 1722 1225 vasorum
1749 1168 1825 1225 sacri

117 1236 201 1293 ierne
216 1249 375 1306 suspensus
386 1241 448 1290 erat
461 1235 617 1291 cantharus
632 1242 785 1306 argenteus
800 1236 895 1303 latior,
910 1248 945 1290 ne
998 1235 1156 1292 ministerii
1175 1238 1357 1307 progreditur
1368 1238 1403 1293 ad
1420 1239 1683 1308 aestasetprimum
1698 1244 1826 1296 recenset

118 1308 236 1363 scilicet
249 1320 285 1362 ex
311 1305 440 1376 lampade
464 1311 604 1361 commota
629 1306 722 1361 oleum
750 1307 894 1362 excideret
914 1305 943 1360 in
999 1306 1200 1373 sacerdotales,
1213 1309 1302 1376 pallia
1312 1307 1426 1365 scillcet
1437 1313 1466 1364 et
1479 1311 1618 1376 mafortes.
1636 1311 1745 1366 Deinde
1764 1311 1826 1365 oeta

118 1380 327 1449 pavimentum.
340 1376 451 1431 Catenae
461 1382 555 1431 autern
571 1377 740 1432 cantharum
754 1377 840 1432 istum
855 1377 947 1432 adne-
1001 1393 1064 1449 quae
1079 1378 1295 1446 praetenduntur
1305 1379 1401 1446 altari,
1415 1383 1443 1434 et
1454 1380 1543 1450 regiis
1558 1379 1686 1436 basilicae
1700 1379 1824 1450 iuribus,

116 1456 232 1506 etentes
245 1448 368 1517 lampadi
380 1460 430 1516 per
441 1446 610 1515 delphinum
625 1447 722 1516 sigilla
735 1446 840 1502 aiiabre
854 1446 947 1503 elabo-
1000 1456 1029 1505 et
1041 1449 1226 1515 consistorio,
1243 1457 1271 1504 et
1301 1450 1330 1504 in
1346 1463 1462 1518 pronao,
1490 1455 1518 1505 et
1537 1458 1604 1507 ante
1627 1452 1824 1508 secretarium.

117 1527 183 1576 rata
205 1519 349 1589 eleganter
360 1517 589 1584 sustinebantur,
606 1518 844 1587 quemadmodum
859 1518 946 1573 etiam
1000 1520 1095 1576 Facile
1106 1524 1219 1574 constat
1233 1518 1337 1590 legenti
1350 1520 1466 1576 illarum
1479 1521 1829 1579 vestinmdillerentiasac

117 1588 944 1658 catenulaecoronarumlampadi-sinmoremappensarum
1002 1592 1117 1647 nomina
1142 1589 1199 1658 peti
1223 1590 1265 1645 vel
1289 1603 1323 1645 ex
1348 1592 1465 1646 materia
1491 1591 1595 1655 serica,
1627 1606 1724 1656 aurea.
1753 1592 1828 1649 undu

119 1662 161 1716 lta
186 1660 379 1716 inllbulantur
393 1677 401 1712 ι
415 1674 527 1713 corones
542 1665 685 1727 argenteas
697 1672 722 1713 xv
742 1661 946 1714 camaeleontis
1002 1663 1182 1726 intexuntur,
1197 1660 1240 1715 vel
1257 1674 1289 1715 ex
1306 1666 1425 1716 texturae
1439 1660 1540 1732 iurma,
1556 1662 1617 1718 sive
1629 1664 1727 1720 addito
1747 1663 1827 1719 clavo

118 1735 179 1787 suis
189 1736 215 1785 et
227 1731 432 1800 delphinisxnr.
443 1729 618 1784 Coronarum
632 1731 785 1798 suspensio
797 1731 903 1787 visitur
916 1731 947 1785 in
961 1745 988 1807 Β
1001 1746 1051 1788 seu
1067 1730 1156 1787 limbo
1170 1744 1326 1800 purpureo,
1340 1745 1438 1797 aureo,
1455 1733 1516 1788 slve
1533 1746 1568 1789 ex
1593 1733 1685 1804 ligura
1698 1734 1827 1816 ejusdem

118 1799 945 1873 diptychisccnsularibusapudcangiumdisseut.deins.
1001 1803 1073 1859 clavi
1090 1800 1228 1871 quadrata
1253 1809 1304 1857 aut
1328 1803 1461 1868 rotunda,
1489 1804 1572 1861 mado
1595 1816 1628 1859 ex
1658 1803 1827 1875 regionibus

118 1874 173 1929 avi
190 1871 425 1936 numismatibus,
439 1878 466 1926 et
481 1875 547 1926 ante
560 1871 694 1927 thronum
704 1872 831 1942 episcopi
848 1872 877 1926 in
890 1886 949 1927 mu·
1003 1874 1078 1930 unde
1099 1870 1310 1927 afferebantur:
1329 1885 1418 1942 quare
1438 1874 1578 1929 dicuntur
1593 1872 1681 1943 pallia
1695 1876 1826 1944 aquata-

119 1945 185 2001 siva
197 1944 355 1999 Ravennati
367 1942 503 2012 aliisque.
1002 1946 1077 2014 nica,
1093 1948 1121 1998 et
1134 1943 1302 2010 Cassiotica,
1315 1949 1344 1999 et
1357 1943 1420 1998 vela
1432 1944 1545 2000 Persica
1558 1961 1566 2013 i
1588 1943 1649 2000 sire
1669 1958 1699 2000 ea
1715 1944 1827 2001 colori-

156 2015 203 2070 tv.
225 2013 377 2070 cicindelae
398 2018 550 2080 arpenteas.
574 2012 687 2083 Species
709 2013 872 2083 lampadum
898 2013 950 2069 di·
1003 2016 1057 2072 bus
1072 2011 1179 2085 quibus
1194 2012 1398 2069 imbuebantur
1413 2031 1419 2067 :
1434 2014 1510 2083 albo,
1522 2027 1648 2081 rosacea,
1661 2015 1829 2072 seurhoda·

119 2097 271 2142 cersarum
280 2084 437 2140 panvinius
449 2086 628 2154 recognoscit
639 2084 668 2139 in
681 2084 876 2154 hiscepharis
885 2096 951 2139 can·
1006 2085 1122 2149 melano,
1138 2089 1167 2138 ct
1182 2083 1400 2155 leucarhadino‚
1412 2083 1518 2141 blatteo
1528 2098 1580 2142 seu
1593 2099 1737 2157 purpureo
1750 2084 1826 2156 (nam

121 2156 229 2224 tharis,
249 2155 412 2222 cerostatis,
428 2155 553 2222 coronis,
579 2161 632 2210 etc.
650 2158 690 2210 lta
715 2156 791 2210 enim
804 2154 908 2210 scribit
919 2155 948 2210 in
1005 2159 1119 2228 ὁλαγτιον
1150 2154 1257 2210 Graecis
1283 2162 1325 2211 est
1351 2155 1490 2212 conchilii
1528 2168 1628 2228 genus,
1660 2155 1828 2213 notantibus

122 2228 219 2285 lexico
243 2233 400 2282 memorato
420 2225 465 2281 sui
498 2225 686 2282 additamenti
712 2227 747 2282 ad
774 2225 914 2281 Platinam
940 2243 947 2279 ι
1003 2229 1111 2298 cangio
1125 2234 1153 2281 et
1169 2225 1281 2295 llacru),
1306 2228 1421 2296 prasino
1437 2233 1465 2282 et
1488 2228 1701 2297 coccoprasino,
1724 2240 1827 2284 cucco-

124 2319 138 2350 «
169 2299 265 2354 Phara
286 2299 426 2353 Damasus
446 2302 474 2351 et
494 2295 735 2352 bibliothecarius
757 2298 949 2352 llamanurum
1004 2299 1121 2361 melino,
1135 2297 1276 2368 aquilatc,
1297 2297 1588 2369 acsimilibus.Quld
1601 2299 1641 2354 sit
1655 2299 1828 2370 paragaudls

125 2368 353 2441 pontiilcnm,et
374 2368 532 2438 praesertim
556 2368 583 2421 s.
606 2368 737 2423 silvestri
764 2367 838 2436 Vita,
859 2368 949 2436 phura
1003 2371 1066 2427 dixi
1093 2382 1181 2439 supra
1216 2369 1266 2422 cot.
1291 2365 1345 2424 993
1384 2371 1533 2426 occasione
1575 2369 1718 2425 icunculae
1744 2382 1828 2425 aenae

123 2441 272 2503 machara,
296 2444 440 2501 cerostata,
460 2453 581 2501 coranos,
607 2438 758 2507 delphinos,
775 2439 896 2508 lychnos,
922 2444 950 2492 et
1006 2442 1117 2496 institis
1131 2454 1181 2497 seu
1199 2438 1298 2495 fasciis
1321 2441 1489 2508 practnctae,
1503 2453 1567 2512 quae
1582 2440 1727 2496 numisma
1749 2439 1828 2495 Cun-

122 2512 252 2579 tpaochor
264 2525 313 2580 pro
330 2509 438 2565 diuersi
455 2509 568 2578 generis
590 2508 808 2578 lampadibuset
824 2509 951 2564 lucernis
1004 2512 1125 2568 stantini
1138 2511 1254 2566 blaximi
1268 2509 1381 2579 praefert
1391 2512 1498 2580 pectori
1507 2510 1633 2579 adlxum,
1645 2509 1829 2567 essescilicet

124 2583 155 2637 in
171 2581 303 2637 ecclesiis
313 2580 483 2637 ardentibus
494 2586 675 2649 acceperunt.
685 2579 829 2635 Btmultis
838 2580 952 2635 erudite
1005 2582 1121 2639 insciam
1140 2582 1270 2637 latiorem
1282 2580 1583 2637 sauclaxumaureum
1594 2593 1646 2650 prn
1661 2581 1740 2653 regio
1751 2594 1828 2637 more

122 2651 241 2708 collatis
252 2652 287 2707 ad
302 2651 504 2708 illustrandam
516 2651 752 2721 vtxcepharorum,
766 2651 857 2706 addit.
872 2649 952 2706 «Cur
1005 2661 1133 2724 aptatum
1150 2652 1265 2719 tunicae,
1279 2651 1369 2717 palllc
1380 2664 1430 2707 nec
1443 2664 1499 2707 non
1514 2650 1584 2707 allis
1594 2651 1724 2708 vestibus
1735 2665 1769 2707 ac
1783 2664 1828 2707 re·

122 2730 220 2779 autem
266 2722 353 2778 harus
375 2721 531 2778 cantharus
544 2723 669 2787 dicatur,
691 2721 764 2777 haud
785 2729 863 2777 certo
878 2721 949 2783 scio.
1005 2725 1140 2791 lis,unde
1151 2721 1431 2792 paragaudisnomen
1444 2721 1506 2778 illis
1514 2722 1691 2847 fluendoque
1701 2721 1825 2778 obvenit.

124 2795 185 2849 nisi
200 2793 230 2848 in
258 2806 366 2849 ormam
381 2793 457 2857 rasis
471 2793 565 2864 magni
578 2791 771 2849 iactusluerit
784 2793 812 2846 in
825 2797 950 2848 extrema
1004 2797 1060 2851 Nec
1080 2793 1259 2849 dissentiunt
1280 2792 1487 2863 lexicographi.
1542 2806 1615 2849 acer.
1642 2794 1827 2862 Parapaadis,

125 2869 216 2935 parte.
232 2865 303 2921 Nam
319 2863 453 2934 poculum
469 2862 528 2920 luit
543 2864 618 2934 quod
632 2862 741 2919 Baccho
756 2863 948 2927 tribuebatur,
1002 2867 1092 2933 foscia
1102 2867 1157 2918 siue
1170 2864 1292 2918 lotietnui
1301 2866 1400 2931 species
1410 2867 1494 2918 serico
1504 2869 1609 2919 etauro
1621 2869 1757 2935 contacta,
1773 2879 1829 2935 qua

124 2937 205 3002 sicpt
220 2934 346 3006 scyphus
359 2934 474 2990 Herculi
488 2935 586 2990 dictus
596 2947 612 2988 a
624 2934 773 3000 cantharo,
794 2933 868 3004 quad
888 2938 949 2987 erat
1002 2937 1117 2991 uestium
1135 2935 1319 2988 extremitates
1342 2933 1535 2988 ornabantur:
1553 2949 1586 2989 ec
1601 2935 1667 2990 dod.

127 3006 240 3078 navigii
256 3018 356 3077 genus.
368 3005 482 3061 Plinius
492 3004 544 3060 tib.
558 3018 662 3072 χχχιιι,
672 3018 733 3074 cap.
745 3002 789 3064 tl.
801 3001 950 3058 relertlla·
1040 3005 1217 3076 Paragaudes
1234 3016 1393 3073 purpureas
1403 3004 1523 3060 violacei
1538 3005 1646 3062 coloris
1657 3004 1723 3061 alba
1737 3005 1826 3074 pallio

125 3078 203 3133 rium
219 3081 283 3147 post
299 3075 458 3132 uictoriam.
475 3074 648 3131 Cimbricam
669 3074 817 3130 cantharis
835 3080 949 3144 potasse
965 3108 989 3171 C
1003 3083 1031 3132 et
1045 3076 1117 3132 albae
1129 3076 1234 3130 tunicae
1249 3075 1304 3128 rite
1324 3074 1475 3144 adjunctas
1501 3075 1628 3131 ostendit
1643 3077 1737 3146 imago
1752 3075 1826 3132 ltel-

124 3148 223 3204 Liberi
244 3147 336 3204 Patris
355 3146 496 3217 exemplo.
518 3145 684 3215 Virgilius:
1004 3147 1155 3204 chisedech
1178 3145 1253 3216 regis
1274 3150 1302 3199 et
1328 3144 1486 3201 sacerdotis
1505 3160 1522 3200 a
1540 3147 1567 3202 S.
1582 3146 1664 3201 Sixto
1680 3146 1766 3202 tertio
1796 3146 1826 3201 in

1004 3217 1116 3275 musivo
1134 3214 1290 3271 liberianae
1313 3213 1441 3271 basilica
1462 3229 1604 3286 expressa,
1620 3217 1705 3285 cujus
1728 3225 1826 3286 typum

1004 3287 1081 3347 inira
1094 3288 1197 3343 damus
1210 3287 1239 3341 in
1253 3285 1331 3341 notis
1345 3286 1379 3341 ad
1393 3287 1456 3355 ejus
1467 3288 1609 3342 vitamln
1621 3287 1747 3355 ejusdem
1774 3286 1828 3341 ba-

159 3361 302 3431 lllpianus
326 3359 416 3415 tradit
438 3360 591 3416 cantharus
615 3373 677 3416 esse
707 3373 756 3430 per
783 3374 855 3431 uuus
869 3375 950 3434 aquae
1004 3361 1096 3418 silicae
1120 3359 1329 3413 muslroarcus
1351 3356 1538 3426 triumphalis
1547 3371 1596 3427 per
1607 3358 1738 3413 eumdem
1759 3358 1829 3414 Six-

125 3433 248 3489 saliunt.
266 3448 280 3480 s
296 3430 358 3485 llaec
371 3431 537 3486 Panvinius.
553 3432 637 3486 liecte
653 3450 659 3486 :
676 3443 741 3486 nam
755 3433 863 3501 patulis
873 3435 950 3490 vasis
1004 3439 1066 3489 tum
1080 3427 1344 3501 pariteredormato
1358 3426 1460 3483 scribae
1473 3428 1635 3485 ludaeorum
1650 3434 1678 3484 et
1692 3430 1829 3485 sacerdo-

126 3503 225 3560 utrobi
248 3500 392 3572 heliquor
403 3502 558 3571 excipitur.
1006 3512 1058 3573 tes,
1080 3502 1129 3572 qui
1147 3499 1249 3555 herodi
1278 3498 1466 3570 interroganti
1495 3498 1606 3556 deloco
1630 3498 1679 3554 ubi
1693 3499 1829 3555 Christus

159 3518 320 3631 cantharus
345 3573 437 3644 igitur
459 3580 574 3627 ansatos
599 3571 772 3629 candelabro
798 3572 951 3644 impositos
1006 3577 1171 3631 nasceretur
1184 3569 1562 3651 Scripturasprophetarum
1579 3570 1736 3626 ostendunt
1756 3570 1829 3626 indi·

123 3646 314 3701 constituisse
329 3643 535 3713 pharacantara
559 3656 593 3698 ex
615 3643 760 3699 veteribus
779 3646 951 3716 anaglyphis
1005 3650 1102 3701 cantes
1117 3640 1290 3706 Bethlehem,
1309 3639 1395 3708 palha
1409 3654 1479 3708 pura
1494 3639 1659 3712 praeierunt,
1677 3640 1769 3696 nullis
1782 3653 1826 3695 as

123 3718 277 3787 arguimus
291 3714 396 3783 passim
409 3715 629 3770 occurrentibus
641 3716 671 3769 in
686 3714 820 3784 zopharis
836 3717 952 3787 templo·
1005 3717 1081 3774 sutis
1093 3713 1193 3780 clavis,
1206 3712 1253 3768 sed
1265 3716 1375 3766 tantum
1387 3711 1494 3780 pectori
1509 3710 1664 3780 affibulata,
1679 3712 1752 3768 utin
1765 3712 1829 3780 elus

124 3801 188 3843 rum
205 3787 241 3841 ad
254 3785 443 3840 illustrandas
454 3786 528 3840 ades
540 3799 595 3840 non
606 3785 791 3855 salumeeris,
804 3786 852 3842 sed
863 3791 949 3844 etiam
1007 3787 1111 3844 musivi
1140 3786 1222 3839 icona
1246 3795 1295 3852 per
1317 3794 1369 3836 nos
1397 3781 1504 3837 ibidem
1528 3783 1617 3839 allata
1640 3782 1827 3855 spectandum

124 3858 244 3914 odorata
268 3856 391 3911 mistura
406 3856 528 3912 aliarum
555 3857 714 3926 specierum
730 3856 871 3914 dammam
892 3874 952 3916 nu·
1005 3857 1186 3915 exhibemus.

124 3929 289 3996 trientlum,
306 3933 476 3991 aromatum,
492 3927 612 3983 balsami
630 3927 740 3996 stactis,
756 3933 810 3983 etc.
1042 3930 1132 3983 Pauca
1149 3928 1207 3981 haec
1223 3924 1349 3980 indicata
1362 3925 1512 3981 occasione
1527 3925 1633 3982 chartae
1646 3924 1829 3983 cornutiana

160 3998 312 4070 Pinguiori
325 4011 391 4054 vero
408 3999 523 4053 materie
533 4006 561 4054 et
572 3999 677 4069 ingrati
688 3998 787 4054 odoris
800 4013 886 4057 succo
901 4017 950 4059 re·
1005 4001 1078 4058 satis
1093 3997 1215 4054 tortasse
1230 3995 1383 4051 inerintad
1397 3995 1541 4053 obsoletas
1563 3996 1629 4053 illas
1649 4008 1732 4054 voces
1742 4008 1829 4052 vaso-

123 4069 296 4127 lertisrasis
311 4069 396 4124 hodie
407 4070 512 4139 passim
526 4069 736 4126 collustrantur
750 4071 803 4125 viae
819 4072 847 4125 in
864 4071 946 4131 iestis
1006 4085 1069 4130 rum
1081 4084 1114 4125 ac
1129 4072 1251 4125 vestium
1264 4069 1294 4122 in
1309 4066 1387 4122 hisre
1406 4068 1482 4123 Vitis
1494 4075 1713 4125 memoratorum
1724 4065 1830 4122 intelll-

124 4141 250 4212 publicae
261 4140 380 4206 latitia,
391 4141 709 4213 vulgudictispadellae,
723 4154 786 4211 uuae
797 4141 859 4198 luco
867 4146 944 4214 pho·
1027 4141 1124 4208 endas,
1140 4148 1191 4196 aut
1204 4138 1302 4194 saltem
1315 4139 1349 4193 ad
1362 4139 1590 4209 cognoscendum
1606 4139 1719 4196 nullum
1733 4137 1829 4193 admo

121 4213 287 4268 recentiori
300 4210 476 4268 adhibentur
498 4211 552 4267 sub
571 4212 630 4267 dic.
1008 4160 1077 4271 fiam
1089 4213 1118 4266 in
1129 4209 1352 4266 bibliothecario
1362 4223 1551 4266 occursurum
1563 4223 1596 4266 ex
1610 4208 1774 4280 hujusmodi
1785 4221 1831 4264 va·

157 4282 324 4339 Cicindelas
356 4283 410 4338 uod
438 4285 541 4338 attinet
562 4282 611 4339 hic
633 4282 808 4349 enuntiatas,
826 4284 952 4358 cangius
1009 4283 1131 4351 sabulis,
1146 4281 1262 4351 cujussi
1286 4279 1452 4336 nidcatioin
1468 4281 1579 4337 lexicis
1589 4278 1828 4352 cangiiacllacri

122 4353 263 4421 ostendit,
283 4366 316 4408 ex
331 4298 423 4423 flesto,
448 4355 593 4409 cicindelae
616 4354 755 4424 appellari
772 4355 881 4412 insecta
899 4358 949 4414 illa
1009 4368 1104 4412 nonre
1141 4296 1830 4421 riatur..guarenecl’anvinianumrecuderene-

123 4425 247 4496 parvula
260 4422 336 4479 alata
346 4436 510 4480 muscarum
522 4425 624 4494 instar,
648 4438 711 4496 quae
730 4431 816 4481 noctu
829 4440 879 4496 per
892 4443 950 4486 aes-
1007 4439 1085 4484 cesse
1117 4426 1240 4493 ucimus,
1253 4422 1429 4478 necdiutius
1439 4421 1650 4477 hisimmorari.
1666 4423 1827 4479 Bnancuxnt.

122 4501 213 4553 tatem
227 4494 381 4564 collucent,
402 4495 480 4552 dicta
494 4497 580 4552 etiam
596 4497 755 4552 ecstaticus.
775 4496 816 4552 lix
832 4497 952 4571 illarum

236 3261 267 3311 m
284 3261 369 3322 gravis
386 3261 468 3310 attrita
481 3259 608 3322 pendebat
620 3259 757 3310 cantharus
773 3274 845 3310 unsa.
