3892 6136
117 341 161 403 443
619 364 786 422 CllllONOL.
807 368 949 427 consui„
967 372 1011 427 itt
1029 374 1110 431 Cdss.
1131 375 1215 432 44044.
1231 379 1305 434 bru.
1758 391 1813 450 544

142 469 217 528 Anni
253 477 444 548 Imperatores,
454 480 583 540 Consules
593 487 784 561 Romanorum,
826 490 905 545 444444
942 497 969 558 Α
1017 496 1097 553 Anni
1127 499 1353 568 Christianorum,
1368 509 1524 563 ludaeorum
1538 515 1564 565 et
1586 514 1655 582 44444-
1698 514 1777 572 Anni

122 538 171 595 Per.
190 545 247 601 dul.
323 564 366 605 res
389 558 480 618 44444,
506 560 532 609 44
552 556 721 615 documento.
827 562 900 618 U.G.
1001 566 1108 641 044444.
1164 575 1290 630 timorum
1308 579 1485 647 populorum,
1508 582 1660 652 4444444444,
1702 588 1772 642 dtrae

135 616 236 684 tttpcli.

152 680 212 759 4444
773 705 922 773 pustPolr't.

251 864 295 937 48,
313 864 338 922 4.
367 868 490 925 Fabrett.
520 885 583 945 pag.
600 870 661 932 473.
678 878 792 936 Gudius

248 970 294 1027 ap.
311 956 429 1014 44444444.
446 972 480 1016 ex
495 960 550 1030 lap.
567 963 619 1020 4444
630 966 792 1024 Ardeatino.

252 1044 403 1117 legendum
433 1058 529 1105 monet
566 1051 597 1119 Q.
634 1054 739 1124 Sosius,
763 1062 792 1113 et
856 1122 863 1137 ¹

249 1135 335 1206 spon.
352 1137 472 1194 bliseell.
499 1153 525 1209 4.
541 1137 586 1211 85,
610 1148 639 1200 44
666 1144 788 1202 Fabrett

247 1224 282 1280 de
296 1223 356 1281 044.
368 1224 443 1295 Trai.
462 1241 524 1299 pag.
550 1224 612 1294 248,
632 1232 682 1303 qui
698 1235 786 1294 etiam

248 1313 398 1384 corrigunt
421 1312 560 1384 0444444444.
577 1317 635 1374 4444
660 1327 688 1377 44
710 1322 789 1380 040-

248 1406 308 1457 tum
323 1407 353 1457 et
367 1403 491 1459 Nonium
504 1417 671 1476 expressum
684 1411 787 1470 docent

248 1490 278 1546 in
303 1490 391 1561 lapid.
417 1505 432 1547 4
458 1491 590 1552 Fabretto
617 1501 785 1571 recognitis,

248 1579 298 1650 qui
315 1593 378 1652 pag.
397 1577 484 1638 44444
494 1584 616 1642 Nonium
630 1593 657 1642 et
672 1589 786 1646 Sosium

248 1668 362 1738 reperit.
382 1669 451 1725 Vide
467 1671 584 1729 lteland.
602 1676 630 1731 in
645 1676 749 1735 Fastis.

283 1758 322 1813 Ex
338 1771 410 1814 coss.
428 1761 495 1815 anni
518 1758 570 1818 433
595 1765 629 1820 ad
647 1765 699 1823 bos
711 1781 788 1826 coss.

247 1846 399 1918 inscriptio
413 1848 512 1906 Musaei
526 1854 603 1909 card.
616 1853 719 1912 Albani
730 1871 789 1914 uu-

247 1942 337 1993 merat
351 1950 442 1995 annos
455 1952 514 1995 444.

129 2030 209 2098 4863
280 2043 352 2114 lmp.
368 2043 533 2104 Antoninus
554 2049 628 2122 Aug.
644 2051 714 2109 Pius
727 2057 764 2110 tr.
828 2050 882 2111 902

108 2116 158 2198 ta,
192 2128 228 2188 44
247 2147 274 2204 p.
293 2129 367 2191 tau
383 2133 425 2191 44.
810 2139 880 2199 eos

155 2234 188 2289 Β
353 2237 386 2309 Q.
404 2243 543 2302 Romulus
565 2247 744 2306 Gallicanus.

244 2328 326 2387 Coss.
417 2332 577 2392 Antistitus
605 2338 702 2410 Vetus,
732 2351 784 2395 seu

349 2422 443 2480 Veter.

277 2528 317 2584 Ex
327 2533 386 2584 ant.
401 2530 533 2602 inscript.
542 2533 657 2591 Gruter.
670 2531 731 2604 408,
754 2530 782 2589 4.

240 2614 340 2686 Sponii
355 2615 418 2673 302.
448 2620 572 2677 Fabretti
597 2621 653 2680 505
667 2631 695 2679 44
717 2618 783 2679 544.

135 2758 143 2767 ,
240 2705 426 2763 Relaudusex
438 2709 572 2779 pluribus
585 2713 717 2783 inscript.
731 2712 781 2784 qui

243 2792 332 2866 legem
361 2794 372 2850 4
398 2796 518 2854 cedde
545 2800 783 2870 procuratoribus

240 2882 335 2938 datam
349 2883 490 2941 Gallicano
505 2892 530 2942 et
546 2889 665 2944 Venusto
674 2894 700 2945 et
713 2903 779 2946 4444.

240 2971 438 3045 corrigendam
474 2975 557 3033 444444
589 2977 730 3034 Gallicano
757 2983 782 3035 44

243 3060 336 3117 Vetere
355 3077 423 3118 coss.

98 3693 202 3770 ⁴864
273 3717 343 3787 lmp.
370 3715 535 3776 Antoninus
558 3718 630 3793 Aug.
656 3721 725 3778 Pius
740 3727 776 3778 tr.
826 3720 879 3780 903

98 3784 143 3864 ⁰,
184 3802 219 3861 44
240 3819 267 3875 p.
283 3801 316 3861 44
327 3811 356 3862 o
376 3804 420 3863 44.
807 3810 878 3871 -444

134 3902 175 3958 1)
319 3950 401 3969 ....
428 3914 618 3973 ’0444444444
643 3916 683 3973 44.
703 3918 780 3977 Gor-

236 3982 305 4040 Goss
395 3985 512 4042 dianus.

320 4095 433 4112 .....
464 4058 615 4116 Maximus.

272 4163 777 4239 Fastiannonymirrsmculi,Cbrun.

238 4250 391 4309 Alexandr.
405 4254 509 4311 4444444
525 4257 686 4313 Gordianus.
698 4257 771 4315 Cas-

239 4339 346 4413 siodor,
370 4343 489 4413 idatius,
511 4347 630 4417 Prosper
651 4345 772 4402 Gordio-

241 4443 304 4484 444.
328 4430 400 4487 Vide
423 4431 541 4489 lteland.
564 4434 594 4489 44
617 4435 727 4492 Fastis:
753 4441 782 4493 44

238 4516 356 4591 Papium
371 4521 406 4576 44
424 4520 501 4577 bunc
514 4535 632 4578 aunum.
648 4525 780 4581 Nondum

240 4606 345 4665 detecti
360 4610 552 4682 suntlapides
573 4611 624 4682 qui
641 4610 783 4671 litemdt-

239 4697 356 4754 rimant.

98 4810 206 4926 ,⁸65
274 4839 510 4909 lmpAntoninus
523 4845 586 4916 Aug
601 4843 671 4900 Pius
684 4849 721 4900 tr.
745 4858 771 4916 4.
819 4842 872 4903 904

98 4928 135 5023 2»
167 4917 205 4978 44
241 4923 373 4985 444445.
822 4931 875 4992 905

264 5083 312 5126 oss
350 5038 414 5094 blan
433 5037 566 5123 Ancllius
580 5040 708 5098 Glabrio.

346 5108 383 5162 44.
403 5108 536 5167 Valerius
548 5113 708 5170 Homullus,

273 5211 379 5271 Gruter
394 5212 473 5285 4044,
500 5217 575 5289 Spun
587 5218 697 5276 bliscell
717 5215 780 5290 248,

239 5301 354 5359 Fabrett
377 5302 440 5375 506,
470 5306 574 5362 4444444
588 5304 651 5378 230,
676 5309 782 5365 Gruter

239 5387 301 5461 344,
318 5389 344 5460 4,
362 5406 408 5464 44.
424 5394 530 5451 44444444
546 5396 576 5451 44
591 5397 693 5453 Fastis.
711 5397 781 5454 vide

239 5485 267 5537 44
278 5481 345 5536 card
361 5483 447 5538 Neris
462 5483 544 5554 Epist
555 5498 624 5541 eous
637 5500 664 5556 p.
680 5483 725 5542 94.

275 5567 780 5633 44444443404444444444444444444-

243 5664 374 5730 sumptae.
392 5659 488 5719 Extul
499 5661 557 5734 044
570 5663 725 5720 044444444.

1049 2046 1058 2088 4

1047 2135 1067 2177 44

1039 3731 1059 3773 ll

1029 3819 1063 3862 lll

1032 4942 1060 4984 iv

1160 646 1254 714 444444,
1269 662 1312 702 444
1336 653 1418 717 pastae
1440 654 1466 705 44
1486 650 1655 709 documento.
1681 654 1792 712 0444444.

1129 870 1161 914 ra
1177 858 1207 913 in
1220 859 1393 930 quibusdam
1409 863 1553 938 catalogis
1565 878 1667 924 nomen

1128 945 1270 1003 Gallicani
1281 956 1310 1006 et
1322 949 1432 1008 Veteris
1443 966 1508 1010 coss
1518 959 1665 1026 apparent,

1128 1045 1218 1105 eaque
1232 1036 1262 1092 in
1284 1036 1399 1095 lacunis
1412 1040 1502 1097 04444.
1519 1042 1666 1100 liberiani

1128 1123 1201 1180 male
1227 1126 1368 1199 suppletis
1384 1129 1505 1188 contusa
1526 1144 1591 1188 cum
1606 1132 1669 1190 ini-

1127 1212 1169 1268 tio
1191 1213 1304 1286 Hygini,
1316 1217 1437 1289 ejusque
1446 1219 1481 1275 ad
1497 1221 1665 1279 Periocbam

1125 1300 1282 1359 translata:
1297 1318 1361 1376 qum
1376 1307 1521 1376 pertinent
1530 1310 1565 1366 ad
1582 1310 1666 1367 indi·

1126 1388 1204 1445 cium
1219 1392 1414 1452 ordinationis
1431 1397 1487 1453 Pii.
1502 1398 1573 1456 Vide
1585 1404 1667 1456 44444

1126 1482 1154 1533 44
1173 1478 1280 1553 proleg.

1161 2033 1272 2094 Pii8et
1285 2035 1312 2094 9.
1421 2056 1528 2101 4444444
1554 2059 1573 2101 4.
1703 2045 1755 2106 450

1157 2124 1185 2180 S.
1199 2126 1268 2182 Pius
1281 2129 1450 2200 martyrium
1479 2133 1602 2204 complet
1614 2134 1662 2192 die

1125 2225 1153 2267 44
1176 2213 1246 2271 44444
1262 2229 1327 2272 cum
1352 2219 1474 2277 sedisset
1488 2223 1573 2277 annis
1597 2235 1660 2291 4444,

1123 2302 1233 2359 mensib
1260 2318 1303 2376 444,
1324 2306 1390 2363 dieb
1415 2322 1458 2382 444,
1474 2307 1598 2366 4041444
1623 2312 1657 2368 ad

1120 2389 1190 2448 Rom
1205 2394 1305 2450 Pontii
1316 2395 1352 2451 ab
1369 2397 1552 2454 ordinatione
1565 2403 1660 2456 autem

1116 2479 1272 2552 episcopali
1297 2497 1354 2540 ann
1370 2498 1409 2556 lx,
1428 2498 1561 2555 mensur,
1578 2500 1607 2557 p.
1630 2499 1660 2557 44,

1122 2567 1244 2626 inclusis
1257 2574 1404 2628 extremis.
1431 2572 1502 2630 Vide
1515 2581 1606 2631 notas.

1154 2657 1291 2715 Aurcsrus
1313 2661 1356 2717 Pii
1373 2676 1521 2719 successor
1543 2663 1663 2737 eligitur

1123 2744 1212 2804 biduo
1227 2751 1361 2820 44444444
1375 2756 1493 2808 mortem
1503 2751 1551 2808 044
1560 2752 1663 2809 Domi·

1121 2835 1186 2892 4444
1197 2834 1310 2894 4344444
1322 2857 1329 2894 2
1343 2853 1378 2895 eu
1389 2854 1444 2910 qua
1457 2840 1491 2896 ad
1503 2841 1578 2899 diem
1592 2855 1663 2898 mar·

1120 2925 1188 2994 tyrii
1207 2922 1240 2981 ti
1254 2926 1364 2996 Aprilis
1384 2931 1453 2985 4444
1480 2927 1540 3000 464,
1557 2944 1662 2988 uume-

1120 3019 1222 3069 rantur
1236 3015 1314 3072 sedis
1335 3018 1404 3073 anni
1428 3032 1466 3073 44.
1494 3019 1563 3076 vide
1579 3026 1660 3077 notas

1120 3115 1174 3174 pag
1187 3100 1232 3175 ab,
1250 3099 1312 3173 442,
1329 3100 1391 3177 443,
1413 3103 1464 3163 tri
1493 3104 1593 3179 44424,
1609 3107 1659 3166 ubl

1118 3191 1285 3250 ostenditur
1312 3193 1348 3250 ab
1375 3195 1437 3265 ejus
1475 3198 1659 3254 ordinatione

1117 3275 1152 3336 45
1163 3280 1299 3336 04444444
1310 3278 1370 3352 449,
1386 3283 1421 3338 444
1436 3285 1567 3355 martyrii
1578 3285 1656 3341 diem

1118 3363 1151 3422 47
1172 3368 1284 3438 Aprilis
1308 3366 1371 3434 464,
1408 3375 1484 3427 44444
1508 3372 1667 3442 computari

1115 3467 1206 3511 annos
1232 3468 1271 3529 rr,
1297 3469 1376 3513 meus
1391 3468 1434 3512 nr.
1458 3456 1521 3514 dies
1549 3471 1590 3528 m,
1606 3472 1660 3515 ex-

1117 3557 1231 3613 pressos
1246 3546 1276 3601 iu
1298 3543 1442 3617 tiatalopis
1474 3548 1503 3600 44
1531 3544 1655 3616 44444444

1117 3632 1145 3687 S.
1160 3633 1252 3690 Pauli.

1160 3719 1272 3776 Aniceti
1289 3719 1300 3777 l
1316 3718 1382 3778 442.
1706 3718 1754 3780 454

1154 3807 1290 3866 04444444
1308 3809 1393 3867 bomo
1420 3810 1563 3882 impurus,
1579 3814 1657 3869 secta

1116 3894 1251 3967 Cynicus,
1274 3897 1365 3955 lieret.
1382 3897 1444 3968 liic,
1465 3913 1531 3957 cum
1544 3900 1658 3957 tustino

1116 3990 1191 4041 esset
1213 3985 1362 4058 inimicus,
1377 3986 1471 4043 ettecit
1485 3987 1608 4058 44444444,
1624 3990 1657 4044 44

1118 4078 1216 4143 444444
1231 4075 1372 4146 temporis
1385 4075 1523 4148 martyrio
1535 4088 1659 4133 corona·
1760 4108 1766 4114 -

1119 4169 1209 4220 retur.
1237 4162 1333 4221 044444
1354 4164 1405 4237 qui
1432 4165 1518 4223 etiam
1544 4164 1653 4222 tustini

1116 4250 1285 4326 Apologiam
1296 4251 1383 4311 reiert
1395 4255 1430 4311 ad
1443 4267 1551 4312 aunum
1565 4254 1659 4328 proxi·

1118 4354 1163 4399 me
1178 4342 1393 4414 precedentem.

1151 4836 1369 4897 4444452443.
1704 4836 1756 4897 452

1160 4930 1307 4985 44444444
1338 4926 1493 4983 4444444444
1518 4926 1609 4984 tuisse
1631 4926 1667 4983 ab
1702 4928 1763 4983 Btss

1118 5015 1263 5073 Antonino
1302 5016 1527 5087 persecutionem
1554 5015 1658 5072 scribit

1118 5105 1262 5160 Calvisius
1275 5116 1309 5160 ex
1330 5106 1460 5161 tustino:
1473 5105 1655 5176 jussumque,

1121 5191 1658 5265 uthristianorumaccusatoressup-

1120 5281 1240 5352 plicium
1278 5280 1415 5352 subeant,
1440 5281 1538 5339 additu
1560 5296 1656 5353 causa,

1119 5372 1194 5444 quod
1220 5371 1375 5443 suppliciis
1390 5371 1550 5428 Christiani
1565 5371 1655 5453 deleri

1118 5473 1174 5517 non
1187 5465 1313 5530 possent,
1327 5474 1391 5517 oum
1408 5461 1465 5531 ipsi
1480 5466 1596 5517 mortem
1609 5460 1658 5515 vi·

1117 5545 1154 5596 444
1170 5538 1329 5611 proterant.
