3892 6136
214 280 280 340 t3tt
824 284 1005 344 ANhSThsh
1027 280 1302 342 bibliothecarum
1855 279 1913 340 itti

211 407 352 469 Ecclesias
367 413 434 469 hinc
450 412 653 485 perferrentur,
676 428 711 471 ne
740 414 915 485 priuatorum
928 406 1070 473 iraudeA
1103 410 1191 466 radus
1206 407 1376 468 hierarchis
1388 407 1576 467 sacerdotalis
1592 406 1797 465 meminerunt
1808 409 1910 481 antiqui

210 479 318 538 ilctitiae
329 500 382 570 pro
396 487 472 542 reris
485 486 716 544 ostenderentur.
1099 479 1154 537 ibri
1171 482 1311 548 Rituales,
1326 487 1354 539 et
1367 479 1560 550 Pontibcales,
1574 486 1603 538 et
1622 479 1875 539 sacramentaria:
1887 489 1908 537 ιι

246 554 313 610 lure
328 558 420 629 igitur
445 559 651 614 constituimus
672 571 812 615 annorum
834 570 968 613 numeros
1000 555 1030 611 in
1087 552 1398 626 inductaintelligatur
1407 553 1443 609 ab
1454 553 1576 609 exordio
1585 551 1728 610 Ecclesiae
1737 551 1909 611 christiana.

211 623 362 685 codicibus
375 642 525 698 expressos
538 630 613 701 exigi
624 637 754 699 oportere
766 630 800 685 ad
816 628 1030 699 chronologiam
1085 637 1150 680 cum
1173 626 1280 696 vigeret
1303 627 1389 682 etiarn
1414 626 1445 682 in
1463 624 1634 694 praecedenti
1653 622 1720 696 lege
1739 623 1910 680 idosairalh

211 699 402 771 consularem,
422 707 451 756 et
464 715 498 757 en
515 701 565 757 illa
577 700 692 757 restitui
709 701 876 772 pontitlcum
897 698 1030 769 epochas,
1085 700 1162 751 certe
1174 704 1316 753 serratum
1330 696 1421 754 luisse
1440 697 1517 753 hunc
1539 709 1647 753 morem
1663 708 1725 751 non
1743 695 1831 751 modo
1847 700 1911 751 etate

213 767 256 823 uti
278 771 466 840 praestitimus
492 773 521 827 ln
545 773 657 828 victore
675 777 704 828 et
723 773 889 842 zepherino,
912 770 1032 840 quarta
1085 766 1217 837 Gregorii
1240 768 1345 840 Magni,
1365 770 1414 825 sed
1434 769 1522 824 etiam
1537 767 1614 826 inter
1632 769 1699 837 ipsa
1715 765 1856 823 Beclesiae
1871 780 1912 823 m-

214 839 332 899 redditac
346 848 411 913 apte
426 844 597 913 respondent
611 850 672 900 tum
683 842 883 900 consulatibus
894 841 1034 925 catalogo·
1087 839 1193 894 scentis
1209 840 1367 909 primordia
1382 839 1567 896 manifestum
1591 844 1638 896 est
1656 853 1693 896 ex
1702 838 1792 894 Actis
1813 844 1912 908 aposto·

213 923 287 983 rum,
300 915 859 986 tumnumerisgenuinisaeviLeoniani,
872 912 1033 971 lnbasilrca
1089 909 1191 972 lorum,
1220 916 1277 968 tam
1301 913 1330 968 in
1351 912 1491 970 electione
1511 910 1629 969 hlatbiae
1648 910 1686 967 ad
1721 910 1912 980 apostolatum.

211 980 239 1036 S.
254 987 335 1042 Pauli
351 986 477 1044 nondum
490 987 658 1056 deperditis.
1088 996 1173 1053 quam
1185 982 1214 1037 in
1226 984 1435 1041 constitutione
1449 984 1543 1054 prima
1555 988 1669 1052 septem
1684 981 1910 1038 diaconornnrt

248 1056 313 1113 Post
333 1058 496 1114 vindicatos
517 1071 654 1115 annosae
675 1071 785 1113 menses
801 1057 984 1129 pontificatus
1004 1055 1032 1110 S.
1090 1055 1293 1111 ministerium.
1306 1056 1398 1125 Quare
1408 1056 1537 1126 gentium
1548 1055 1654 1111 doctor
1669 1053 1912 1110 Paulusinsinmt

210 1127 372 1200 zepherini,
397 1129 567 1186 resolvendas
586 1135 654 1186 sunt
672 1127 858 1185 difficultates
877 1126 1033 1195 nonnullae,
1087 1125 1314 1196 discipulissuis
1322 1127 1471 1183 Timotheo
1482 1128 1599 1197 aeTito,
1613 1126 1689 1182 dum
1702 1124 1912 1181 memorathme

212 1213 275 1269 ιιι·
290 1201 367 1256 circa
382 1199 458 1256 diem
478 1202 605 1271 ejusdem
622 1201 752 1271 martyrii
770 1201 890 1256 natalem
909 1197 944 1254 26
962 1198 1031 1254 iulii
1087 1197 1253 1323 episcopum
1266 1212 1283 1254 a
1297 1212 1328 1254 se
1342 1199 1474 1255 relictum
1487 1200 1586 1265 Cretae,
1603 1203 1640 1254 ut
1655 1196 1856 1254 constitueret
1863 1209 1912 1279 pre·

211 1277 361 1329 moventur
376 1286 391 1328 a
406 1272 459 1326 vir.
483 1272 553 1328 clar.
573 1272 761 1340 Florentinio,
782 1271 985 1342 Papebrochio.
1006 1274 1034 1326 et
1088 1285 1102 1324 s
1123 1274 1216 1340 yteros
1237 1284 1285 1340 per
1300 1271 1441 1336 civitates,
1468 1271 1513 1327 illi
1534 1284 1602 1328 vero
1628 1269 1852 1339 Ephesinorum
1864 1281 1912 1336 epr-

211 1341 309 1413 Pagio.
343 1347 371 1399 ln
405 1344 725 1415 blartyrologio„quod
752 1342 915 1398 Florentius
940 1341 1034 1397 editor
1088 1354 1174 1410 scopo
1194 1342 1353 1398 constituto
1369 1341 1484 1398 mandat
1500 1343 1529 1397 in
1549 1340 1693 1398 examine
1720 1340 1912 1396 virtutumrc-

213 1419 293 1483 putat
305 1427 367 1470 esse
382 1415 557 1484 Hieronymi,
567 1415 681 1471 videtur
694 1414 800 1472 natalis
811 1414 874 1470 dies
886 1412 1033 1483 zephirini
1089 1412 1293 1482 quirendarum
1311 1414 1341 1469 in
1355 1413 1525 1470 ordinandis
1536 1413 1570 1469 ad
1588 1412 1707 1485 gradus
1722 1410 1910 1468 Ecclesiastioe

213 1483 313 1539 relerri
337 1483 612 1555 adzbbecembris,
633 1487 717 1555 cujus
733 1487 763 1542 in
780 1485 913 1556 periocha
927 1483 1033 1539 ibidem
1090 1482 1260 1539 hierarchiae
1294 1491 1325 1541 ut
1347 1483 1676 1541 testimoniumbonum
1700 1481 1909 1540 habeantetian

212 1554 330 1625 legitur,
345 1559 433 1612 llomae
448 1557 729 1628 zephyriaiepiscopi.
745 1559 776 1614 ln
792 1558 860 1613 aliis
876 1570 942 1612 vero
957 1568 1036 1610 mar·
1089 1555 1125 1610 ab
1141 1555 1179 1611 ils
1194 1557 1244 1624 qui
1260 1526 1332 1611 ioris
1350 1561 1419 1612 sunt
1441 1555 1507 1624 (Tit.
1531 1558 1561 1627 1).
1576 1554 1691 1612 AEtatis
1710 1560 1812 1612 autem
1826 1552 1911 1636 zepho·

213 1627 364 1699 tyrologiis
376 1628 464 1697 Beda,
481 1629 615 1698 Usuardi,
632 1629 750 1699 Adonis,
770 1629 877 1700 quibus
890 1627 1036 1684 consensit
1090 1626 1160 1691 nini,
1176 1627 1211 1682 de
1225 1641 1281 1698 qua
1294 1641 1370 1684 nunc
1384 1628 1498 1698 agimus
1514 1628 1544 1683 in
1565 1627 1626 1684 dne
1641 1626 1773 1684 secundi
1790 1624 1910 1681 woulru

212 1699 299 1754 etiam
337 1701 505 1763 Romanum,
539 1702 675 1757 memoria
711 1699 862 1770 zepherini
897 1713 974 1770 papae
1008 1703 1036 1753 et
1092 1697 1178 1754 initio
1195 1699 1285 1766 tertii,
1302 1698 1447 1755 luculenta
1470 1699 1644 1756 testimonia
1666 1696 1911 1768 supersunthujus

212 1771 347 1841 martyris
360 1772 439 1828 consi
464 1777 548 1828 natur
559 1773 608 1828 die
621 1770 656 1829 96
670 1773 804 1844 Augusti.
1052 1770 1313 1837 Beonsuetudinis
1326 1783 1382 1826 non
1399 1771 1582 1827 intermisse.
1608 1770 1638 1826 S.
1655 1770 1828 1840 cyprianus
1844 1768 1908 1838 epist

247 1842 422 1900 Postremum
443 1788 503 1899 {oc
525 1843 648 1901 dubium
674 1843 762 1900 solvit
782 1841 962 1907 Anastasius,
986 1840 1035 1910 qui
1091 1838 1137 1897 33:
1158 1863 1172 1891 «
1194 1843 1222 1897 ln
1237 1842 1473 1898 ordinationibus
1486 1842 1606 1898 clericis
1620 1841 1697 1912 [lege
1715 1842 1749 1898 in
1764 1838 1909 1898 ordinandis

212 1913 351 1971 distincte
369 1917 512 1985 expressit
533 1915 580 1971 die
598 1914 634 1971 26
651 1915 775 1987 Augusti
798 1915 932 1984 sepultum
949 1915 1037 1981 titisse
1092 1911 1228 1988 clericis],
1245 1910 1348 1969 iratres
1366 1914 1545 1981 charissimi,
1560 1912 1700 1970 solemus
1715 1925 1770 1970 ros
1783 1916 1844 1968 ante
1855 1922 1909 1966 con·

213 1986 395 2055 zephyrinum
409 2003 437 2040 an
452 1989 597 2041 coemeterio
608 2002 657 2042 suo
676 1987 762 2055 jueta
777 1987 955 2041 cemeteristm
970 1984 1036 2039 Cal·
1092 1983 1196 2052 sulere,
1217 1998 1250 2040 ac
1275 1998 1377 2052 mores,
1402 1991 1430 2041 el
1453 1986 1555 2041 merita
1569 1984 1774 2056 singulorum
1788 1981 1907 2040 commati

213 2057 279 2122 listi,
295 2059 341 2111 cic
361 2059 464 2127 Appio.
488 2059 552 2114 Fuit
569 2059 659 2130 igitur
680 2057 742 2114 dies
756 2056 959 2127 depositionis,
979 2067 1036 2110 non
1090 2056 1213 2113 consilio
1227 2057 1420 2126 ponderare.»
1437 2056 1592 2113 bledardus
1608 2069 1678 2127 pag.
1693 2052 1795 2112 983111
1808 2052 1909 2110 eruditis

212 2128 275 2183 dies
291 2129 421 2200 martyrii
438 2129 468 2185 in
480 2131 683 2186 eocoemeterio
695 2128 847 2194 celebrata,
861 2130 889 2184 in
906 2126 980 2199 quod
996 2126 1036 2180 in·
1091 2128 1168 2184 notis
1183 2132 1211 2184 et
1221 2127 1361 2183 observat.
1372 2129 1407 2184 ad
1422 2127 1628 2184 libr.Sacram.
1646 2127 1680 2182 S.
1692 2125 1829 2198 Gregorii
1839 2136 1908 2208 pape,

213 2196 370 2255 terebatur:
388 2206 416 2257 et
431 2201 498 2257 iude
511 2199 631 2258 forsitan
646 2201 805 2271 exemplum
819 2201 882 2271 ejus
894 2197 1036 2254 memorie
1090 2199 1124 2254 ad
1142 2199 1197 2254 lin.
1218 2196 1261 2260 ⁴3.
1278 2196 1329 2255 iol.
1342 2196 1405 2266 236,
1420 2199 1495 2255 idem
1507 2198 1608 2255 haberi
1619 2193 1909 2266 observatexepmola

213 2269 447 2328 celebrandaedte
460 2271 654 2341 depositionis
669 2274 768 2342 potius
780 2271 924 2342 quamdis
936 2275 1037 2338 marty·
1090 2271 1117 2326 S.
1131 2270 1212 2342 Cypr:
1229 2269 1273 2336 68,
1290 2277 1318 2327 et
1330 2270 1404 2339 apud
1425 2271 1451 2326 S.
1475 2269 1562 2327 Basil.
1579 2284 1627 2341 ep.
1645 2266 1716 2338 484,
1737 2269 1791 2326 libr·
1801 2269 1909 2323 Meno-

214 2341 252 2397 rii
279 2342 460 2399 deduxerunt
488 2351 544 2399 ιιιι
564 2345 692 2400 indicata
715 2343 927 2415 blartyrologia,
949 2353 1035 2411 quam
1090 2345 1169 2409 terea,
1191 2343 1298 2413 inquit,
1314 2344 1565 2408 fusiustrcctatur.
1588 2341 1685 2398 Addit
1701 2355 1740 2397 ex
1754 2337 1908 2408 Lampridio,

212 2412 308 2469 clerus
322 2414 461 2471 urbanus.
485 2416 600 2472 Titulus
619 2421 711 2472 tamen
726 2421 754 2472 et
768 2415 972 2472 monasterium
988 2412 1034 2466 SS
1090 2418 1172 2470 aetate
1187 2414 1281 2470 Severi
1304 2414 1470 2481 Alexandri,
1485 2427 1571 2484 quam
1593 2414 1738 2484 proxime
1756 2410 1851 2483 attigit
1869 2409 1909 2464 zo-

211 2484 259 2541 Ste
281 2485 348 2541 bani
372 2491 400 2542 et
420 2486 561 2558 Silvestri,
577 2488 646 2544 dum
669 2487 800 2544 Paulusl
822 2501 856 2543 ex
874 2483 1037 2541 coemeterio
1112 2486 1231 2541 hericus
1245 2498 1394 2542 successor
1408 2484 1532 2552 Callisti,
1549 2484 1592 2540 ita
1608 2491 1720 2543 notum
1734 2496 1769 2540 ao
1781 2480 1909 2554 probatum

211 2500 325 2638 (ζιιγὶιιί
347 2558 515 2614 transferret
535 2558 685 2627 Zepherini
701 2573 806 2629 corpus
821 2559 850 2613 in
866 2570 927 2612 eam
943 2555 1037 2640 eccle·
1092 2500 1183 2612 fuisse
1204 2570 1310 2613 morem
1329 2556 1500 2640 Christianae
1518 2569 1664 2640 censurae,
1692 2552 1838 2684 dequal
1872 2550 1910 2634 tl·

212 2640 297 2694 stam,
314 2628 442 2684 restitnit
454 2630 618 2685 memoriam
634 2637 661 2685 et
675 2628 868 2685 celebritatem
880 2641 945 2684 cum
960 2627 1036 2683 rndt·
1092 2633 1150 2697 tur,
1165 2633 1231 2684 ante
1247 2628 1478 2685 ordinationem:
1502 2633 1534 2684 ιι
1547 2632 1717 2698 imperator
1740 2626 1762 2683 ti
1775 2639 1803 2692 e,
1818 2638 1835 2681 a
1894 2637 1910 2678 t·

211 2698 325 2753 catione
342 2711 475 2767 expressa
491 2699 596 2755 natatis
611 2701 740 2770 martyrii
760 2701 820 2757 diei
840 2697 877 2754 ιθ
898 2698 979 2769 iulii,
1006 2698 1036 2753 in
1093 2699 1198 2755 stianis
1220 2705 1368 2756 mutuatus
1387 2698 1535 2769 complura
1555 2699 1624 2755 vitae
1646 2699 1837 2765 documenta,
1849 2694 1909 2751 brar

213 2769 311 2824 eodem
321 2769 416 2839 lapide
429 2770 476 2825 bis
489 2771 642 2836 declarata,
659 2784 759 2840 nempe
774 2771 804 2826 in
820 2769 906 2826 titulo
919 2771 1038 2826 docente
1091 2771 1177 2827 etiam
1194 2784 1299 2827 morem
1310 2770 1638 2841 traducerecupieritad
1648 2769 1907 2827 eiectioneneorm

213 2840 347 2895 notitiam
373 2840 413 2896 ibi
440 2842 586 2912 proponi:
609 2841 1038 2900 Notolitioremscnctorumibr'
1093 2842 1141 2970 spui
1169 2841 1380 2913 praeficerentur
1403 2841 1569 2913 provinciis.
1594 2841 1793 2912 lampridius
1817 2841 1846 2895 in
1862 2837 1908 2921 ejus

211 2913 417 3037 goteseenttom,
432 2918 460 2968 et
475 2913 578 2969 iterum
595 2913 624 2968 in
637 2914 759 2982 repetito
774 2913 883 2970 Natalis
901 2910 1037 2969 voeabulo
1117 2914 1156 2968 ita
1173 2931 1179 2968 :
1197 2934 1211 2966 r
1237 2913 1288 2969 Ubi
1302 2914 1418 2985 aliquos
1432 2913 1574 2970 voluisset
1589 2913 1635 2970 rel
1654 2918 1791 2971 rectores
1810 2921 1906 2982 prorsa

234 2983 260 3037 ie
277 2980 312 3038 20
330 2982 414 3047 tulii,
438 2986 503 3041 Not.
526 2984 573 3042 SS.
596 2985 744 3055 zephyrini
762 3001 841 3055 pope
859 2989 884 3039 et
907 2989 989 3039 mort.
1014 2986 1039 3038 et
1092 2985 1150 3040 ciis
1181 2983 1283 3054 iacere,
1311 2984 1354 3040 vel
1389 2991 1599 3055 procuratores,
1634 2985 1668 3041 id
1697 2990 1744 3041 est
1775 2981 1906 3041 mtiomts

214 3055 328 3109 Threicii
339 3060 421 3109 mort.
1092 3057 1236 3123 ordinare,
1270 3056 1387 3113 nomina
1426 3069 1524 3113 eorum
1566 3055 1768 3126 proponebat,
1813 3055 1907 3110 hortans

248 3125 371 3182 Primam
396 3140 462 3182 vero
483 3124 695 3195 difficultatem,
720 3132 876 3197 promotam
897 3142 931 3184 ex
958 3131 1077 3212 textuc
1112 3127 1240 3197 opidum,
1265 3141 1297 3184 ut
1312 3129 1338 3184 si
1361 3128 1428 3198 quis
1447 3128 1516 3199 quid
1541 3126 1668 3184 haberet
1687 3125 1837 3192 criminis,
1859 3136 1907 3194 pro

213 3197 410 3281 martyrologii
436 3198 511 3269 quod
542 3204 644 3268 putant
665 3199 840 3270 hieronymi.
870 3199 951 3256 ratde
980 3210 1035 3254 non
1092 3143 1171 3255 garet
1181 3197 1493 3256 manifestisrebusrsi
1505 3212 1561 3256 non
1572 3199 1745 3270 probasset,
1757 3198 1907 3273 subiretur

213 3280 319 3324 moror.
336 3268 377 3324 lbr
405 3271 481 3325 enim
497 3283 553 3325 non
568 3270 732 3326 declaratur
750 3270 840 3326 ausit
857 3270 971 3338 natalis,
993 3267 1036 3325 vel
1092 3283 1156 3326 nam
1168 3271 1285 3340 capitis.
1299 3270 1473 3342 Dicebatque
1504 3284 1571 3328 rave
1582 3284 1661 3340 esse,
1675 3271 1758 3343 quod
1770 3267 1907 3346 Christiani

212 3339 417 3398 ordinationis.
434 3341 477 3396 vel
495 3341 693 3397 translationis
712 3340 794 3397 illios
807 3341 958 3410 zepherini
971 3340 1037 3410 epi-
1091 3341 1404 3399 etludaetlacereutin
1426 3357 1459 3412 pr
1504 3342 1622 3399 icandis
1641 3341 1857 3399 sacerdotibus
1871 3351 1907 3408 ott

175 3410 1036 3554 -aristotelistlibhltllhlllsstlts
1091 3407 1909 3554 til”llllshhlllltltlltettalias-titt

213 3566 282 3624 pum
303 3554 472 3610 llomanum.
489 3555 582 3611 liomae
595 3555 706 3611 dicitur
720 3563 850 3611 sanctum
869 3554 952 3611 illum
971 3555 1037 3624 epi·
1090 3527 1196 3625 capi’ta.
1216 3574 1279 3607 r-
1298 3577 1311 3608 ι
1331 3556 1425 3626 Quare
1437 3561 1465 3612 et
1476 3556 1593 3625 publice
1605 3556 1775 3613 ordinandi
1787 3560 1853 3612 suut
1861 3550 1908 3631 ele¹

213 3638 330 3695 scopum
342 3626 440 3688 recoli,
460 3626 509 3696 qui
527 3626 644 3696 perinde
660 3627 754 3697 potuit
767 3626 890 3683 alterius
905 3626 1037 3682 Ecclesiae
1091 3627 1146 3682 rici
1170 3624 1329 3696 (concludit
1342 3627 1496 3684 bledardus
1509 3635 1575 3698 post
1588 3627 1644 3685 ilia
1666 3628 1811 3698 superius
1831 3622 1907 3685 relati.¹

214 3697 370 3766 episcopos
394 3698 425 3752 in
442 3697 514 3753 Urbe
530 3697 633 3759 hostes
647 3711 679 3754 ea
698 3698 793 3754 dicad
811 3699 964 3754 Dominum
979 3697 1037 3752 mi·
1092 3705 1124 3753 ut
1142 3698 1296 3769 episcopus
1309 3698 1344 3754 de
1366 3698 1414 3754 his
1434 3698 1525 3769 palam
1539 3699 1717 3756 sciscitetur
1731 3713 1750 3756 a
1771 3695 1908 3770 populous

213 3780 326 3838 grasse3
348 3775 376 3823 et
397 3769 426 3823 in
442 3768 541 3837 aliquo
558 3768 725 3825 suburbano
737 3770 909 3837 coemeterio,
927 3769 956 3824 in
979 3781 1037 3840 quo
1092 3769 1122 3824 in
1135 3770 1245 3825 nostris
1259 3768 1409 3826 codicibus
1425 3783 1492 3826 mss.
1506 3770 1598 3839 vides,
1626 3774 1664 3828 ut
1675 3771 1766 3840 Juxta
1779 3768 1838 3826 anti
1873 3775 1906 3820 ιι

213 3838 344 3906 sepultus
357 3836 457 3906 luerit,
476 3851 571 3894 annua
593 3840 694 3895 mortis
707 3847 758 3895 aut
772 3839 962 3911 depositionis
975 3853 1038 3895 me·
1093 3853 1209 3910 morem,
1224 3854 1307 3911 quem
1327 3847 1425 3897 notare
1447 3841 1515 3898 licet
1529 3842 1561 3899 in
1582 3842 1687 3899 edicto
1709 3838 1849 3912 zbeopbil
1875 3846 1908 3914 pe

214 3908 305 3963 moria
323 3909 417 3976 potuit
429 3909 574 3965 honorari.
592 3910 824 3967 Contraevidens
839 3911 1037 3968 testimouium
1093 3912 1226 3968 triarchas
1239 3912 1428 3971 Alexandrini
1441 3926 1503 3969 can.
1517 3911 1558 3970 6:
1579 3915 1622 3969 lle
1642 3913 1695 3969 bis
1707 3914 1764 3985 qui
1776 3905 1906 3988 ordinatii

215 3980 367 4034 marmorei
382 3980 545 4036 documenti
562 3981 677 4050 publice
689 3983 775 4052 positi
793 3983 898 4039 saeculo
909 3996 970 4051 virt,
981 3995 1038 4038 una
1091 3988 1161 4039 sunt
1176 3983 1235 4040 baec
1256 3984 1312 4040 erit
1327 3981 1417 4040 forma
1432 4002 1441 4039 r
1459 3990 1490 4040 ιι
1510 3985 1581 4055 quid
1604 3984 1663 4041 uid
1679 3988 1726 4042 est
1744 3977 1906 4041 sacerdotale

213 4063 277 4105 cum
291 4063 410 4119 corpore
423 4050 569 4121 pontificis
583 4055 757 4124 etmartyris
770 4053 1038 4123 zepherini,expri·
1092 4054 1206 4112 ordinis
1220 4055 1381 4112 consentiat
1394 4054 1531 4128 eteligat,
1549 4061 1579 4112 et
1619 4069 1680 4113 unc
1692 4057 1906 4139 episcopatemr

214 4132 294 4174 mens
308 4121 428 4178 natalem
445 4124 575 4193 martyrii
591 4124 639 4182 die
653 4122 688 4180 26
703 4124 784 4194 iulii,
798 4139 849 4181 nec
862 4125 1038 4180 dissentiens
1093 4126 1192 4195 minet,
1218 4126 1260 4182 vel
1278 4127 1305 4182 ei
1330 4127 1416 4182 etiam
1435 4127 1612 4184 assentiente
1628 4125 1812 4185 sacerdotali
1828 4121 1905 4181 ordior

213 4190 436 4259 adepositionis
451 4195 585 4250 memoria
598 4201 660 4261 post
674 4209 796 4252 mensem
814 4196 1038 4266 peractaeinsuo
1091 4206 1240 4269 χειροτονεῖν
1264 4193 1288 4249 ἐν
1318 4199 1379 4269 μέση
1406 4203 1436 4265 rs
1465 4195 1588 4265 ἐκκλειι,
1617 4204 1690 4268 ιιι,
1722 4199 1904 4264 ordinetur

182 4315 184 4319 ,
213 4260 424 4344 coemetersobb
435 4263 568 4335 bugusti,
585 4272 613 4321 et
626 4266 800 4322 confirmatae
814 4280 864 4337 per
876 4266 1039 4323 Bibliothe-
1092 4275 1171 4325 sente
1196 4268 1312 4340 populo,
1334 4275 1363 4325 et
1380 4269 1515 4340 episcopo
1533 4219 1721 4340 alloquente,
1737 4284 1777 4328 an
1793 4265 1903 4339 possiti

212 4346 335 4415 carrum,
351 4340 379 4390 et
394 4348 444 4405 per
452 4334 599 4401 complura
613 4337 824 4410 martyrologia,
840 4343 867 4393 et
880 4343 1038 4395 consuetu·
1092 4339 1216 4409 populus
1229 4342 1254 4396 ci
1271 4339 1346 4398 lerre
1360 4340 1574 4400 testimonium.
1591 4338 1759 4399 Ordinatio
1769 4344 1901 4399 ιιιιιιιιῑ

212 4404 308 4459 danem
318 4406 451 4462 Romanae
466 4406 608 4475 Ecclesiae,
622 4413 773 4479 utramque
783 4408 861 4465 iilam
871 4411 1036 4466 memoriam
1092 4411 1140 4468 ilat
1154 4409 1326 4468 clanculum.
1342 4431 1356 4465 s

213 4477 345 4548 martyrii
365 4483 393 4534 et
405 4478 598 4549 depositionis
611 4480 748 4537 discretis
761 4480 790 4536 in
801 4480 873 4538 locis
887 4480 1039 4537 celebrem·
1127 4483 1269 4539 Praeconia
1287 4484 1317 4540 in
1339 4483 1523 4542 consistoriis
1536 4496 1729 4542 summorum
1750 4479 1900 4557 mutilem

212 4553 279 4630 tem,
306 4548 419 4606 inilrma
449 4564 566 4619 prorsus
595 4551 724 4608 habenda
743 4559 812 4608 sunt
829 4553 949 4623 objecta,
973 4547 1126 4610 duaeDad
1154 4553 1228 4610 banc
1258 4569 1349 4627 usque
1380 4553 1458 4613 diem
1485 4554 1640 4612 observata
1673 4558 1704 4611 iu
1735 4549 1900 4626 proponendi

212 4632 300 4703 unius
319 4621 426 4678 codicis
447 4623 541 4680 aetatis
563 4629 591 4680 et
605 4623 733 4680 auctoris
755 4623 858 4680 incerti
882 4625 937 4680 tria
951 4623 1036 4680 verba
1091 4625 1316 4696 episcopatibus,
1337 4633 1365 4683 et
1386 4627 1535 4684 sententiae
1556 4626 1636 4683 sacri
1657 4625 1785 4711 collegii
1797 4622 1900 4698 auditi·

213 4698 366 4760 snscrtant,
392 4706 442 4748 nec
457 4695 529 4751 satis
544 4693 729 4753 manifestant
749 4709 817 4752 num
832 4697 867 4753 de
878 4695 1036 4766 zepherino
1092 4697 1164 4753 lium
1178 4695 1214 4753 de
1229 4711 1307 4754 more
1321 4705 1434 4769 rogate,
1450 4711 1483 4754 ac
1499 4697 1660 4768 praemissas
1676 4712 1768 4756 noras
1780 4695 1900 4755 emboli

213 4766 312 4818 nostro
328 4762 493 4835 loquantur.
1091 4768 1146 4824 bus
1167 4768 1397 4841 presbyterorum
1412 4783 1446 4827 ao
1462 4770 1656 4827 diaconorum
1673 4769 1810 4840 eiusdem
1825 4768 1898 4823 αοιῦ,

235 4832 378 4915 'nemque
391 4834 541 4904 zepherini
558 4837 664 4908 epocha
684 4838 725 4894 ita
744 4839 927 4895 consentiens
940 4838 1037 4895 nomi·
1091 4839 1577 4911 quaeandquitusconsueverantin
1588 4836 1898 4924 praccedenticonsist?⁴

214 4901 301 4985 nebus
322 4906 486 4976 consulum,
512 4914 541 4965 et
560 4909 689 4965 numeris
703 4909 796 4965 etatis
820 4910 978 4980 beonianae,
1004 4923 1037 4966 ac
1091 4911 1136 4968 rio
1152 4911 1310 4983 enuntiari,
1324 4926 1401 4969 nunc
1417 4915 1448 4969 in
1459 4913 1521 4983 ipso
1533 4912 1640 4970 limane
1651 4913 1818 4971 creationis
1826 4901 1899 4977 simi

213 4972 339 5032 llrctoris
354 4991 432 5047 papae
447 4980 493 5034 sui
508 4981 633 5050 proximi
646 4980 805 5038 decessoris
815 4981 962 5052 martyrio,
972 4980 1037 5037 ada·
1090 4982 1172 5039 latim
1183 4982 1387 5054 exquiruntur,
1404 4985 1524 5057 vestigia
1538 4989 1609 5041 sunt
1622 4985 1738 5042 veteris
1752 4985 1826 5041 disat
1845 4979 1898 5036 line.

213 5048 334 5105 mussim
344 5050 429 5106 etiam
441 5051 759 5121 congruitaeraeCallisti
768 5053 953 5111 successoris.
964 5066 1037 5108 con·
1089 5053 1219 5111 abertate
1233 5054 1431 5125 apostolicain
1445 5056 1601 5113 Romanam
1616 4996 1899 5113 Ecclesiamtnxuoz

212 5129 299 5175 seusu
320 5120 449 5178 omnium
472 5121 707 5180 documentsrum
730 5124 880 5194 perspicue
898 5124 1034 5193 delinitae,
1089 5139 1280 5196 necunquam
1294 5125 1446 5200 abrogatae.

212 5193 246 5244 ιι
260 5190 291 5246 ln
306 5193 384 5249 notis
408 5193 621 5266 chronologicis
636 5195 671 5250 ad
698 5208 849 5251 numerum
870 5200 1035 5266 sequentem
1126 5197 1213 5253 Linea
1229 5194 1257 5253 5.
1282 5227 1319 5238 —
1342 5200 1376 5254 iit
1395 5198 1628 5269 potenosoitreos
1642 5203 1713 5254 arete
1726 5192 1899 5255 socerdoeit

212 5271 397 5330 exponemus.
415 5265 546 5336 Undique
558 5264 869 5337 igiturcomprobatur,
886 5267 964 5323 sedis
977 5268 1037 5323 Ro-
1089 5268 1236 5323 Ecclesiam
1262 5271 1385 5325 ministri
1406 5273 1558 5340 portarent.
1585 5267 1706 5327 vitreas
1737 5276 1849 5341 patenas
1864 5273 1903 5318 cit

214 5342 526 5393 maneannosxvrntet
537 5337 843 5406 mensesxzepherino
854 5352 933 5410 papae
945 5337 1036 5396 luisse
1091 5338 1217 5409 praeierri
1232 5341 1354 5409 iusserit
1374 5342 1559 5411 zepherinus,
1576 5341 1786 5413 potiusquam
1805 5340 1901 5413 ligares,

212 5414 262 5470 lter
277 5405 360 5465 hasce
376 5414 458 5465 notas
470 5409 571 5466 merito
587 5409 748 5467 restitutos.
1088 5417 1140 5467 aut
1153 5411 1320 5482 metallicas,
1329 5410 1749 5484 nondidlculteroonjicimus,
1759 5412 1785 5470 si
1797 5404 1903 5485 molt·
1942 5454 1945 5471 .

1088 5483 1724 5626 snlltsasactststtatmrs
1740 5481 1945 5613 amau

247 5615 524 5699 Linea3eti—lltc
540 5625 1034 5695 constituitutiapraseutiaomcium
1088 5626 1175 5683 donis
1197 5638 1295 5682 cavere
1318 5624 1428 5695 debuit,
1457 5639 1493 5683 ne
1519 5623 1562 5682 ira
1585 5633 1683 5684 menta
1710 5627 1904 5685 dilaberentur.

211 5681 367 5744 eterrrorum
387 5694 558 5774 clinicorum
580 5695 702 5765 fidetium
725 5699 780 5752 stoe
802 5697 896 5752 devito
918 5698 974 5751 siue
990 5711 1033 5752 so·
1087 5641 1684 5764 QuareTertollianusinlibrodessorona
1699 5694 1907 5770 militis,0rigr·

211 5754 304 5812 eerdm
331 5761 513 5820 reduceretur.
538 5768 648 5827 Veteris
672 5768 759 5826 istius
780 5766 954 5837 discipline,
970 5781 1032 5895 fer·
1088 5780 1138 5824 nes
1154 5767 1274 5825 homilia
1290 5766 1523 5839 l3inllxodum,
1539 5769 1654 5841 aliique
1669 5770 1774 5828 Patres
1805 5768 1903 5847 reducit

203 5839 292 5903 quam
313 5839 518 5906 proponuntur
532 5838 563 5901 in
582 5844 660 5902 ooetu
681 5839 814 5901 bdelium
824 5838 968 5898 ordinanti
994 5839 1029 5897 ad
1086 5839 1417 5910 northmanmam
1429 5841 1773 5916 mercredesburne
1850 5850 1905 5894 esre
