3892 6136
69 334 135 396 iiiii
484 331 646 392 lllstohlh
663 333 708 390 bit
727 331 815 390 liliis
833 329 917 390 liobt.
938 329 1038 391 PONT.
1055 361 1092 376 -
1104 334 1137 399 sa
1154 336 1348 396 meresape,
1696 331 1767 396 teca

68 484 120 540 pro
132 474 209 527 certo
220 466 336 525 habens.
352 467 463 524 Exinde
475 466 595 536 ipsemet
615 465 780 524 divinorum
796 447 931 523 libro-A
947 476 1037 533 mans,
1054 437 1114 536 quo
1125 465 1216 523 totius
1227 466 1293 523 uite
1314 463 1418 523 delicta
1433 466 1571 537 expiaret,
1599 465 1765 524 firmissime

68 555 131 598 rum
149 539 266 597 lectioni
279 552 378 595 vacare
391 539 523 595 instituit
538 542 655 594 :etcum
667 537 888 595 sacerdotesliei
944 537 1072 604 credens,
1114 550 1272 608 uscunque
1292 537 1461 593 humanitus
1485 537 1665 606 peccavisset,
1680 551 1765 596 arca-

67 609 890 680 sihiassessoresadscivisset,beumiiinm,quemviderat
945 552 1765 678 eorumverfbcrumefficaciacrsalutartlavacropcnttns

67 685 145 742 omni
160 683 340 738 observantia
364 682 514 738 colendum
537 693 599 737 esse
621 682 715 737 duxit.
737 699 750 730 r
773 681 889 737 Graecus
943 691 1005 734 esse
1018 678 1148 746 delenda,
1163 694 1235 749 genu
1250 680 1321 735 dexo
1342 679 1422 735 humi
1440 678 1638 748 procumbens.
1652 681 1764 738 veniam

68 761 162 812 textus
175 754 260 810 habet
278 772 284 809 :
300 753 342 806 τὸν
367 750 470 824 ὀφθέντα
492 751 559 808 eicio
584 752 674 814 πάσαις
695 754 744 804 δεῖν
766 753 827 805 clerc
848 754 891 804 ic·
944 762 960 805 a
981 750 1037 806 lieo
1058 751 1179 820 supplex
1200 751 1340 821 poposcit,
1357 757 1470 820 peccata
1496 762 1549 806 sua
1572 749 1710 807 condiens
1734 753 1763 808 in

67 829 177 896 ρααεέαις
192 830 283 896 ceper:
302 826 381 880 illem
395 840 473 895 quern
496 824 604 879 uiderat
617 827 702 879 Deum
721 826 794 878 acui
815 823 891 877 cultu
946 821 1007 888 ipso
1023 823 1180 892 martyrio:
1199 836 1254 892 quo
1268 823 1297 878 in
1316 822 1378 879 loco
1394 834 1529 878 manuum
1552 821 1765 891 impositionem

63 899 194 968 prosequi
205 901 325 962 oportere
334 897 429 952 dccii:
440 917 454 949 α
464 896 596 951 Posthaec
607 896 737 951 munitus
745 908 794 964 spe
804 895 887 959 bona,
944 906 1007 949 cnm
1022 893 1142 949 solemni
1161 894 1323 961 precatione
1336 893 1459 962 primum
1476 893 1580 948 meruit
1595 891 1763 961 accipere.»

67 984 151 1041 quarn
175 967 267 1024 iniilo
282 968 478 1035 collocaverat,
496 966 638 1037 tyrannici
655 964 764 1022 iccoris
788 967 889 1022 incen-
978 964 1035 1019 lloc
1055 965 1251 1020 testimoninm
1269 964 1393 1029 Eusebii,
1421 964 1578 1034 opinantur
1603 962 1765 1032 complures

67 1041 148 1098 dium
163 1040 348 1123 exstinguere
362 1053 514 1112 aggressus
529 1043 581 1093 est.
595 1055 608 1089 α
623 1037 891 1110 Sequiturexpedi-
944 1039 1069 1091 euertere
1087 1036 1238 1092 historiam
1260 1035 1395 1106 baptismi
1417 1049 1466 1105 per
1480 1033 1648 1091 Silvestrum
1671 1037 1766 1092 homae

67 1113 107 1167 tio
123 1120 151 1167 et
169 1112 292 1167 victoria
304 1115 402 1166 contra
418 1109 594 1167 Maxentium
619 1123 694 1166 auno
708 1106 770 1165 343.
791 1109 891 1178 Capite
945 1106 1142 1163 administrati
1157 1107 1344 1163 Constantino
1371 1108 1510 1178 Augusto,
1530 1113 1558 1162 et
1578 1106 1767 1164 constabilire

65 1197 133 1239 vero
147 1180 182 1238 ti
199 1182 324 1252 ejusdem
341 1181 421 1247 libri,
436 1180 485 1238 ubi
509 1184 586 1253 gesta
601 1181 783 1251 sequentium
796 1193 891 1235 anno-
945 1177 1075 1233 creditur
1093 1179 1262 1235 sententiam
1285 1192 1381 1234 eorum
1403 1178 1454 1248 qui
1477 1177 1606 1247 persuasi
1630 1183 1709 1244 sunt,
1733 1191 1767 1234 ac

67 1268 129 1311 rum
147 1254 334 1323 prosequitur
345 1252 497 1321 Eusebius,
513 1256 715 1309 commemorat
729 1252 889 1321 episcopos,
947 1249 1059 1304 ceteris
1069 1250 1188 1305 suadere
1200 1250 1343 1318 nituntur,
1357 1252 1494 1305 utseoum
1505 1252 1642 1305 tueantur
1655 1252 1766 1305 senten·

66 1325 414 1395 aliosqueministrosbci
429 1323 892 1391 aConstantinoaccitos:eosque
949 1319 1019 1375 tiam
1041 1319 1177 1390 baptismi
1195 1321 1223 1376 in
1245 1320 1299 1375 dne
1324 1321 1390 1375 vitae
1413 1318 1449 1375 ab
1471 1322 1567 1376 eodem
1596 1321 1767 1386 imperatore

66 1410 121 1453 non
152 1396 235 1452 modo
260 1408 362 1451 mensa
388 1395 544 1458 adhibitos,
565 1397 613 1451 sed
646 1407 817 1464 quocunque
839 1393 894 1450 tter
949 1392 1073 1459 suscepti
1089 1391 1271 1448 Nicomediae.
1288 1391 1435 1463 Siquidem
1453 1390 1511 1447 haec
1525 1391 1607 1448 addit
1623 1391 1780 1467 Eusebius!

66 1468 281 1523 iaceretsecum
297 1467 410 1538 ductos,
430 1472 516 1537 atque
546 1467 689 1522 intereos
718 1466 748 1520 in
775 1465 893 1535 synodis
949 1461 1063 1519 laudato
1089 1462 1176 1520 loco:
1206 1483 1219 1515 α
1244 1463 1317 1519 liinc
1342 1462 1379 1517 ab
1406 1461 1572 1518 suburbana
1594 1461 1767 1520 Nicomedia

66 1540 232 1596 consedisse
241 1537 301 1608 (cop
316 1535 371 1610 ti.)
393 1556 401 1594 τ
421 1538 508 1609 itique
529 1544 680 1608 antequam
715 1549 767 1593 sua
786 1535 893 1592 decen·
945 1533 1105 1602 digressus,
1121 1534 1284 1590 convocatis
1304 1533 1459 1604 episcopis,
1486 1533 1529 1588 sic
1553 1533 1587 1589 nd
1608 1548 1657 1591 eos
1681 1534 1768 1589 uerba

67 1611 145 1667 nalia
162 1617 306 1677 perageret
320 1609 389 1680 (cop,
407 1607 451 1671 tsi
466 1627 473 1664 ι
491 1623 555 1679 quse
577 1609 710 1665 incidunt
730 1608 760 1664 iu
783 1619 890 1663 annum
946 1603 1024 1671 iecit,
1042 1623 1055 1655 r
1072 1611 1125 1662 etc.
1150 1605 1274 1676 Exponit
1294 1618 1326 1660 ea
1348 1618 1412 1675 quac
1437 1609 1503 1659 ante
1525 1605 1631 1673 protuli
1660 1605 1696 1661 de
1719 1605 1767 1674 pio

65 1681 175 1739 Christi
198 1679 260 1737 3i6.
284 1682 341 1737 lloc
362 1687 456 1738 aulem
479 1680 616 1737 comitato
643 1680 821 1736 sacerdotum
839 1679 890 1735 liei
946 1675 1090 1733 desiderio
1105 1677 1180 1746 quod
1209 1675 1367 1746 aliquando
1390 1676 1560 1738 nutriverat,
1588 1675 1765 1746 percipiendi

68 1768 116 1823 per
132 1754 274 1821 integrum
289 1752 470 1821 decennium,
491 1750 686 1819 exprimailia
700 1749 888 1818 apparitione,
946 1747 1128 1818 signaculum
1144 1747 1269 1803 salutare
1295 1749 1324 1802 in
1347 1747 1481 1804 iordanis
1507 1745 1636 1804 domine.
1661 1747 1766 1803 Verum

67 1823 277 1880 aConstantini
294 1822 382 1879 latere
397 1836 452 1879 non
473 1823 629 1879 recedente.
657 1823 754 1878 eodem
768 1822 810 1877 uti
834 1834 887 1877 non
905 1819 1000 1884 Blieo
1014 1818 1194 1888 disponente,
1212 1818 1329 1886 ibidem,
1347 1817 1396 1874 ubi
1412 1823 1482 1874 tunc
1493 1817 1603 1889 agebat.
1616 1831 1715 1887 nempe
1736 1818 1765 1873 in

66 1896 179 1951 destitit
214 1895 378 1964 imperator,
405 1894 491 1949 etiam
515 1906 548 1949 ex
571 1893 736 1949 testimonio
759 1892 887 1961 Eusebii,
944 1888 1085 1946 suburbio
1104 1890 1276 1946 Nicomedia
1294 1890 1407 1944 solemni
1432 1891 1489 1943 ritu
1511 1891 1682 1945 ceremonias
1710 1904 1767 1944 esse

68 1981 158 2037 usque
181 1966 214 2020 ad
229 1979 282 2021 sua
294 1964 543 2037 quindecennalia,
560 1963 706 2020 referenda
731 1963 765 2019 ad
782 1977 887 2020 annum
940 1961 1216 2032 peruqendes:quod
1228 1961 1346 2031 exsequi
1358 1959 1765 2017 nondistuieruntantistites.

65 2033 289 2093 circumest
313 2036 408 2093 uidem
425 2035 576 2103 Eusebius,
590 2037 641 2106 qui
656 2036 685 2090 in
696 2035 838 2091 Chronico
852 2034 887 2091 ad
945 2052 958 2083 c
975 2033 1078 2091 Divino
1093 2033 1169 2088 enim
1193 2033 1317 2089 donatus
1337 2030 1487 2104 signaculo
1514 2031 1579 2101 pius
1607 2032 1739 2100 princeps
1756 2048 1764 2087 ε

65 2122 172 2164 annum
195 2105 248 2163 3⁶20
267 2052 353 2163 re‘iert
377 2108 601 2176 persecutionem
628 2105 745 2169 Licinii,
761 2106 889 2175 eiectisa
943 2104 1007 2164 θείας
1028 2106 1160 2176 σφραγῖδος
1188 2102 1484 2187 diriperccgcandidis
1507 2116 1539 2158 ac
1563 2104 1653 2173 regiis
1673 2103 1767 2184 vesti-

67 2180 174 2249 palatio
188 2179 375 2242 Christianis,
385 2179 414 2233 in
427 2177 741 2234 VitaConstantiniiib.
752 2174 887 2248 rx,cap.3,
943 2175 998 2230 bus
1017 2174 1093 2230 lucis
1108 2177 1199 2231 instar
1218 2173 1401 2231 radiantibus
1415 2179 1458 2230 est
1472 2174 1606 2242 amictus,
1619 2180 1647 2230 et
1661 2175 1767 2231 candr-

66 2251 165 2318 tradit,
193 2250 318 2319 ejusdem
339 2249 549 2317 persecutionis
564 2262 649 2305 consa
685 2253 713 2305 et
737 2248 772 2305 ad
793 2249 889 2318 repri-
943 2246 1066 2302 dissimo
1087 2247 1116 2303 in
1130 2245 1203 2303 lecto
1216 2245 1359 2313 recubuit,
1373 2258 1423 2301 nec
1434 2259 1588 2315 purpuram
1600 2246 1766 2316 contingere

66 2323 195 2377 mendam
220 2320 292 2376 hanc
312 2321 526 2391 oppressionem
553 2320 730 2391 tyrannicam
752 2320 889 2375 adversus
944 2317 1070 2380 amplius
1084 2317 1201 2374 veluit»
1219 2330 1384 2388 perpaucos
1398 2316 1461 2373 dies
1474 2316 1581 2386 quibus
1593 2317 1764 2386 supervicit,

66 2393 164 2448 iideies
179 2392 342 2458 excitatam,
366 2396 530 2460 susceptum
546 2391 675 2458 inisse,a
699 2392 746 2461 pio
760 2391 890 2460 principe
945 2388 1090 2458 usquead
1113 2389 1292 2446 bominicam
1319 2389 1508 2459 Pentecostes,
1526 2403 1582 2460 qua
1602 2388 1711 2458 placide
1735 2388 1766 2444 in

65 2464 253 2520 Constantino
269 2462 375 2520 beilum
390 2467 488 2520 contra
503 2463 655 2518 ticinium.
671 2462 888 2530 Expeditionem
943 2459 1059 2516 Christo
1072 2459 1154 2516 obiit.

66 2533 153 2592 reiert
171 2535 313 2603 auspiciis
323 2534 432 2591 talibus
448 2533 681 2605 incboatnmcap.
692 2531 717 2590 i:
733 2553 747 2586 α
763 2533 891 2602 Cumque
980 2531 1051 2586 llilri
1067 2535 1161 2587 tamen
1176 2530 1235 2587 baec
1248 2531 1413 2587 testimonia
1428 2529 1545 2587 Eusebii
1564 2534 1671 2586 attente
1699 2541 1767 2600 per-
1784 2589 1790 2596 ,

66 2604 295 2672 precationibus.
313 2607 338 2660 si
356 2619 482 2677 unquam
503 2613 597 2677 antea,
610 2619 671 2662 sese
686 2611 755 2661 tunc
769 2605 891 2660 maxime
946 2601 1090 2685 pendenti,
1103 2602 1307 2675 iongedirersa
1318 2602 1354 2658 ab
1365 2615 1463 2658 eorum
1475 2602 1612 2671 opinione
1623 2599 1767 2658 sententia

67 2677 200 2747 indigere
221 2676 406 2740 intelligeret.
426 2676 588 2733 sacerdotes
602 2677 651 2732 ilci
669 2689 763 2733 secum
780 2676 888 2733 duxit:
947 2673 1076 2728 inhaeret.
1105 2675 1202 2744 Neque
1228 2674 1302 2728 enim
1326 2672 1469 2728 Eusebius
1488 2670 1625 2744 refragari
1654 2673 1770 2727 ridetur

66 2762 115 2805 eos
135 2746 214 2803 velut
244 2748 369 2817 optimos
388 2748 491 2803 animae
513 2748 647 2804 custodes
672 2748 888 2812 adessercram,
946 2744 1114 2800 Nestoriano
1133 2749 1162 2799 et
1182 2743 1301 2810 Naiaiae,
1318 2744 1493 2811 baptismum
1521 2744 1614 2799 liomae
1637 2742 1769 2798 admini-

65 2826 197 2877 etsecum
211 2818 318 2874 versari
331 2818 433 2875 debere
443 2819 624 2875 existimans.
639 2838 652 2869 α
665 2819 786 2875 habente
801 2819 893 2887 igitur
947 2818 1068 2870 stratum
1090 2815 1239 2884 perspicue
1252 2814 1438 2870 narrantibus
1451 2831 1460 2874 z
1477 2826 1568 2883 neque
1579 2813 1615 2869 de
1627 2813 1770 2883 baptismo

66 2891 120 2947 boc
135 2891 260 2946 secundo
277 2890 487 2960 quinquennio,
500 2903 557 2961 quo
577 2903 593 2946 a
614 2890 699 2946 bellis
724 2889 892 2960 plerumque
948 2885 996 2942 hic
1012 2885 1102 2955 loqui,
1118 2884 1166 2940 sed
1193 2885 1228 2941 de
1253 2884 1367 2941 duobus
1386 2884 1520 2940 Ecclesia
1539 2885 1727 2941 sacramentis
1752 2897 1769 2941 a

67 2961 141 3018 liber
168 2961 318 3017 ordinabat
338 2961 501 3031 provincias
529 2961 759 3028 occidentales,a
779 2960 891 3016 Licinio
947 2956 1082 3024 baptismi
1098 2955 1212 3012 iavacro
1236 2955 1370 3022 diversis,
1386 2955 1556 3011 licetunum
1572 2955 1692 3010 istorum
1714 2968 1770 3024 ap·

67 3037 196 3101 receptas
217 3039 280 3102 post
305 3032 428 3102 priorem
457 3032 607 3088 victoriam
635 3035 665 3088 in
686 3030 892 3088 decennalibus
947 3025 1070 3096 pelletur
1085 3024 1221 3096 perfectio
1234 3025 1383 3092 baptismi.
1408 3038 1509 3094 nempe
1523 3027 1700 3095 confirmatio,
1721 3024 1769 3081 ai-

67 3111 251 3175 reportatam,
274 3118 338 3160 cnm
361 3105 433 3161 satis
458 3104 619 3160 instructus
647 3111 720 3159 esset
745 3101 890 3173 mysteriis
948 3097 1419 3167 terumver0,secundusquidam
1449 3096 1622 3165 baptismus,
1644 3096 1687 3153 rel
1718 3109 1769 3153 se-

67 3180 173 3231 nostre
189 3174 342 3245 religionis
358 3190 406 3245 per
421 3175 536 3231 divinas
556 3173 720 3242 Scripturas
733 3185 748 3227 a
762 3185 792 3227 se
807 3158 929 3227 auich
946 3169 1047 3223 eundae
1068 3169 1102 3224 ad
1125 3167 1300 3223 evadendum
1320 3181 1336 3224 e
1350 3166 1502 3240 naufragio
1529 3167 1643 3231 tabulae,
1668 3180 1768 3236 nempe

67 3247 164 3310 lectas,
181 3248 351 3314 easdemque
365 3246 424 3298 sthi
436 3243 594 3310 explicatas
617 3243 749 3313 quotidie
762 3256 812 3311 per
831 3241 891 3296 mi·
944 3239 1193 3308 pertrectaremus
1206 3239 1266 3295 haec
1281 3246 1456 3295 sacramenta
1470 3237 1614 3307 baptismo
1630 3239 1689 3309 jam
1706 3239 1770 3294 ini·
1871 3236 1873 3241 ’

67 3318 176 3372 nistros
188 3316 249 3379 Dei,
266 3312 413 3369 adhibitos
426 3329 440 3367 a
455 3326 485 3367 se
504 3312 708 3369 commensales
722 3319 748 3368 et
759 3325 891 3369 assesso·
946 3309 1028 3366 tiatis
1042 3310 1240 3382 congruentia,
1265 3323 1365 3379 nempe
1379 3316 1579 3365 sacramentum
1590 3313 1769 3378 concenatio-

67 3401 127 3442 res:
140 3382 536 3455 quiscredataprincipeilio,
551 3385 600 3453 qni
615 3383 674 3453 jam
684 3382 892 3439 deliberaverat
945 3383 999 3446 nis,
1016 3385 1042 3435 et
1060 3386 1259 3436 sacamentum
1281 3384 1456 3450 penitentie,
1480 3382 1505 3438 si
1531 3387 1606 3438 recte
1621 3382 1764 3453 percipio.

67 3458 142 3511 currrr'
153 3455 228 3509 cultu
243 3456 467 3524 Deumprosequi
479 3453 656 3526 oportereint
679 3455 722 3510 aii
739 3453 892 3524 Eusebius)
948 3452 1076 3508 indicare
1089 3453 1202 3508 videtur
1218 3452 1358 3509 Eusebius
1377 3453 1406 3510 in
1433 3451 1531 3509 allatis
1545 3452 1668 3510 verbis:
1695 3453 1769 3523 quin
1840 3501 1846 3517 ,

68 3538 151 3598 quern
167 3527 241 3581 bens
254 3527 314 3596 ipse
326 3524 491 3582 hominibus
504 3526 697 3583 manduriam
712 3525 891 3582 intellexerat
946 3525 1031 3579 etiam
1046 3524 1159 3580 ridetur
1169 3522 1375 3580 Constantinus
1398 3524 1460 3593 ipse
1486 3524 1515 3580 ic
1544 3536 1577 3580 ea
1592 3524 1768 3582 allocutione

68 3610 118 3664 per
142 3597 312 3653 decennium
327 3611 344 3653 a
370 3597 461 3652 servis
476 3610 508 3650 ac
528 3597 672 3653 ministris
686 3597 746 3662 bei,
764 3597 890 3667 primum
945 3595 1088 3665 episcopis
1099 3595 1226 3651 indicare
1239 3609 1354 3651 causam
1365 3595 1463 3651 dilatae
1475 3596 1670 3663 susceptionis
1684 3607 1768 3652 saca·

69 3669 156 3729 hunc.
171 3673 199 3722 et
215 3668 406 3724 necessarium
429 3668 462 3722 ad
479 3673 613 3724 aternam
633 3668 753 3724 salutern
769 3681 842 3733 esse,
858 3674 891 3725 ut
946 3666 1317 3722 menticondrmationisad
1331 3667 1489 3730 eamdiem,
1504 3680 1623 3737 eamque
1634 3667 1771 3736 quodam·

69 3739 211 3809 baptismo
227 3739 256 3794 in
271 3745 361 3795 morte
373 3738 481 3794 Christi
506 3738 708 3795 administrato
723 3740 778 3795 rite
791 3740 890 3811 tingo-
947 3737 1030 3794 modo
1055 3750 1192 3793 excusare
1212 3738 1392 3805 dilationem,
1422 3745 1519 3805 utpote
1541 3737 1707 3794 rationabili
1731 3750 1766 3794 ex

70 3824 144 3871 mur,
161 3816 233 3865 etex
251 3810 438 3866 inimicisbei
452 3810 605 3866 reddamur
621 3809 674 3865 iiiii
688 3810 890 3880 adoptioniset
946 3822 1033 3865 causa
1044 3807 1206 3877 proiectam.
1218 3810 1696 3880 quandosignidurauitdesiderium
1709 3807 1767 3864 sibi

68 3881 230 3937 coheredes
264 3881 382 3947 curisti,
409 3880 476 3951 quis
504 3879 644 3952 (inquam)
679 3883 777 3937 credat
807 3881 888 3939 aliud
947 3878 1535 3946 luissesuhortumaprimaconxersione
1558 3881 1628 3937 adC
1651 3881 1765 3944 rislum,

71 3963 215 4022 peractum
246 3951 366 4009 inissea
384 3952 430 4021 pio
445 3952 574 4022 principe
590 3966 673 4021 quam
698 3953 770 4009 iliud
795 3954 889 4023 ipsum
948 3951 1370 4023 suscipiendiregenerationis
1388 3951 1492 4008 lavacri
1522 3953 1598 4008 ineo
1620 3950 1692 4011 loco.
1717 3949 1767 4007 ubi

71 4024 145 4095 quod
159 4037 174 4079 a
190 4025 360 4080 Nestoriano
385 4031 497 4081 uetusto
519 4028 546 4079 et
579 4022 687 4080 illustri
717 4024 892 4096 chronologo
947 4023 1081 4078 cnrtstus
1093 4023 1232 4079 Dominus
1244 4024 1382 4093 exemplo,
1395 4024 1545 4080 acuirtute
1568 4036 1619 4080 sua
1635 4021 1768 4078 sanctiti-

70 4095 210 4160 scriptum
238 4096 324 4151 reiert
346 4093 457 4160 Naiala,
489 4107 588 4162 nempe
612 4100 774 4164 perceptum
803 4094 894 4152 icisse
948 4099 1058 4150 cauerat
1074 4094 1180 4149 tinente
1194 4094 1335 4150 iordanis.
1352 4093 1529 4166 lteiigiosum
1546 4095 1702 4164 principem
1720 4094 1768 4162 pia

71 4165 256 4235 baptismum,
280 4165 501 4223 administrante
524 4165 660 4222 Silvestre
688 4179 769 4236 papa.
792 4171 852 4223 tum
877 4180 893 4223 a
948 4166 1071 4232 corripit
1086 4164 1197 4221 allectio
1210 4166 1389 4236 suscipiendi
1407 4173 1615 4223 sacramentnm
1630 4166 1766 4236 baptismi

69 4236 257 4294 Constantino
272 4239 409 4308 Augusto.
427 4243 486 4294 tum
503 4244 620 4293 amatre
634 4236 745 4300 lielena.
766 4244 795 4293 et
826 4252 892 4308 pro·
949 4236 978 4292 in
994 4237 1125 4301 iordane,
1141 4236 1236 4292 statim
1251 4250 1283 4293 ac
1297 4251 1313 4293 a
1326 4237 1468 4308 Syirestro
1494 4238 1617 4322 aliisque
1632 4238 1768 4294 sacerdo-

71 4308 197 4378 pinquis,
208 4322 242 4364 ac
256 4308 425 4364 domesticis
436 4316 464 4365 rt
476 4308 600 4364 amicis?
611 4307 891 4377 Consequiturenim
948 4307 1026 4363 tibus
1038 4308 1151 4363 audivit
1163 4320 1197 4363 ex
1213 4309 1378 4378 Evangetica
1391 4310 1524 4372 historia,
1542 4310 1581 4366 ibr
1602 4323 1695 4366 vocem
1711 4310 1767 4364 Pa-

70 4378 203 4444 alterum,
221 4380 296 4450 qnod
310 4379 453 4436 abeodem
471 4380 610 4436 historico
622 4380 757 4436 traditur.
774 4385 802 4437 et
815 4382 890 4450 quod
948 4378 1137 4435 trisauditam
1153 4379 1378 4449 promulgantem
1393 4380 1644 4437 Filiumdiietum
1662 4379 1763 4447 Patris,

71 4450 196 4521 parietes
208 4450 262 4519 ipsi
277 4449 474 4518 comprobant,
491 4458 599 4507 erectas
616 4449 706 4506 inisse
719 4450 827 4520 ubique
839 4451 893 4508 ha-
949 4463 1093 4520 perquem
1111 4464 1162 4506 nos
1174 4451 1353 4519 adoptamur,
1369 4451 1409 4504 ibi
1423 4452 1554 4506 divinum
1569 4449 1709 4519 Spiritum
1725 4449 1766 4505 ui·

69 4520 170 4576 silicas
184 4522 214 4576 in
234 4521 388 4590 precipuis
401 4522 517 4589 imperii
537 4522 716 4578 ciuitatibus.
733 4525 890 4591 praesertim
905 4561 931 4622 D
947 4520 1027 4578 sibiii
1045 4521 1140 4590 specie
1153 4534 1239 4582 super
1254 4520 1348 4589 ipsum
1367 4522 1553 4590 apparuissee
1574 4520 1604 4576 in
1632 4527 1697 4590 typo
1712 4533 1766 4577 co·

70 4592 175 4652 Nema.
192 4592 381 4662 proximoque
394 4592 461 4649 llrbi
478 4600 582 4657 tractu,
599 4601 627 4649 et
644 4595 673 4649 in
688 4593 781 4664 Syria.
800 4594 891 4663 Opta·
947 4593 1059 4649 lumban.
1075 4592 1105 4646 iu
1122 4603 1178 4662 quo
1193 4604 1288 4646 secum
1305 4590 1486 4648 clamamus:
1512 4591 1587 4647 tibba
1604 4592 1695 4648 Pater.
1708 4591 1766 4648 Ve-

70 4667 149 4719 nerat
162 4663 369 4720 Constantinus
391 4663 527 4733 baptismi
544 4672 753 4722 sacramentum
769 4665 891 4722 solemni
947 4678 1010 4720 rum
1027 4676 1082 4719 non
1097 4660 1470 4720 deiueritSileesleroiiicio
1481 4663 1659 4733 providentis
1670 4668 1765 4733 pasto·

71 4734 129 4790 ritu
147 4736 291 4803 percipere
307 4735 476 4790 intordanis
490 4736 618 4799 humine,
631 4749 714 4807 quem
726 4737 818 4793 iocum
835 4735 894 4792 Sal·
947 4735 998 4800 ris,
1023 4733 1203 4794 declarando,
1225 4733 1338 4790 scilicet
1356 4733 1432 4791 tideii
1457 4734 1655 4803 Constantino,
1683 4746 1766 4805 posse

69 4810 151 4861 vator
162 4814 257 4862 noster
271 4805 393 4876 elegerat
404 4807 439 4862 ad
452 4807 612 4875 exemplum
629 4806 712 4864 nobis
723 4808 892 4864 tradendum
948 4807 1048 4875 utique
1071 4804 1231 4860 denotionis
1255 4804 1368 4861 niiectui
1391 4805 1549 4877 indulgere.
1577 4805 1626 4862 ubl
1659 4804 1765 4862 salutis

69 4883 98 4933 et
111 4877 269 4946 symbolum
288 4878 473 4934 indicandum
488 4878 610 4935 alterius
628 4893 644 4934 a
659 4892 689 4934 se
708 4879 891 4947 instituendi,
947 4884 1059 4934 aeternae
1074 4875 1233 4945 periculum
1255 4889 1310 4932 non
1328 4875 1475 4932 immineat
1494 4876 1763 4935 exdilatione.Non

71 4948 211 5015 quandoa
226 4950 332 5005 loanne
355 4963 529 5017 praecursore
551 4951 624 5020 tingi
638 4950 894 5018 uoluit3utscncti·
948 4962 1029 5019 posse
1045 4956 1151 5007 autem,
1168 4947 1329 5004 necdebere
1350 4946 1460 5004 diderri
1476 4961 1508 5004 ea
1534 4963 1597 5020 que
1624 4953 1764 5019 precepto

68 5022 165 5088 ficeret
180 5021 343 5090 baptismum
361 5022 484 5093 ioannis,
506 5020 673 5078 tradentes.
698 5021 848 5079 Ambrosio
862 5022 891 5080 in
947 5017 1248 5077 bominicodecinreta
1262 5024 1330 5075 suut
1350 5020 1385 5075 ad
1402 5020 1629 5088 consequendam
1643 5019 1764 5076 salutem

69 5091 152 5146 Luca
167 5093 269 5162 Evang.
283 5105 343 5160 cap.
361 5106 381 5147 1.
948 5090 1117 5147 necessaria.
1133 5088 1296 5147 Ostenderit
1307 5090 1442 5147 Silresrer
1456 5091 1590 5161 principi.
1606 5103 1765 5147 sacramen·

106 5162 198 5231 Huy'us
216 5162 354 5220 desiderii
372 5176 387 5218 a
415 5176 445 5218 se
464 5167 545 5220 antea
568 5164 672 5220 nutriti
693 5164 891 5222 testimonium
947 5169 1007 5219 tum
1022 5160 1157 5229 baptismi
1170 5161 1204 5217 ad
1223 5162 1344 5218 salntem
1360 5161 1767 5220 necessariumsotlicitccon·

71 5233 360 5304 protulitimpcrator
381 5234 465 5290 morti
483 5235 631 5304 proximus
651 5236 680 5292 in
693 5249 725 5293 ea
751 5237 892 5293 concione
946 5233 1118 5305 quirendum
1132 5245 1204 5297 esse,
1232 5232 1282 5289 ubi
1306 5247 1431 5306 congrua
1457 5233 1615 5291 catechesis
1635 5234 1763 5290 inimum

70 5317 156 5373 «quam
171 5305 271 5361 habuit
281 5307 314 5362 ad
326 5305 475 5375 episcopos
485 5319 500 5362 a
511 5312 728 5374 seconyocatos,
739 5308 780 5363 uti
793 5311 892 5363 narrat
946 5302 1037 5361 adulti
1045 5302 1233 5373 suscipientis
1244 5304 1455 5363 instruxeritad
1467 5304 1540 5362 iliud
1553 5306 1598 5375 pie
1610 5305 1767 5374 percipien-

70 5373 222 5442 b'usebius,
240 5375 290 5432 tib.
309 5374 518 5446 rx,capdEde
533 5376 893 5446 Vitaconstant.contigit
945 5375 1025 5436 dum,
1042 5373 1170 5443 exemplo
1192 5374 1316 5444 Philippi
1341 5376 1457 5432 diaconi
1480 5377 1509 5431 in
1522 5376 1568 5433 rie
1591 5375 1766 5443 baptizantis

69 5449 278 5505 autemconcio
298 5446 348 5503 illa
367 5460 442 5504 anno
464 5447 591 5518 vulgaris
615 5461 679 5503 aere
703 5445 757 5504 338
777 5449 892 5517 quaudo
946 5444 1262 5502 eunuchumcandacis
1275 5446 1390 5518 regina,
1401 5452 1430 5503 et
1440 5446 1515 5503 Petri
1524 5446 1648 5512 arrostoli
1661 5460 1764 5519 aquam

71 5515 186 5572 Pascha
208 5518 389 5575 solemnitate
423 5525 534 5588 peracta
555 5518 802 5587 Constantinopoli
825 5533 890 5577 cum
949 5516 1028 5574 illico
1043 5514 1139 5572 alierri
1154 5516 1359 5586 precipientis,
1378 5530 1468 5588 eaque
1490 5517 1642 5577 coniectim
1668 5519 1768 5592 bapti-

70 5587 185 5643 carteris
199 5588 411 5660 tidelibusiccp.
424 5588 467 5661 60]
484 5587 626 5660 proiectus
640 5588 847 5660 Helenopolim,
861 5590 891 5647 in
947 5586 1223 5651 rantiscorneiium,
1238 5600 1272 5643 ac
1284 5588 1388 5656 socios,
1406 5588 1445 5645 ita
1458 5588 1606 5647 credentes
1629 5591 1660 5648 in
1679 5591 1769 5649 Chri-

72 5659 206 5729 Bithynia
221 5661 307 5728 coepit
325 5668 485 5734 egrotare:
505 5681 516 5712 α
534 5659 634 5743 ibique
645 5661 674 5716 in
690 5660 797 5730 templo
813 5675 891 5718 mar·
947 5667 1033 5721 stum,
1052 5663 1083 5714 ut
1094 5658 1205 5729 linguis
1216 5656 1414 5730 loquerentur.
1430 5658 1605 5731 Ostenderit,
1619 5662 1765 5791 piaculum

73 5737 167 5800 tyrum
190 5731 242 5788 diu
264 5740 466 5801 commoratus,
496 5730 724 5801 supplicationes
742 5739 770 5788 et
795 5747 891 5795 preces
946 5730 1005 5787 iore
1016 5728 1144 5800 periculo
1158 5728 1282 5799 plenum,
1298 5730 1325 5788 si
1338 5729 1456 5789 obtentu
1471 5729 1610 5790 miutaris
1633 5734 1781 5791 areeriitt.

73 5801 179 5856 obtulit
196 5804 262 5859 lieo.
277 5808 406 5875 tumque
420 5809 575 5858 extremum
594 5802 658 5858 vitae
673 5803 748 5858 diem
765 5804 821 5860 sibi
832 5807 888 5876 jam
945 5815 977 5858 eo
992 5801 1110 5858 domine
1127 5801 1314 5871 percipiendi.
1334 5803 1363 5859 in
1383 5816 1440 5875 quo
1457 5804 1593 5860 memoria
1619 5811 1764 5875 gestorum

76 5871 225 5930 imminere
242 5879 371 5943 sentiret,
394 5882 506 5943 tempus
529 5873 641 5930 tandem
661 5875 760 5932 adesse
784 5879 890 5935 existi·
943 5873 1193 5946 Christipictatem
1209 5876 1472 5950 possetintendere,
1485 5873 1652 5934 differretur
1665 5877 1765 5950 gratiae
