3892 6136
193 235 261 296 liti

805 244 981 301 lxitsnasu
1011 235 1321 301 arnttoxnncluu'

1839 244 1893 303 litt

193 364 352 435 apostolica
376 375 568 439 nuncupatur.
593 370 697 440 Utique
723 370 804 425 sedes
827 369 911 441 agni,
934 367 1015 423 sedes
1028 366 1057 426 Α
1071 365 1165 423 clasiae
1178 368 1281 424 throno
1295 368 1462 425 adornando
1475 372 1612 439 tanquam
1626 369 1704 439 Agni
1716 368 1798 423 sede.
1812 366 1894 435 Quen

194 439 317 494 virentis
333 440 360 494 in
375 442 479 497 saecula
493 441 673 497 sacculorum.
687 442 717 495 ln
734 443 826 497 medio
836 443 920 509 cujus
933 440 1015 509 quasi

197 509 263 563 tiliae
281 510 310 564 in
327 513 435 581 gremio
450 514 585 568 resident.
600 521 624 567 et
641 513 668 566 iu
684 513 809 567 circuitu
825 519 919 566 astant
933 510 1016 583 quasi

195 579 1016 666 tamulaeinobsequioquatuorpatriarchalesEcclesiae.a

195 652 276 719 Quod
298 654 483 710 innocentius
505 655 551 709 hic
568 656 750 719 memorabat,
775 655 938 709 hauserata
955 653 1020 707 suis

197 723 413 780 decessoribus:
429 739 550 796 quorum
560 726 659 781 studio
669 726 793 794 videbat,
805 733 836 780 ut
846 727 931 780 etiam
944 737 1019 779 nunc

196 795 342 850 cernimus
357 798 385 850 in
402 797 547 866 plerisque
562 797 693 851 basilicis
709 798 853 866 itomanis,
870 802 899 852 et
913 798 941 850 in
959 796 1020 863 ple-

198 867 297 935 risque
307 868 582 923 titulisdelineatam
596 869 703 923 idcirco
713 867 802 923 luisse
813 869 884 923 hanc
894 867 1019 922 eamdem

200 938 352 1007 imaginem
364 939 442 993 sedis
453 940 502 994 Dei
516 947 543 993 et
553 939 625 1009 hgni
637 953 701 994 cum
715 947 839 1009 quatuor
853 940 913 994 illis
927 938 1022 1008 mysti-

198 1009 242 1063 cis
260 1008 428 1064 animalium
446 1010 558 1080 figuris,
575 1024 692 1065 currum
708 1011 807 1081 gloriae
823 1011 936 1064 Domini
954 1024 1020 1079 per-

199 1079 380 1135 trahentibus
404 1082 519 1149 quaudo
543 1083 780 1151 progrediendum
801 1088 844 1136 cst
860 1083 887 1136 in
910 1088 1021 1135 exteras

199 1157 305 1219 gentes,
323 1160 349 1205 et
363 1152 497 1207 thronum
512 1154 560 1206 Dei
576 1160 604 1207 et
615 1154 687 1223 tigni
702 1153 884 1223 cingentibus
901 1152 1022 1206 honori-

200 1224 253 1276 tico
270 1219 409 1277 larnulatn
430 1224 544 1293 quando
565 1225 696 1291 maiestas
710 1225 838 1278 omnium
857 1225 969 1278 bomini
993 1224 1019 1275 in

198 1293 264 1347 sede
290 1293 389 1364 gloria
413 1309 472 1349 suae
492 1295 738 1363 procumbentium
764 1295 946 1349 adorationes
970 1308 1022 1347 ex-

200 1370 317 1432 spectat.
335 1367 373 1418 lta
387 1379 486 1434 nempe
499 1365 687 1420 adumbratur
700 1366 871 1420 universitas
886 1365 1023 1419 Ecclesia·

200 1448 264 1491 rum
288 1436 424 1490 catholici
443 1437 579 1498 nominis,
598 1450 646 1504 per
660 1450 757 1491 omnes
779 1437 877 1490 rnundi
895 1436 991 1506 plagas
1007 1449 1023 1489 a

202 1507 440 1576 patriarchalium
456 1507 566 1562 sedium
581 1509 725 1576 episcopis
742 1509 797 1562 lale
815 1516 977 1575 propagata,
995 1513 1022 1560 et

201 1577 237 1632 ab
255 1579 357 1632 iisdem
378 1577 432 1632 sub
457 1578 642 1647 patriarchali
668 1579 772 1633 throno
797 1580 870 1633 Petri
893 1579 1022 1632 omniurn

110 1685 112 1688 -
202 1650 332 1718 principe
346 1651 438 1704 llomae
451 1651 609 1704 ‹coristituto
624 1650 657 1704 ad
673 1651 836 1704 unanimem
851 1649 898 1703 liei
913 1649 1022 1703 cultum

1072 439 1224 494 admodum
1249 441 1340 511 igitur
1363 441 1506 496 minorum
1528 441 1647 510 imperii
1664 441 1895 501 dioeceseonscu

1072 512 1281 580 provinciarum
1309 512 1435 580 episcopi
1458 511 1584 581 aliquem
1609 526 1646 566 ex
1672 525 1708 566 eo
1737 524 1856 566 numero
1876 513 1896 565 in

1073 582 1219 652 provincia
1231 582 1422 652 agnoscebant
1433 584 1539 651 potiori
1550 584 1617 651 y'ure
1630 582 1796 651 praeditum
1807 583 1841 635 ab
1850 596 1897 652 ayo

1073 653 1158 709 stolis
1176 656 1204 707 in
1222 654 1400 721 praesidendo
1414 653 1535 719 caeteris,
1550 661 1578 708 et
1594 655 1626 707 in
1644 651 1847 712 convocando,
1860 668 1898 708 or·

1072 725 1257 793 dinandoque
1279 725 1566 793 comprovincialium
1586 730 1668 780 coetu
1684 744 1692 777 ι
1710 727 1755 778 ita
1775 725 1805 776 in
1821 725 1898 779 titulis

1074 796 1211 850 liemanis
1222 795 1313 864 (quasi
1324 797 1480 849 discessibus
1493 796 1603 852 idcirco
1612 795 1798 865 designatis)
1810 793 1899 864 placuit

1075 880 1195 936 praeesse
1224 867 1402 936 presbyteros
1429 867 1615 933 cardinales„
1635 867 1754 935 quibus
1789 873 1900 936 parerent

1074 940 1168 993 caeteri
1187 937 1342 1007 presbyteri
1358 939 1449 994 eidem
1467 939 1554 993 titulo
1568 937 1807 994 succenturiati.
1825 945 1851 992 ut
1865 951 1900 1005 prr

1075 1010 1173 1063 domos
1188 1009 1327 1077 bdelium,
1341 1010 1400 1064 sive
1414 1023 1462 1079 per
1475 1009 1610 1078 proxima
1624 1008 1801 1062 coemeteria
1815 1008 1901 1063 titulo

1077 1094 1138 1134 rum
1161 1080 1268 1134 bilibus
1287 1081 1433 1150 assignata
1454 1093 1535 1135 sacra
1557 1080 1785 1134 ministrarent.
1811 1080 1901 1133 Rursus

1077 1159 1108 1206 ut
1128 1152 1252 1205 minores
1276 1151 1332 1205 illae
1357 1152 1503 1219 dioeceseS,
1531 1151 1594 1205 sive
1624 1151 1793 1219 provincia
1817 1149 1899 1215 larem.v

1076 1224 1136 1277 sire
1157 1223 1295 1291 regiones,
1320 1222 1486 1277 constabant
1513 1235 1546 1276 ea
1570 1222 1648 1291 lege,
1674 1229 1709 1276 ut
1735 1227 1836 1290 praeter
1853 1221 1902 1275 illas

1079 1293 1228 1361 imperium
1245 1299 1410 1362 agnosceret
1428 1294 1566 1349 dioeeeses
1590 1294 1735 1362 majores,
1755 1294 1837 1347 modo
1850 1294 1902 1361 plu-

1078 1364 1169 1430 ribuS,
1188 1363 1269 1417 modo
1291 1365 1476 1432 paucioribus
1497 1362 1649 1433 praelectis
1669 1365 1814 1432 praetorio
1834 1365 1903 1417 attri-

1078 1435 1160 1490 butas
1173 1437 1200 1489 in
1216 1434 1297 1489 (civili
1308 1437 1497 1505 dispositione
1509 1434 1690 1504 reipublicae
1704 1454 1713 1499 3
1728 1438 1770 1489 ita
1783 1437 1812 1490 in
1826 1435 1904 1488 Eccle-

1078 1507 1196 1560 siastica
1211 1506 1373 1561 hierarchia
1388 1509 1487 1560 Petrus
1501 1505 1683 1563 fundaverat
1695 1507 1853 1562 dioecesum
1864 1519 1904 1559 ma·

1075 1579 1170 1646 iorum
1193 1578 1273 1631 sedes
1293 1578 1375 1643 duas,
1399 1577 1631 1632 Alexandrinam
1654 1585 1685 1632 et
1701 1577 1903 1633 Aratioehenau.

1079 1650 1227 1718 proximas
1242 1648 1383 1719 dignitate
1402 1662 1418 1704 a
1433 1648 1571 1714 Romana,
1593 1656 1625 1703 et
1640 1648 1845 1717 amplitudine
1861 1661 1905 1700 sata

202 1720 343 1790 iidemque
356 1720 484 1784 collecta,
501 1727 529 1775 et
543 1720 721 1775 consolidata
735 1740 741 1773 :
756 1726 820 1789 apte
836 1722 865 1775 in
881 1719 1062 1786 articula-B
1078 1720 1263 1775 auctoritatis
1286 1718 1413 1789 plurium
1437 1721 1664 1786 provinciarum
1686 1720 1828 1787 yiraesules
1841 1732 1904 1773 com-

186 1782 238 1846 'tis
253 1793 281 1846 in
297 1805 458 1862 compagem
475 1794 605 1860 corporis
618 1792 728 1847 Christi
748 1806 795 1861 per
812 1792 1022 1846 hierarchicum

202 1864 327 1932 regimen
343 1864 496 1918 sacerdotii
513 1864 638 1933 singulis
652 1863 874 1919 collectionibus
895 1862 1022 1916 bdelium

201 1949 357 2005 earumque
382 1935 573 2004 praesulibus,
599 1949 647 2005 per
669 1935 811 2000 civitates,
838 1934 1022 2002 provincias,

202 2007 349 2072 dioeceses,
365 2019 463 2075 nempe
482 2007 636 2076 episcopis,
658 2005 895 2074 archiepiscopis,
915 2006 1025 2073 prima-

204 2078 293 2144 tibus,
316 2079 489 2146 patriarchis
507 2078 560 2133 sub
584 2091 641 2132 uno
657 2076 791 2144 pontitlce
808 2077 930 2131 maximo
951 2074 1024 2130 Petri

202 2149 396 2217 apostolorum
421 2150 564 2217 Principis
581 2149 790 2203 successionem
808 2161 841 2202 ac
863 2146 957 2203 locum
980 2152 1026 2200 te-

205 2226 289 2274 nente
303 2220 354 2274 hac
372 2220 400 2273 in
417 2222 483 2276 sede
498 2220 633 2275 Romana.

241 2290 339 2345 Unitas
352 2290 419 2357 hac,
431 2298 459 2346 et
468 2292 598 2347 ordinata
608 2290 748 2346 connexio
760 2290 884 2360 partium
894 2289 1027 2344 Ecclesia

205 2361 353 2417 catholicae
369 2362 422 2417 sub
437 2363 522 2417 unico
537 2362 649 2417 risibili
665 2363 768 2430 capite,
786 2376 849 2432 quac
867 2363 942 2416 inter
954 2374 1027 2429 apo-

204 2432 300 2488 stolici
325 2433 445 2502 symboli
468 2435 607 2489 articulos
621 2433 655 2488 ad
682 2441 816 2488 tesseram
842 2440 946 2489 nostrae
961 2432 1026 2487 ddei

204 2504 286 2573 plene
297 2505 466 2560 reddendam
480 2507 581 2559 merito
593 2511 769 2566 numeratur,
782 2505 846 2572 jure
856 2505 940 2558 etiam
953 2517 1029 2557 exer-

205 2576 267 2630 cuit
289 2589 384 2629 curam
403 2577 581 2645 pontificum,
605 2581 637 2630 ut
653 2575 747 2630 oculis
763 2590 876 2645 quoque
900 2575 1027 2630 tidelium

203 2645 321 2700 sensilis
335 2646 509 2705 redderetur.
526 2654 585 2701 tum
598 2648 628 2700 in
640 2645 719 2700 bisce
732 2646 832 2716 liguris
842 2647 877 2700 ab
888 2649 1029 2701 innocen-

205 2717 247 2770 tio
269 2718 442 2782 memoratis,
460 2726 519 2771 tum
535 2719 564 2771 in
582 2723 698 2784 aspectu
711 2730 856 2771 sacrarum
872 2718 987 2783 aedium,
1002 2721 1030 2771 et

207 2788 245 2841 iis
260 2786 469 2854 praefectorum,
486 2787 593 2856 quibus
611 2790 725 2856 sapiens
737 2788 914 2842 architectus
929 2789 1029 2843 Petrus

205 2857 353 2927 apostolus
365 2862 495 2912 constare
508 2857 599 2912 voluit
612 2864 823 2912 sacrosanctum
837 2861 888 2912 hoc
902 2858 1028 2913 taberna·

204 2929 302 2984 culum
316 2929 365 2983 Dei
381 2930 456 2983 inter
468 2928 609 2995 bomineS,
621 2928 774 2983 Romanam
786 2929 951 2983 Ecclesiam.
965 2930 1030 2983 Sive

1079 1791 1223 1860 plexuras.
1239 1789 1342 1845 llarum
1358 1804 1472 1861 quoque
1485 1792 1636 1860 specimen
1650 1792 1754 1846 visum
1767 1798 1811 1844 est
1821 1804 1836 1845 a
1848 1791 1904 1843 titu-

1079 1864 1117 1917 lis
1131 1862 1301 1917 distinctum
1321 1863 1349 1916 in
1366 1865 1497 1917 llomaaae
1521 1863 1664 1917 Ecclesia
1684 1862 1821 1927 partibus
1834 1861 1903 1915 exhi-

1079 1932 1904 2002 bere.Opportunitasexhibendispeciminisseobtulitiu

1080 2005 1184 2060 erectis
1204 2005 1336 2059 basilicis
1355 2004 1546 2072 amplioribus
1562 2018 1578 2059 a
1596 2005 1811 2059 Constantino.
1829 2005 1905 2071 Neque

1081 2072 1903 2145 idtamenuniuspomitreis,autuniussaeeobopustmt:

1081 2148 1319 2217 quemadmodum
1343 2160 1393 2201 nec
1410 2147 1497 2202 tinius
1515 2146 1674 2213 pontilicis
1699 2161 1773 2202 cura
1796 2145 1848 2200 tuit
1866 2158 1905 2213 pa-

1082 2218 1272 2274 triarcharum
1288 2218 1367 2273 orbis
1378 2219 1536 2272 Christiani
1554 2232 1722 2273 nurnerum
1740 2217 1865 2273 delinire.

1118 2293 1266 2343 llioeccscon
1281 2290 1341 2344 sive
1353 2290 1497 2356 rnrrjorum,
1515 2291 1579 2343 sive
1595 2293 1745 2343 rutinorum
1760 2297 1851 2359 typum
1865 2285 1905 2341 sub

1080 2362 1229 2430 Dionysio,
1240 2362 1275 2416 de
1286 2375 1342 2430 quo
1352 2375 1475 2431 agimus,
1489 2361 1563 2414 satis
1577 2360 1748 2416 reddebant
1758 2358 1905 2415 tituliabeo

1083 2433 1216 2501 reparati,
1234 2438 1261 2486 et
1271 2431 1325 2487 sub
1338 2432 1471 2487 blarcello
1484 2432 1651 2486 similiter:
1670 2433 1793 2502 quando
1807 2431 1839 2484 ab
1849 2440 1906 2482 utro

1083 2518 1137 2574 que
1150 2505 1205 2557 isto
1222 2503 1354 2572 pontilice
1371 2510 1433 2570 post
1449 2510 1626 2557 memoratas
1645 2502 1861 2571 persecutiones
1872 2516 1906 2553 re·

1083 2575 1298 2646 stitutoviginti
1310 2573 1614 2644 quinquetitularium
1629 2574 1906 2642 presbyteroramm

1084 2647 1170 2714 mero)
1180 2647 1208 2700 in
1222 2645 1634 2716 quouniversitassacerdotii
1645 2660 1683 2700 ex
1696 2646 1808 2699 virium
1819 2654 1905 2699 sunm

1083 2717 1223 2785 elucebat)
1253 2717 1341 2771 divisi
1371 2725 1438 2771 sunt
1460 2715 1555 2784 tituli,
1582 2729 1617 2771 ac
1646 2717 1820 2771 cmmeteria
1840 2715 1904 2769 certis

1085 2786 1904 2859 presbyteris.eaquamdiximuspartitiouevlgintiquia

1084 2873 1139 2929 que
1156 2858 1326 2914 titularibus
1343 2860 1492 2928 parituris,
1510 2859 1598 2927 quasi
1617 2859 1807 2928 praesulibus
1821 2859 1904 2912 diece-

1084 2944 1162 2985 seon.

205 3001 298 3070 igitur
311 2998 390 3055 tituli
402 2997 482 3055 abab
494 3000 580 3054 initio
591 2999 791 3070 fundarentur,
805 3008 835 3055 ut
846 3001 1030 3056 ricesomnes
1118 3002 1298 3056 constructis
1317 3015 1383 3056 vero
1404 3000 1538 3057 basilicis
1561 3001 1772 3070 amplioribus
1789 3016 1835 3071 per
1850 3000 1903 3053 satu·

205 3071 405 3139 sacerdolales,
418 3085 480 3142 quar
493 3078 587 3126 stante
598 3072 685 3126 veteri
698 3072 858 3126 sacerdotio
872 3072 1030 3138 llierosoly·
1044 3068 1068 3130 C
1084 3074 1254 3140 stantinum,
1270 3073 1393 3126 dioceses
1408 3071 1464 3128 illae
1476 3073 1596 3139 majores
1609 3075 1772 3129 commode
1784 3073 1858 3128 reddi
1869 3087 1903 3138 pa

206 3143 261 3198 mis
275 3142 475 3203 cernebantur,
493 3143 540 3198 hic
558 3144 712 3212 perennius
724 3149 752 3196 et
767 3144 908 3198 sacratius
921 3144 1028 3198 consti·
1083 3150 1201 3199 tuerunt
1215 3144 1251 3198 iis
1264 3144 1292 3198 in
1305 3143 1445 3213 basilicis,
1457 3157 1490 3198 ac
1500 3143 1627 3212 tigurari
1641 3163 1649 3209 3
1662 3152 1698 3200 ut
1710 3144 1904 3199 diarrsrsmira

206 3220 275 3268 tutae
301 3219 547 3284 agnoscerentur3
574 3214 633 3268 sive
660 3214 772 3268 reddita
801 3215 935 3269 Ecclesiae
964 3227 1029 3283 pace
1083 3215 1365 3284 resprovinciarum,
1390 3229 1440 3270 seu
1464 3215 1722 3284 civitatumlnam
1749 3217 1822 3271 etad
1845 3212 1905 3267 urbes

206 3292 307 3354 praeter
318 3285 420 3340 titulos
430 3287 570 3341 Romanos
582 3283 617 3340 ab
629 3286 715 3339 etiam
729 3285 856 3340 basilica,
866 3287 1031 3340 excitaren-
1084 3285 1216 3354 singulas
1231 3285 1365 3341 dioeeests
1381 3299 1481 3341 nomen
1503 3287 1625 3340 tandem
1642 3292 1783 3355 aptatum
1800 3286 1860 3347 tuit]
1873 3296 1905 3351 pu

206 3366 262 3418 tur,
276 3356 509 3426 patriarchalium
520 3358 687 3412 thronorum
700 3357 851 3425 imaginem
864 3359 1029 3422 redditurae,
1085 3356 1188 3411 titulos
1199 3358 1339 3411 Romanos
1353 3359 1381 3411 in
1395 3356 1511 3412 tiliabus
1522 3357 1675 3413 Ecclesiis
1686 3360 1765 3414 suis.
1779 3367 1810 3413 ut
1820 3361 1903 3411 vorant

208 3436 237 3482 ut
254 3429 437 3481 Innocentius
454 3428 573 3484 indicat.
587 3427 943 3495 etcardinalisllaspouus
959 3442 1031 3481 ιιιιι-
1083 3430 1147 3497 jura
1179 3428 1318 3482 norrnulla
1341 3434 1506 3483 exercentes
1527 3429 1790 3494 ostenderentur;
1815 3428 1904 3494 majera

207 3498 301 3552 hrmat
314 3513 348 3552 ex
363 3499 528 3554 testimonio
541 3499 662 3553 alterius
675 3499 832 3553 cardinalis
848 3499 929 3564 longe
947 3505 1031 3552 vetu-
1086 3513 1151 3554 vero
1173 3499 1296 3552 dioceses
1320 3501 1401 3568 quasi
1429 3502 1458 3553 in
1481 3506 1548 3567 typo
1572 3498 1854 3556 demonstrarentur
1872 3507 1904 3564 yar

205 3569 316 3635 stioris,
332 3584 432 3635 neutrae
444 3569 471 3624 S.
484 3571 559 3624 Petri
575 3571 718 3633 Damiani,
732 3570 858 3639 aliisque
873 3572 1031 3624 documen·
1087 3570 1223 3624 basilicas
1239 3569 1453 3639 patriarchales.
1469 3570 1569 3624 visum
1583 3579 1634 3625 est
1650 3572 1758 3643 itaque
1771 3568 1902 3640 septenario

207 3642 256 3703 tis,
269 3640 417 3710 productis
428 3654 515 3710 supra
527 3643 556 3696 in
569 3642 646 3695 notis
655 3641 688 3695 ad
706 3642 795 3695 Vitam
808 3643 835 3694 s.
849 3641 919 3695 Cleti
932 3660 938 3705 3
953 3654 1031 3696 ruens
1087 3655 1216 3706 inumera,
1234 3642 1432 3696 universitatis
1448 3641 1544 3695 indice
1559 3641 1587 3695 in
1607 3644 1782 3712 scripturis
1795 3638 1901 3710 sapede·

207 3713 303 3767 eadem
319 3714 448 3768 omnium
465 3726 662 3768 successorum
680 3711 735 3767 luit
751 3726 814 3781 qaae
834 3714 1029 3780 apostolorum
1088 3721 1257 3776 monstrato,
1268 3726 1302 3767 ex
1314 3713 1455 3766 sententia
1468 3713 1633 3781 hugtrstini
1647 3721 1679 3768 et
1692 3713 1900 3787 Gregoriihon·

209 3784 333 3851 principi
350 3783 440 3839 luisse
457 3784 643 3851 intelligitur,
654 3783 722 3838 dum
736 3784 814 3838 Cleto
829 3784 984 3848 mandaret,
1001 3789 1032 3837 ut
1086 3782 1122 3838 33
1133 3785 1161 3837 in
1176 3785 1271 3854 Erang
1285 3824 1292 3849 ,
1306 3783 1488 3851 aliorumque
1499 3785 1636 3846 Patruus,
1651 3793 1682 3840 et
1696 3781 1900 3840 hebdomadaria

206 3853 242 3909 25
267 3854 445 3923 presbyteros
469 3856 497 3907 in
524 3855 595 3907 Urbe
616 3855 804 3908 constitueret
829 3868 927 3919 nempe
945 3854 1033 3908 exhi·
1088 3854 1201 3910 vicibus
1214 3864 1278 3925 apte
1292 3867 1476 3923 responsuro,
1490 3855 1564 3908 hanc
1578 3856 1750 3926 imaginem
1765 3863 1900 3925 posscprt·

207 3926 273 3979 bere
284 3925 539 3979 totiusChristiani
551 3925 704 3980 sacerdotii
715 3926 878 3980 ordinatum
892 3926 1033 3993 principa·
1086 3927 1169 3980 stari.
1185 3927 1278 3995 Quare
1292 3925 1421 3981 basilicis
1438 3925 1601 3992 majoribus
1621 3919 1900 3996 patriarchatuuui⁴

208 4004 269 4051 tum
283 3995 337 4049 sub
348 3995 482 4064 pluribus
492 3996 646 4064 episcopis,
658 3998 745 4051 unius
757 3997 901 4064 poruibcis
914 3996 1031 4050 maximi
1087 4011 1187 4068 guram
1205 3997 1363 4052 reddituris
1378 3994 1512 4052 attributi
1529 4006 1602 4051 sunt
1624 3999 1809 4068 singillatim
1823 4001 1898 4070 senen

211 4064 364 4135 primatum
381 4066 613 4134 agnoscentibus,
631 4067 680 4136 qui
697 4067 800 4123 tratres
813 4067 994 4121 ‹zonhrmaret
1005 4072 1033 4122 et
1087 4068 1239 4124 titulorum
1252 4068 1408 4138 presbyteri
1419 4067 1596 4123 cardinales.
1612 4070 1666 4138 qui
1682 4067 1900 4135 concinnesign·

210 4137 393 4191 auctoritatis
409 4139 572 4206 prestantia
590 4144 698 4209 regeret
718 4139 866 4193 universos
882 4141 909 4192 in
925 4146 1032 4206 partem
1088 4139 1215 4197 licerent.
1234 4139 1356 4195 minores
1378 4140 1514 4193 dioeceses
1530 4140 1694 4194 civitatum
1714 4156 1750 4196 ac
1767 4135 1900 4210 provincia·

210 4206 421 4262 sollicitudinis
436 4216 559 4263 vocatos.
1089 4225 1150 4266 rum
1169 4224 1217 4280 per
1231 4211 1408 4278 patriarchas
1421 4210 1460 4264 ita
1473 4208 1616 4264 collectos
1632 4219 1719 4267 arcte
1734 4211 1853 4268 connecti
1864 4201 1899 4258 sal

246 4277 287 4332 hd
304 4277 375 4332 banc
388 4280 540 4345 imaginem
554 4278 743 4334 exhibendam
759 4293 812 4333 non
827 4280 944 4334 unicum
959 4279 1031 4334 illud
1088 4294 1146 4337 urio
1165 4281 1259 4349 capite
1277 4282 1368 4336 totius
1385 4280 1519 4335 Ecclesiae
1539 4281 1715 4353 catholicae,
1738 4284 1813 4354 quod
1829 4286 1899 4350 anth

211 4348 371 4419 symbolum
386 4350 585 4404 universitatis
600 4349 763 4403 adhibitum
780 4350 846 4417 tuit,
865 4351 937 4418 quod
954 4359 1033 4418 pete·
1088 4359 1274 4423 agnoscerent
1302 4354 1330 4406 in
1360 4351 1524 4421 patriarcha
1554 4353 1704 4420 Romano,
1733 4361 1828 4423 utpote
1847 4351 1897 4402 aaut

211 4420 297 4475 batur
308 4432 324 4473 a
337 4421 564 4476 vicibusveteris
576 4421 730 4475 sacerdotii
746 4422 869 4475 llosaici.
886 4425 1033 4490 lipportu-
1048 4449 1072 4509 D
1088 4423 1283 4492 apostolorum
1311 4423 1453 4493 principis
1479 4422 1507 4476 in
1535 4422 1591 4478 hoc
1619 4426 1729 4481 eodem
1755 4424 1895 4495 episcopata

212 4506 279 4547 num
298 4491 369 4547 illud
391 4493 541 4561 potissime
560 4490 616 4547 luit
633 4493 662 4546 in
678 4499 778 4547 exortu
799 4493 942 4547 Ecclesiae.
961 4493 1031 4547 Cum
1088 4508 1170 4563 quem
1190 4495 1343 4564 primatum
1365 4493 1497 4548 Ecclesia
1515 4491 1640 4564 lecerat,
1658 4508 1836 4553 successore.

210 4564 286 4618 enim
299 4564 353 4618 ista
366 4578 414 4633 per
424 4577 513 4619 annos
524 4563 917 4632 compluresesolisludaeis,
929 4564 1033 4619 deinde
1123 4569 1178 4620 Nec
1191 4572 1283 4620 tamen
1297 4574 1406 4620 certum
1417 4578 1479 4619 esse
1491 4564 1622 4620 dixerim
1636 4569 1744 4624 eodem
1758 4564 1894 4626 mculoqn

211 4641 275 4703 post
287 4634 427 4690 visionem
441 4635 567 4690 Cornelii
583 4637 668 4691 etiam
684 4650 717 4690 ex
732 4636 866 4706 gentibus
880 4635 1034 4705 colligere-
1086 4637 1331 4692 constantinianae
1344 4636 1469 4690 basilica.
1482 4636 1694 4694 condebantur
1709 4643 1764 4695 has
1778 4636 1894 4693 hebdodo-

211 4711 268 4771 tur,
287 4707 437 4774 praestabat
450 4720 482 4762 eo
494 4710 577 4777 signo
590 4715 658 4761 trine
670 4709 712 4761 uti
727 4708 833 4762 vicium
847 4708 950 4778 viginti
968 4719 1035 4778 qua·
1087 4710 1185 4763 darius
1198 4709 1274 4762 vices
1285 4708 1447 4763 titularium
1462 4706 1709 4776 presbyterorum
1725 4699 1894 4764 insistente

211 4783 278 4832 tuor
298 4777 527 4842 sacerdotalium,
548 4778 647 4833 addita
663 4779 797 4849 vigesima
814 4780 914 4848 quinta
931 4777 1033 4832 vicarii
1088 4781 1182 4834 silicis
1197 4778 1284 4833 simul
1301 4779 1460 4840 institutas,
1479 4790 1530 4831 nee
1544 4786 1681 4847 quatuor
1694 4770 1893 4850 autquinanti
1938 4832 1940 4837 .

213 4847 368 4917 pontilicis,
380 4850 455 4917 quod
466 4850 495 4903 in
506 4851 611 4904 recenti
621 4850 756 4904 memoria
768 4851 870 4905 veteris
880 4849 1033 4905 sacerdotii
1090 4851 1173 4905 irritio
1187 4850 1324 4904 basilicas
1336 4851 1388 4905 hoc
1398 4849 1562 4917 septenario
1576 4851 1818 4907 ministrantium
1830 4839 1892 4899 titula

211 4925 280 4973 aetas
297 4918 347 4973 illa
361 4921 454 4975 adhuc
471 4922 597 4976 viridum
611 4927 639 4975 et
655 4934 778 4989 praesens
793 4922 911 4975 mraxime
925 4921 1035 4974 retine·
1089 4922 1163 4977 rium
1179 4935 1297 4976 raurnero
1311 4919 1544 4988 luissedonatas,
1560 4928 1595 4976 ut
1608 4918 1892 4997 resyronderenticnti

212 4994 269 5046 bat.
285 4990 400 5060 Sepulta
417 4992 530 5046 interim
547 4994 691 5063 Synagoga
707 5007 771 5047 cum
786 4994 902 5056 honore,
918 4992 970 5046 alii
985 5007 1034 5046 su·
1089 4992 1325 5048 totidemscdium
1335 4989 1671 5061 patriarchaliumorbis
1682 4991 1890 5050 Christianiall

214 5069 346 5133 perorant
368 5064 480 5132 mystici
499 5066 610 5120 numeri
634 5066 832 5119 universitatis
850 5066 879 5119 in
897 5064 1034 5119 Ecclesiis
1089 5071 1195 5134 quanta
1211 5064 1346 5119 tirmitate
1358 5063 1526 5118 obstiterint
1542 5063 1671 5119 Romani
1690 5067 1844 5134 pontifices.
1856 5062 1890 5131 ιιΙ

214 5149 263 5205 per
276 5134 422 5202 apostolos
437 5132 575 5194 inundatis,
589 5143 617 5190 et
633 5137 781 5203 potissime
795 5149 931 5190 numerus
946 5141 1035 5204 septe-
1088 5141 1200 5205 quarto,
1215 5142 1274 5190 tum
1287 5135 1388 5205 quinto
1399 5131 1503 5188 saeculo
1516 5147 1583 5187 aerae
1593 5135 1792 5203 Christiana,
1803 5124 1890 5204 presul·

214 5206 545 5274 riariusabnpocalypst
563 5208 681 5262 loannis
695 5207 960 5273 reddituscelebris,
973 5216 1032 5262 tum
1088 5200 1890 5279 busconstantinopolitanis,connumerariadnitentihls

214 5278 242 5332 in
256 5277 362 5333 asiana
373 5278 489 5332 dioeccsr
504 5282 609 5347 septem
623 5278 811 5333 Ecclesiarum
827 5279 881 5333 sub
891 5280 1033 5347 Ephesina
1088 5292 1137 5332 seu
1149 5280 1220 5345 pari,
1234 5291 1283 5332 seu
1295 5277 1487 5345 praestantiori
1499 5275 1593 5345 gradu
1604 5292 1674 5332 cum
1685 5287 1801 5334 caeters
1811 5279 1890 5346 patna

213 5349 288 5414 sede,
314 5363 399 5419 quam
423 5348 527 5402 Paulus
551 5349 708 5403 tradiderat
733 5348 890 5414 Timotheo,
917 5358 976 5404 tum
1003 5351 1032 5405 in
1087 5350 1161 5404 chis.
1174 5350 1250 5402 Sertis
1272 5355 1343 5402 riola
1358 5361 1390 5402 ac
1402 5346 1528 5401 celebres
1543 5355 1627 5412 sunt,
1646 5357 1712 5405 tum
1731 5347 1891 5405 Damasia!

213 5421 341 5490 symbolo
356 5420 473 5476 totidem
490 5420 736 5478 candelabrorum.
758 5434 790 5475 ac
807 5422 924 5475 totidem
941 5421 1033 5489 spiri·
1087 5420 1189 5474 teonis
1205 5419 1297 5489 blagni
1311 5418 1448 5486 epistole,
1463 5423 1559 5472 vetera
1569 5419 1642 5486 y'ura
1655 5428 1820 5477 asserentes
1830 5412 1893 5493 tribui

215 5497 295 5545 tuum
311 5492 360 5545 Dei
376 5493 479 5546 throno
493 5492 660 5555 astantium,
679 5492 784 5546 ibidem
800 5505 944 5560 expresso.
1087 5492 1217 5560 antiquis
1226 5490 1342 5545 sedibus
1353 5488 1601 5558 patriarchalibus
1612 5490 1725 5561 Romae,
1736 5487 1892 5565 Alexandria

248 5561 382 5616 Romanis
395 5562 580 5630 pontificibus
592 5564 699 5631 placuit
712 5563 797 5617 etiam
813 5563 864 5618 hoc
874 5562 1033 5633 symbolum
1088 5562 1258 5629 nntirachiae,
1271 5567 1298 5615 et
1308 5560 1474 5616 cohibentes
1486 5561 1716 5630 usurpationem
1729 5563 1895 5619 consuatur

214 5629 350 5683 adhibere
364 5634 427 5686 suis
442 5634 470 5686 in
488 5634 584 5688 titulis
598 5633 795 5702 disponendis,
811 5635 844 5688 ad
863 5634 1035 5689 universalis
1089 5634 1224 5702 politanae
1237 5633 1315 5687 sedis
1329 5631 1504 5686 antistitum.
1521 5631 1573 5701 qui
1591 5632 1771 5691 nitebantur
1784 5632 1841 5688 loco
1854 5639 1896 5681 nt

213 5699 346 5753 Ecclesiae
360 5704 503 5768 specimen
517 5705 703 5766 reddendum,
720 5704 867 5774 totiusque
880 5706 1034 5760 sacerdotii
1088 5703 1391 5759 verehlexandrinum
1408 5701 1671 5761 ethntiochauuut
1697 5710 1731 5761 ut
1751 5702 1896 5763 sensium

212 5768 372 5824 Christiani
388 5773 552 5837 synedrium
566 5776 785 5845 exprimendum
800 5776 829 5831 in
845 5776 976 5831 llomanae
988 5777 1037 5830 Ec·
1087 5780 1200 5844 ptarent
1222 5775 1256 5828 ad
1276 5775 1475 5842 occupandum
1496 5773 1594 5829 totius
1610 5742 1896 5839 Bauium-abolet
