3892 6136
132 278 197 337 lost
752 279 931 335 ANASTASU
950 277 1223 334 umuiouuuctnit
1773 274 1840 340 1052

129 409 171 464 cit
186 409 559 479 praedictusconstantinus
573 407 736 478 apostolicae
751 406 828 461 sedis
839 406 954 461 invasor
969 407 995 466 A
1011 410 1064 472 est,
1082 411 1112 460 ut
1133 404 1245 460 femina
1264 405 1382 461 nonnisi
1402 413 1500 474 operto
1519 420 1552 462 ιι
1572 406 1666 463 ιιιιιι
1681 408 1786 477 capite.
1808 411 1840 466 ob

127 481 338 536 ordinationem
354 481 593 551 presbyterorum,
608 480 955 546 seudiaconorum:pre-
1011 476 1188 547 angelorum,
1218 477 1267 547 qui
1294 478 1378 546 iuxta
1403 478 1613 543 expositionem
1639 478 1668 534 S.
1698 479 1838 536 Ambrosii

129 551 258 622 sbyteros
273 557 346 612 octo,
359 553 497 606 diaconos
508 558 633 622 quatuor
644 570 652 619 ς
664 551 710 606 sed
722 557 750 605 et
764 551 913 620 episcopos
926 548 955 602 iu
1012 557 1080 604 suut
1089 548 1260 612 sacerdotes,
1272 550 1459 604 reverentiam
1470 549 1607 618 templum
1621 550 1839 624 ingrediantur3

130 621 225 693 ipsius
246 624 314 678 anui
338 623 459 678 circulo.
481 630 510 678 et
534 623 622 679 unius
644 623 751 677 mensis
776 635 824 690 per
844 621 956 676 diuersa
1018 620 1071 675 hoc
1096 620 1201 674 ldema
1224 620 1293 674 Lino
1315 619 1449 688 pontifice
1466 621 1581 676 decreto
1604 621 1753 678 drmatum
1773 637 1838 691 essa

130 694 191 751 loca
206 708 324 753 nurnero
337 702 410 750 octo.
428 713 441 744 u
457 694 692 750 consecrationes
706 707 789 763 porro
804 692 956 761 episcopo·
1016 691 1056 747 vel
1072 691 1170 760 impie,
1182 692 1224 746 vel
1238 693 1403 762 ignoranter
1414 691 1675 818 magdeburgenses
1689 695 1841 762 reprehen-

130 780 193 822 rum
207 780 260 821 nou
280 766 309 821 in
324 765 455 831 Sabbato,
470 767 518 822 sed
536 767 565 821 in
578 766 727 820 Dominica
741 762 840 825 lactas.
856 768 958 832 prater
1014 763 1095 818 dunt.
1119 763 1309 817 bellarminus
1329 762 1433 817 libau.
1475 778 1490 819 e
1511 764 1593 820 Rom.
1615 764 1794 820 Pontihcec.
1812 764 1834 821 i.

129 838 487 903 aliaobuiamonumenta,
501 836 843 905 convincuutipsiusmet
857 833 958 890 Ponti·
1016 835 1084 889 Vide
1106 835 1208 888 Boron.
1231 850 1303 888 anno
1326 835 1431 888 Christi
1450 832 1495 904 57,
1518 852 1547 889 a.
1569 832 1617 891 bi.
1642 841 1669 890 et
1692 850 1770 906 sopp.
1794 837 1837 893 ubi

131 908 223 964 ficalis
248 909 317 964 iibri
339 907 422 964 verba
439 909 469 963 iu
491 909 638 977 Zacharia,
663 907 713 963 ubi
735 906 957 962 interamnensis
1013 906 1133 975 pulchre
1148 906 1183 960 de
1198 904 1327 961 velandis
1344 906 1517 962 mulieribus
1531 907 1650 963 scribit.

130 981 274 1035 antistitis
289 981 533 1035 consecrationem
549 980 718 1035 celebratam
735 978 883 1035 fuissetne
898 979 958 1032 bo-
1048 979 1097 1047 (Ex
1114 975 1189 1047 iau.)
1205 977 1290 1032 Linea
1304 975 1333 1033 5.
1347 1007 1384 1016 —
1397 979 1448 1032 Hic
1467 981 1532 1045 fecit
1551 979 1745 1034 ordinationes
1763 979 1835 1033 duos.

131 1053 239 1108 minico
257 1053 394 1109 traditur.
1012 1049 1124 1104 hbsunt
1139 1062 1155 1104 a
1168 1049 1198 1103 C.
1215 1048 1246 1101 li.

163 1125 311 1192 Episcopus
344 1123 510 1193 quindecim.
540 1124 684 1178 Numerus
712 1123 912 1192 episcoporum
940 1133 956 1175 a
1337 1138 1521 1194 pLANCfflNp

130 1195 317 1263 paratioribus
330 1202 558 1251 consecratorum
577 1195 676 1263 probat
689 1208 744 1250 non
759 1207 815 1249 una
825 1194 872 1249 die
884 1191 957 1248 Sab-
1268 1241 1344 1283 Nom
1358 1241 1567 1284 mmmm

128 1266 187 1321 bati
205 1266 294 1322 lactas
316 1266 524 1333 ordinationes,
544 1267 591 1321 sed
609 1273 667 1322 toto
685 1265 868 1332 pontificatus
882 1269 957 1319 tem·
1572 1271 1578 1283 ·

130 1351 206 1408 pore.
229 1339 296 1393 Erat
315 1340 391 1393 enim
414 1338 443 1392 in
467 1339 614 1406 primitiva
637 1338 759 1393 Ecclesia
778 1334 956 1392 consuetudo
1047 1341 1145 1393 Antros
1171 1337 1303 1393 undecim
1330 1338 1524 1410 episcopatus,
1551 1352 1666 1394 meuses
1690 1344 1762 1405 tres,
1783 1339 1838 1396 dies

129 1417 250 1478 recepta,
264 1418 292 1466 et
306 1415 424 1476 seruata,
443 1415 475 1463 ut
490 1423 546 1464 una
561 1410 609 1464 die
624 1424 701 1465 unus
715 1409 869 1478 episcopus
883 1419 956 1461 con·
1011 1410 1161 1464 duodecim
1185 1408 1308 1463 attribui
1325 1410 1354 1463 E.
1373 1409 1442 1465 Lino
1463 1411 1594 1466 diximus
1609 1424 1703 1480 supra
1721 1424 1784 1482 pag.
1797 1409 1836 1480 itt,

128 1489 300 1538 sacraretur.
326 1479 405 1536 Unde
430 1480 504 1535 inter
527 1481 585 1536 alia
608 1482 732 1535 crimina
753 1480 955 1549 Chrysostomo
1011 1488 1039 1542 et
1050 1481 1204 1536 cottcordia
1217 1480 1560 1537 anniversornmcodicnm
1575 1482 1774 1551 comprobari.
1788 1483 1838 1538 Ca-

130 1553 264 1622 lmposita
279 1567 328 1621 pro
343 1552 485 1607 sententia
497 1552 690 1620 depositionis
703 1550 827 1612 terenda.
845 1551 873 1604 in
885 1562 957 1618 syn·
1012 1553 1126 1623 talogus
1136 1551 1240 1606 Felicis
1252 1553 1294 1620 lv,
1303 1559 1464 1622 etquatuor
1476 1553 1519 1611 illi
1530 1567 1564 1610 ex
1576 1553 1737 1608 codicibus
1748 1553 1835 1621 italie,

127 1625 182 1680 odo
193 1626 226 1680 ad
241 1624 381 1694 Quercum
398 1630 561 1679 recensetur
576 1624 665 1689 istud,
680 1637 779 1691 nempe
791 1641 798 1677 2
810 1621 887 1687 Quod
899 1635 955 1672 ana
1012 1625 1063 1694 qni
1081 1625 1275 1679 monumentis
1291 1624 1427 1693 genuinis
1446 1624 1578 1680 Romuuae
1596 1624 1736 1680 Ecclesiae
1750 1628 1836 1697 origi-

126 1696 303 1751 ordt'nutione
325 1703 444 1764 quotuor
464 1696 546 1749 simul
569 1697 705 1765 episcopos
730 1700 842 1748 crettctt.
869 1693 955 1746 Porro
1013 1709 1075 1750 nem
1091 1696 1203 1755 debent.
1219 1695 1336 1750 totidem
1352 1695 1837 1765 consignarunthntiquiorcau-

47 1765 54 1778 '
126 1768 332 1838 multiplicitas
343 1768 553 1836 episcoporum.
567 1781 639 1837 quos
649 1767 784 1823 ordinare
796 1776 957 1820 consueve-
971 1782 996 1841 Β
1012 1767 1096 1835 lopus
1117 1765 1170 1822 sub
1187 1766 1301 1821 liberio
1324 1768 1461 1837 exprimit
1479 1768 1596 1836 quidem
1619 1781 1716 1822 annos
1733 1765 1775 1838 te,
1795 1770 1835 1825 sed

128 1835 956 1909 runtpontifices,utiiusingulorumllitisrecensetliber
1012 1840 1115 1893 vitium
1138 1837 1259 1892 unitatis
1281 1838 1397 1906 adjecta
1419 1838 1558 1908 detegunt
1577 1838 1720 1895 consules
1742 1840 1833 1895 ibidem

125 1910 314 1977 Pontificalis,
339 1911 487 1981 provenire
510 1917 629 1979 poterat,
646 1916 674 1965 et
695 1924 729 1964 ex
752 1906 911 1978 pontificio,
927 1911 956 1959 et
1012 1909 1158 1978 recensiti,
1170 1923 1202 1963 ex
1215 1910 1370 1964 saturnino
1381 1916 1409 1964 et
1419 1910 1553 1979 scipione
1562 1909 1676 1965 Christi
1688 1908 1834 1978 {thadda-

128 1982 314 2051 patriarchali
336 1983 411 2051 jure,
429 1996 485 2052 qno
504 1982 702 2050 cpiscoporum
724 1979 880 2042 ordinatio,
904 1981 954 2031 ιιι
1011 1982 1136 2049 pitouem
1152 1986 1180 2034 et
1195 1979 1299 2036 ituium
1313 1981 1421 2036 Christi
1438 1979 1483 2049 tt,
1501 1983 1576 2037 unde
1590 1995 1625 2037 ex
1641 1989 1712 2038 octo
1727 1982 1832 2038 colber-

126 2053 326 2109 cousensusab
339 2054 411 2122 ipsis
424 2054 567 2123 penderet.
577 2055 614 2108 be
627 2051 773 2122 pontificia
782 2048 953 2105 auctoritate
1009 2052 1081 2106 tiuis
1093 2053 1449 2120 quatuorconcordescum
1460 2052 1668 2122 superioribus
1677 2054 1834 2118 ostendunt,

127 2137 183 2180 non
199 2132 243 2179 est
256 2125 422 2196 ambigendi
439 2124 528 2180 locus.
546 2126 646 2180 Petrus
661 2125 750 2189 enim,
768 2124 810 2177 nti
826 2122 953 2189 Chryso·
1008 2124 1042 2178 ud
1058 2136 1107 2178 eos
1120 2122 1263 2187 consules,
1281 2130 1309 2178 et
1321 2125 1355 2179 ad
1372 2123 1538 2179 italicorum
1554 2138 1715 2180 numerum
1728 2139 1792 2180 ιιι
1803 2127 1837 2194 ip

126 2202 236 2251 stomus
249 2195 390 2265 observat,
403 2196 468 2264 jure
484 2198 626 2264 primatus
643 2196 784 2263 potuisset
802 2192 952 2248 hiatthiam
1009 2196 1050 2249 sis
1065 2206 1234 2261 consonum,
1258 2195 1427 2266 corrigenda
1442 2208 1504 2251 esse
1520 2202 1649 2266 quatuor
1670 2197 1834 2265 exemplaria

125 2266 285 2336 apostolico
305 2266 426 2339 collegio
447 2274 580 2337 cooptare
598 2266 706 2336 absque
731 2265 839 2336 synodo
861 2263 949 2333 (liora.
1009 2280 1072 2335 ιιι
1086 2261 1208 2320 l5seu7
1223 2280 1273 2334 pro
1288 2263 1317 2322 tl
1335 2275 1532 2323 numerarunt.
1548 2267 1644 2335 Quare
1660 2268 1744 2324 itast
1759 2269 1835 2324 corri-

127 2351 158 2393 ιιι
182 2340 213 2391 in
238 2339 350 2407 uetari:
376 2359 390 2389 ι
415 2338 489 2407 Quid
508 2353 544 2393 an
570 2352 626 2394 non
659 2337 763 2393 licebat
787 2335 843 2403 ipsi
869 2337 952 2390 l‘etro
1009 2344 1113 2407 gantur
1128 2338 1162 2392 ad
1180 2337 1262 2393 iidem
1277 2337 1471 2409 chronologiae
1490 2336 1670 2406 consularis,
1695 2338 1834 2395 iisdemin

125 2409 231 2480 eligere
243 2409 258 2463 ‘l
270 2409 385 2475 licebat,
401 2416 430 2463 et
445 2410 560 2479 quidem
578 2408 721 2464 maxime:
735 2422 832 2464 verum
849 2407 877 2461 id
895 2419 951 2460 nou
1008 2408 1147 2478 catalogis
1164 2421 1315 2478 expressae,
1336 2417 1364 2464 ιι
1384 2413 1504 2480 signatae
1526 2411 1614 2466 etiam
1637 2411 1670 2466 iu
1692 2409 1834 2467 codicibus

126 2478 204 2549 tecit,
221 2481 318 2536 necui
343 2481 489 2535 videretur
511 2482 677 2552 gratiticari.
697 2498 710 2529 u
727 2480 799 2534 iiiuc
822 2477 950 2546 pontilici
1009 2477 1254 2547 Ocricuientibus‚
1271 2495 1335 2551 quae
1347 2494 1437 2537 anuos
1454 2482 1588 2537 undecim
1607 2489 1688 2537 recte
1704 2482 1831 2553 assignat.

125 2552 309 2607 tribuebatur
330 2553 559 2620 patriarcharum
582 2552 760 2623 approbatio.
782 2550 851 2604 Cum
874 2551 952 2604 euim
1010 2565 1121 2607 menses
1143 2559 1209 2618 tres,
1231 2566 1263 2607 ac
1286 2553 1350 2607 dies
1373 2552 1526 2608 duodecim
1549 2553 1742 2623 episcopatus
1762 2553 1833 2608 berto

125 2623 287 2689 Nectarius
303 2622 479 2692 approbante
495 2623 562 2679 licet
577 2624 685 2694 synodo
707 2620 952 2700 Constantinopo-
1008 2623 1079 2678 lino
1096 2641 1104 2691 ς
1119 2624 1248 2677 omnium
1274 2624 1405 2679 codicum
1430 2625 1599 2681 testimonia
1623 2638 1693 2680 cum
1719 2625 1831 2695 picturis

125 2692 227 2760 litana,
251 2695 280 2748 in
304 2693 495 2763 patriarcham
517 2696 602 2765 regiae
626 2694 708 2749 urbis
729 2693 859 2763 eligitur,
884 2702 952 2760 quta
1008 2695 1216 2750 vetustissimis
1230 2694 1417 2750 basilicarum
1432 2697 1598 2751 consentire
1614 2695 1777 2752 observavi.

126 2763 254 2834 pontifex
266 2764 400 2821 electioni
414 2764 538 2831 obstitit,
555 2779 674 2834 eamque
690 2762 830 2818 intirmari
845 2762 954 2817 uideret
1043 2766 1110 2820 Dixi
1126 2779 1217 2822 anuos
1231 2766 1423 2835 episcopatus,
1444 2781 1501 2823 non
1517 2773 1613 2823 autem
1630 2768 1730 2823 solius
1746 2766 1833 2836 ιιιιι-

124 2836 304 2893 'iheodosius
319 2840 426 2903 senior,
444 2836 543 2891 missis
557 2837 660 2907 legatis
675 2834 920 2891 confirmationem
936 2844 952 2886 a
1008 2836 1111 2891 tlcatus
1127 2838 1243 2892 maximi
1261 2838 1313 2893 hac
1327 2840 1355 2892 in
1369 2853 1481 2894 summa
1495 2840 1684 2909 computari:
1700 2847 1733 2896 ιι
1747 2838 1833 2894 maui-

123 2908 246 2963 Damaso
259 2908 422 2978 expostulat
436 2920 471 2962 ex
484 2909 655 2964 Bonilaciol
672 2908 701 2962 in
715 2907 800 2976 epist.
816 2907 850 2960 ad
861 2903 949 2972 episc.
1008 2905 1111 2963 testum
1136 2908 1167 2962 tit
1181 2922 1213 2964 ex
1234 2909 1335 2965 annali
1354 2910 1547 2981 Chronologia
1572 2911 1650 2967 Petri
1676 2912 1764 2981 paulo
1775 2916 1832 2964 ante

123 2980 205 3049 Epiri
223 2980 294 3035 lecta
311 2981 341 3035 in
355 2978 463 3049 synodo
480 2981 614 3050 Romana,
633 2980 662 3034 iu
677 2991 732 3048 ιιι
748 2977 852 3033 scribit
866 2976 951 3044 (apud
1008 2979 1141 3035 ordinata
1155 2981 1184 3034 iu
1199 2980 1254 3035 line
1269 2989 1402 3036 notarum
1418 2983 1530 3037 numeri
1548 2983 1660 3052 primi:
1675 2982 1726 3039 ubi
1738 2984 1773 3038 ad
1784 2994 1833 3037 an-

123 3051 250 3106 llolstcn.
272 3054 302 3104 ιη
320 3052 420 3105 collect.
443 3051 536 3119 Rom.)
552 3071 588 3105 :c
608 3050 843 3106 clementissimae
856 3061 954 3103 recor·
1008 3063 1076 3106 num
1097 3051 1205 3107 Christi
1222 3051 1267 3113 56,
1283 3053 1439 3108 Saturnino
1454 3058 1483 3108 et
1496 3053 1635 3123 Scipione
1656 3053 1831 3118 consulibus,

122 3122 251 3178 dationis
263 3125 395 3192 princeps
404 3120 949 3183 'l'heodosiusllectariiordinationem,
1009 3135 1169 3193 regressum
1190 3125 1217 3178 S.
1241 3124 1316 3179 Petri
1336 3125 1365 3179 in
1387 3124 1489 3180 Urbem
1508 3125 1563 3181 sub
1585 3126 1707 3182 initium
1725 3124 1831 3195 imperii

122 3201 271 3264 propterea
287 3197 355 3264 quia
373 3195 402 3248 iu
420 3201 517 3249 nostra
534 3196 650 3249 notione
673 3207 728 3248 non
744 3198 829 3259 esset,
848 3190 951 3246 hahere
1008 3195 1163 3249 Neroniani
1178 3195 1238 3264 (qui
1256 3195 1375 3251 biennio
1389 3203 1456 3251 ante
1469 3210 1503 3251 ex
1518 3197 1567 3252 die
1585 3194 1618 3253 t3
1633 3197 1770 3253 Octobris
1786 3209 1832 3265 pa·

123 3279 178 3321 uou
195 3267 367 3321 existimaus
383 3264 558 3330 firmitatem,
578 3267 675 3321 missis
688 3279 703 3319 a
715 3264 803 3319 latere
813 3278 866 3319 suo
878 3262 952 3317 auli·
1007 3271 1073 3320 truo
1087 3280 1139 3322 suo
1149 3266 1271 3322 Claudio
1281 3275 1468 3332 successerat,
1480 3275 1509 3323 et
1519 3267 1648 3324 Eusebio
1659 3275 1733 3325 teste
1743 3268 1793 3325 ιιι.
1804 3281 1830 3321 ιι.

122 3339 165 3392 cis
184 3351 249 3393 cum
272 3337 427 3407 episcopis,
449 3340 599 3394 lormatam
623 3337 722 3392 huica
739 3337 805 3391 sede
826 3336 951 3389 hornaua
1008 3337 1078 3391 hist.
1094 3349 1158 3404 cap.
1173 3335 1218 3402 ιι,
1235 3341 1307 3392 circu
1321 3341 1403 3393 teritio
1417 3342 1527 3409 imperii
1542 3341 1706 3394 clementius
1721 3355 1749 3395 se
1761 3354 1831 3408 pere-

123 3408 250 3480 dirigere
264 3408 435 3479 regulariter
449 3411 589 3478 deposcit,
606 3422 669 3478 quae
681 3409 744 3475 ejus
758 3404 949 3461 sacerdotium
1008 3408 1053 3461 bot
1068 3409 1095 3462 in
1107 3407 1274 3464 defensione
1286 3410 1315 3464 S.
1336 3410 1418 3467 Pauli
1434 3411 1612 3480 recipienda)
1629 3420 1659 3467 et
1673 3410 1831 3468 ordinatio-

124 3480 279 3536 roboraret.
294 3499 306 3528 r
320 3481 500 3537 auctoritate
517 3480 663 3550 pontilicia
680 3493 749 3533 usus
762 3485 904 3547 agripetus
920 3476 949 3530 in
1008 3492 1069 3535 nem
1086 3480 1275 3549 episcopalem
1291 3483 1318 3536 s.
1337 3483 1399 3537 lini
1417 3483 1630 3542 recensuimus.
1647 3485 1743 3539 secuti
1759 3483 1830 3537 lideu

126 3549 952 3621 urbeCorrstantinopolitanahnthimumdeponitachien·
1007 3551 1831 3628 horumcodicumetcatalogorum,necuougrarissiuos

125 3637 189 3678 nam
205 3625 371 3692 episcopum
382 3623 733 3692 constantinopolitanum
746 3621 871 3676 ordinat.
882 3621 951 3675 lura
1006 3630 1148 3689 auctores,
1166 3624 1304 3679 ridendos
1319 3625 1394 3694 apud
1411 3627 1650 3681 schelestratium
1664 3627 1781 3683 dissert.
1793 3638 1829 3686 ιι,

125 3695 183 3750 ιιι
196 3696 277 3764 juxta
293 3698 453 3750 canonicum
462 3697 601 3762 judicium
617 3694 762 3748 vindicata
776 3693 811 3745 ab
827 3696 951 3763 npapeto
1007 3708 1068 3762 cap
1084 3691 1109 3762 ι,
1124 3704 1148 3748 ιι
1163 3696 1372 3751 llenscheninm
1388 3698 1463 3764 apud
1479 3697 1631 3752 labbaeum
1647 3704 1727 3754 tomo
1741 3700 1752 3754 1
1764 3699 1830 3752 Con·

124 3767 201 3835 (tona.
214 3768 242 3819 ii
258 3768 370 3827 concil,
389 3781 450 3838 pag.
470 3765 547 3834 liat)
560 3765 696 3835 expendit
710 3765 739 3818 iu
756 3763 855 3818 libello
871 3762 952 3818 obla·
1007 3764 1055 3820 cil.
1074 3767 1211 3834 general..
1227 3768 1344 3822 exercit.
1362 3766 1388 3830 i.
1405 3782 1433 3823 n.
1449 3766 1495 3824 at.

126 3845 164 3901 to,
187 3836 363 3905 probatoque
383 3837 412 3891 in
434 3838 541 3907 synodo
560 3834 879 3904 Constantinopolitano
898 3835 952 3889 sub
1045 3837 1139 3892 llomae
1154 3838 1246 3905 egisse
1261 3840 1375 3904 Linum,
1391 3840 1459 3894 dum
1478 3838 1585 3896 Paulus
1600 3841 1762 3899 secundam
1774 3839 1829 3908 epi-

125 3910 226 3963 blenua
248 3907 395 3962 blariacus
420 3910 586 3965 trronachus.
615 3909 645 3960 Et
667 3908 702 3962 de
724 3906 820 3961 eodem
847 3906 954 3961 redibit
1009 3908 1110 3963 stolam
1126 3909 1266 3965 scriberet
1280 3910 1313 3965 ad
1330 3911 1522 3978 Timotheum,
1545 3920 1715 3970 constater
1730 3912 1829 3970 salun-

125 3991 302 4034 sermonum
322 3979 357 4031 de
379 3979 533 4034 schismate
554 3979 696 4035 braciano
718 3976 772 4032 sub
792 3977 884 4032 Felice
905 3979 950 4041 lii,
1008 3980 1088 4035 tione
1113 3980 1238 4047 ejusdem
1267 3983 1383 4038 nomine
1409 3984 1454 4038 illi
1482 3984 1635 4054 impertita
1653 4003 1661 4039 ι
1679 3985 1729 4041 ubi
1754 3984 1829 4040 etiau

125 4048 254 4120 pontilici
266 4062 341 4111 vero,
358 4050 399 4103 uti
411 4050 576 4106 Occidentis
589 4049 758 4118 patriarchae
770 4048 950 4103 tribuendam
1006 4051 1157 4120 apostolus
1180 4062 1306 4108 recenset
1329 4054 1491 4117 Claudiam.
1519 4070 1606 4125 quam
1632 4057 1700 4112 Liui
1724 4065 1829 4112 matrem

124 4120 325 4176 auctoritatem
340 4123 538 4189 consecrandi,
553 4129 603 4177 aut
618 4119 807 4176 confirmandi
823 4120 950 4187 ejusdem
1006 4120 1097 4178 tuisse
1116 4124 1280 4193 complures
1299 4132 1431 4182 auctores
1450 4125 1605 4182 affirmant.
1628 4128 1733 4198 hliuni
1754 4127 1829 4183 etiau

125 4198 235 4246 tractus
249 4189 409 4259 episcopos,
427 4199 528 4259 praeter
549 4193 607 4247 alia
623 4193 808 4246 innocentius
822 4192 833 4245 l
851 4191 951 4259 probat
1005 4194 1147 4264 colligunt
1160 4209 1193 4250 ex
1208 4195 1330 4264 epistola
1343 4198 1448 4268 ignatii
1464 4199 1600 4268 martyris
1616 4200 1654 4255 ad
1666 4199 1829 4255 Trallianos.

125 4265 154 4318 in
171 4261 293 4330 epistola
309 4265 341 4317 ad
358 4264 552 4318 Alexandrum
570 4263 792 4323 antiochenum.
808 4275 873 4316 cum
891 4262 949 4318 ιιι
1005 4269 1131 4320 ιιιιιιιι.
1144 4279 1194 4334 ιιι,
1212 4268 1314 4322 linum
1332 4268 1360 4323 in
1374 4270 1477 4325 ordine
1491 4269 1641 4326 diaconali
1659 4271 1830 4327 ministrasse

126 4340 251 4404 potestas
264 4335 430 4403 apostolicae
452 4335 530 4390 sedis
544 4333 674 4403 exemplo
690 4332 843 4388 tribuitur.
862 4335 947 4388 etiam
1004 4336 1140 4404 Αιιιιιιι
1156 4339 1303 4407 gentium:
1322 4339 1388 4395 licet
1402 4341 1454 4395 alii
1470 4341 1619 4410 dubitent,
1637 4356 1707 4398 num
1723 4343 1771 4399 illu
1787 4353 1830 4410 pe-

37 4417 40 4424 ’
124 4418 206 4461 exeo
223 4406 338 4461 motivo.
363 4406 438 4476 quiid
464 4416 585 4477 utraque
600 4406 681 4460 sedes
695 4421 711 4459 a
727 4407 808 4459 Petro
824 4404 864 4459 sit
878 4404 950 4460 ιιι·
1006 4408 1102 4464 riccha
1118 4409 1247 4477 epistolae
1260 4412 1412 4479 ignatiaua
1424 4413 1535 4481 adjecta
1546 4414 1587 4466 sit
1599 4420 1686 4470 aetute
1698 4410 1828 4484 sequiori,

124 4477 200 4543 data,
211 4477 434 4544 concluditque:
450 4500 462 4529 ι
478 4481 576 4548 ltaque
586 4477 772 4544 arbitramur,
786 4476 874 4530 irater
886 4479 950 4530 cha·
1004 4492 1094 4549 eaque
1113 4479 1148 4534 de
1162 4494 1247 4535 causa
1263 4481 1299 4535 ab
1318 4483 1480 4539 editoribus
1503 4493 1692 4542 recenseatur
1708 4499 1773 4542 cum
1788 4485 1829 4538 ιι

125 4549 249 4616 rissimc,
264 4555 296 4604 ιι
306 4550 383 4604 sicut
394 4550 628 4619 metropolitanos
642 4549 815 4604 auctoritate
830 4548 989 4616 ordinasD
1005 4550 1166 4619 terpolatis.
1190 4552 1391 4609 consulendus
1414 4568 1447 4609 ea
1469 4556 1504 4610 de
1532 4569 1562 4611 re
1585 4557 1767 4616 cotelerius.
1789 4562 1829 4610 to-

122 4620 277 4689 singulari,
301 4622 345 4676 sic
366 4628 394 4675 et
413 4628 530 4676 caeteros
546 4634 601 4676 nou
622 4622 685 4676 siue
699 4621 853 4690 permissu,
876 4633 949 4674 con·
1006 4635 1051 4676 mo
1068 4623 1099 4686 ii,
1113 4635 1173 4692 pag.
1187 4623 1232 4679 66.
1246 4624 1274 4677 Si
1289 4631 1384 4679 autem
1400 4626 1517 4681 diaconi
1532 4627 1735 4685 ministerium
1753 4624 1828 4684 Paulo

122 4691 303 4760 scientiaque
317 4697 364 4747 tua
377 4692 457 4747 sinas
468 4694 617 4762 episcopos
630 4693 782 4762 procreari.
800 4689 950 4773 inquibus
1004 4691 1276 4764 exhibueritLinus,
1285 4695 1314 4751 id
1325 4697 1514 4765 reputandum
1524 4706 1569 4753 est
1576 4701 1743 4772 contigisse
1750 4696 1827 4754 multo

125 4763 201 4818 hunc
215 4763 329 4818 modum
343 4771 418 4819 recte
431 4764 570 4825 servabis.
583 4772 614 4819 ut
626 4766 708 4834 louge
720 4764 830 4832 positos
841 4761 949 4817 htteris
1003 4772 1069 4820 aute
1085 4764 1180 4833 ipsius
1202 4767 1354 4822 adveutum
1372 4769 1401 4823 in
1419 4768 1521 4824 Urbem
1537 4769 1593 4824 sub
1608 4770 1738 4834 Nerone.
1753 4772 1827 4838 cujus

122 4835 199 4889 datis
214 4834 343 4889 ordinari
359 4848 476 4890 censeas
488 4835 523 4889 ah
539 4835 585 4889 his
600 4837 650 4904 qni
665 4848 741 4889 nunc
753 4848 801 4889 eos
815 4847 868 4888 suo
881 4840 949 4887 tan·
1006 4837 1121 4905 imperii
1136 4849 1211 4893 auno
1223 4839 1348 4894 ιιιιιιιι
1362 4840 1426 4894 lini
1445 4841 1658 4907 promotionem
1672 4844 1709 4899 ad
1724 4843 1829 4912 episco-

124 4913 183 4961 tum
195 4907 331 4961 ordinant
344 4906 486 4962 arbitratu
500 4925 507 4972 ;
519 4907 631 4961 vicinos
643 4912 737 4961 autem
750 4906 775 4960 si
787 4906 947 4974 existimas.
1006 4914 1089 4976 patus
1104 4908 1233 4963 ordinem
1249 4910 1397 4980 catalogus
1414 4911 1585 4968 tiberianus
1600 4915 1768 4986 consignat.
1780 4911 1828 4965 Su-

122 4977 155 5032 ad
168 4990 269 5032 manus
280 4977 492 5047 impositionem
502 4979 781 5049 tuaegratiaestatuas
791 4977 947 5044 pervenire.
1004 4981 1116 5032 turnino
1127 4984 1152 5032 ιι
1170 4979 1296 5050 Scipione
1310 4995 1384 5036 coss.
1401 4982 1520 5038 Occasio
1537 4984 1630 5040 istius
1646 4982 1827 5055 promotionis

122 5047 248 5116 Quorum
262 5049 338 5102 euim
351 5056 377 5103 te
390 5051 512 5105 maxime
522 5055 666 5117 exspectat
677 5063 755 5104 cura.
772 5047 948 5117 praecipuum
1004 5050 1076 5105 satis
1091 5050 1251 5118 probabilis
1262 5051 1297 5105 ab
1314 5054 1492 5109 henschenio
1502 5056 1649 5113 statuitur
1663 5058 1785 5114 Exercit.
1795 5065 1826 5114 ιι,

124 5127 203 5174 tuum
226 5119 330 5174 debent
353 5123 454 5175 mereri
474 5122 628 5190 judicium.
653 5138 666 5168 ι
688 5120 792 5175 Aderat
811 5120 896 5173 etiam
919 5120 948 5172 in
1005 5135 1083 5176 num.
1097 5120 1142 5178 sl.
1161 5131 1192 5176 ut
1206 5121 1319 5178 scilicet
1334 5126 1414 5180 Petro
1427 5125 1552 5182 abeunte
1567 5128 1599 5183 in
1614 5129 1743 5185 dissitas
1752 5124 1827 5184 Occi·

125 5190 258 5257 pontifice
271 5191 481 5259 specialissima
495 5206 546 5261 pro
557 5191 723 5256 urbicariis,
736 5199 763 5245 ιι
773 5188 949 5245 suburbica·
1003 5193 1100 5248 dentis
1114 5193 1278 5261 provincias
1291 5209 1346 5250 nou
1361 5198 1473 5252 deesset
1488 5199 1538 5266 qui
1553 5198 1697 5256 vicariam
1711 5205 1828 5270 potusu-

125 5260 178 5316 riis
199 5262 331 5318 ecclesiis
353 5263 543 5320 sollicitudo:
561 5277 595 5318 ex
615 5261 722 5332 quibus
744 5268 867 5326 constat,
892 5274 948 5330 quo
1005 5270 1060 5318 tem
1077 5265 1195 5318 Romani
1217 5267 1345 5335 episcopi
1361 5267 1392 5323 iu
1418 5267 1491 5324 Urbe
1513 5269 1827 5328 administraremus

126 5334 206 5412 inodo
221 5335 422 5403 episcoporum
440 5335 567 5405 plurium
582 5335 781 5390 ordinationes
792 5349 808 5388 a
820 5333 949 5404 singulis
1003 5337 1101 5400 ctiam,
1117 5341 1148 5390 ut
1164 5338 1233 5391 Lino
1248 5344 1276 5392 et
1287 5338 1366 5394 Cleto
1382 5340 1535 5411 insignitis
1548 5342 1721 5400 charactere
1732 5342 1827 5413 episto

127 5404 272 5481 umoribus
283 5406 470 5475 pontificibus
479 5408 694 5462 restaurarentur
703 5407 788 5460 ctiam
803 5406 831 5459 iu
842 5404 947 5474 primi·
1005 5407 1072 5475 pati,
1085 5413 1113 5462 et
1124 5409 1236 5463 Petrum
1247 5411 1408 5479 apostolum
1420 5411 1665 5480 coadjuvantibus
1678 5415 1710 5471 iu
1721 5421 1827 5470 munere

126 5477 182 5525 trra
199 5476 333 5531 Ecclesia.
1005 5478 1162 5548 pontificali
1176 5482 1343 5543 exercendo,
1353 5483 1411 5552 jam
1424 5489 1485 5539 tum
1497 5484 1692 5542 induceretur
1708 5482 1827 5542 moribus

394 5586 477 5640 Bul
496 5598 529 5638 ι
549 5584 678 5639 ιιι·
1003 5551 1829 5691 latablatalaudatitiisallitatlhll

159 5685 209 5769 (Ex
227 5686 299 5758 Bru.)
322 5691 406 5747 linea
426 5688 453 5746 ι.
467 5721 504 5731 -
524 5690 672 5746 Constituit
691 5694 721 5743 nt
739 5690 842 5771 ¹caedier
861 5691 949 5746 celato
1003 5666 1540 5753 historio-consecrationesantistitum
1551 5643 1827 5768 pei’uoerffinrpuo·

127 5764 225 5827 eripete.
248 5758 328 5827 Quod
355 5762 390 5816 ab
413 5761 543 5832 apostolo
568 5761 656 5817 Paulo
679 5762 779 5831 (Eptst.
802 5764 815 5814 i
835 5763 873 5816 od
897 5765 950 5819 co·
1004 5763 1825 5835 ttesessetnovusepiscopusaiicuiEcclestaetrthueunus.

112 5831 200 5886 rahni.
227 5847 250 5886 c.
272 5829 316 5904 xi)
336 5833 395 5906 pie,
421 5840 531 5908 sancte,
553 5840 581 5891 et
603 5832 738 5905 religiose
758 5834 950 5890 coustitutum
1035 5835 1206 5906 Martyrium
1232 5838 1260 5892 s.
1288 5839 1353 5894 hini
1382 5853 1448 5895 cum
1474 5841 1600 5912 antiqua
1629 5842 1825 5916 martyrologia
