3892 6136
71 263 131 321 949
523 266 568 322 DE
586 266 855 324 PRAEEMINENTIA
873 269 917 325 El
934 267 1172 327 hucxohlfhxa
1190 269 1218 324 S.
1239 268 1343 324 stabis.
1728 263 1782 326 950

71 392 200 464 gmentis
223 392 340 462 inserta,
360 395 535 465 conspicuos
555 397 602 452 hio
626 397 776 453 sanctitate
797 391 938 451 doctorA
951 393 1015 449 dem
1030 397 1089 452 veri
1100 398 1228 467 episcopi
1240 396 1358 453 fuerunt
1368 395 1471 459 habiti,
1483 409 1556 467 quos
1566 396 1670 454 electos
1681 403 1781 454 sancta

71 465 238 533 scripserit,
264 465 314 534 qui
337 479 388 521 sua
408 467 577 523 conficiebat
591 476 677 538 atque
697 466 798 524 edebat
812 478 897 536 opera
954 467 1034 522 sedes
1048 469 1237 525 confirmarit.

72 543 212 606 tanquam
234 549 364 592 reversus
383 538 440 607 jam
462 541 577 594 Romam
601 539 730 596 tiberim
749 553 798 609 per
816 552 900 594 suur-
990 540 1057 594 Post
1071 541 1129 596 heo
1144 553 1254 596 omnem
1271 539 1406 595 adhibuit
1421 551 1519 594 curam
1535 543 1568 593 ut
1583 538 1708 593 schisma
1720 540 1779 594 Uo-
1845 558 1848 563 ·

73 620 147 662 mam
175 607 221 662 sui
245 608 372 663 nominis
396 609 517 679 gloriam
543 610 676 666 tuebatur
699 625 761 681 que
783 611 819 665 de
845 608 900 663 ilde
958 611 1127 667 natistarum
1146 612 1259 681 penitus
1272 615 1478 681 exstingueret.
1502 609 1578 678 quod
1595 607 1694 663 multis
1714 609 1781 666 inde

70 677 388 735 constitnerntNicena
399 682 533 749 synodus.
548 682 784 752 hieronymusm)
795 682 902 750 pariter
957 682 1043 737 anuis
1071 682 1223 738 Africanas
1249 681 1375 738 turbavit
1409 679 1552 736 Ecclesias
1579 678 1623 750 (o).
1641 678 1780 736 .Profecto

70 762 140 806 cum
158 748 259 805 heresi
275 762 340 804 eum
356 751 398 806 ait
419 751 637 823 subscripsisse,
663 766 805 809 rumorem
820 751 899 822 vulgi
960 754 1143 820 prestantius
1158 767 1192 809 eo
1206 752 1403 809 testimonium
1425 751 1584 807 desiderari
1603 762 1658 806 non
1677 756 1778 820 potest,

71 820 230 889 sequitur:
249 834 313 876 cum
336 835 436 892 nempe
456 823 605 879 Athanasii
628 825 807 880 damnationi
828 821 900 877 sub·
959 825 1034 891 quad
1049 838 1160 880 coevus
1172 823 1371 890 presuldirus
1381 823 1502 892 Optatus
1513 820 1554 894 lp)
1566 821 1649 877 fldem
1660 833 1780 878 suorum

70 891 214 959 scripsit,
222 905 305 1018 guent
329 894 429 948 Ariani
446 896 540 963 specie
561 895 676 966 quidem
691 895 727 952 ob
743 894 900 965 peculiaria
959 898 1117 964 temporum
1131 896 1333 951 commendans
1348 894 1463 957 litteris,
1478 892 1643 949 tradiditde
1655 890 1780 962 apostoli

70 962 199 1019 crimina
245 972 426 1033 eposuerant,
455 979 484 1020 re
507 972 602 1022 autem
626 967 663 1023 ob
688 967 824 1023 invidiam
849 978 901 1020 ar·
954 965 1030 1021 Petri
1046 966 1358 1030 cathedreattributis,
1373 965 1496 1033 primatu
1509 978 1542 1019 ac
1555 963 1783 1034 preeminentla,

70 1033 170 1089 dentis
186 1032 270 1089 illius
285 1035 376 1090 studii
390 1050 447 1106 quo
461 1037 603 1093 Nicenam
620 1038 702 1093 fldem
720 1038 862 1093 tuebatur.
953 1036 1046 1106 deque
1059 1039 1259 1094 communione
1270 1051 1326 1107 qua
1340 1048 1438 1092 omnes
1453 1037 1542 1091 totius
1557 1035 1637 1091 orbis
1647 1034 1781 1091 Ecclesiae

106 1102 180 1160 Cum
206 1104 339 1161 Liberius
361 1106 563 1164 ecclesiastice
588 1108 753 1179 reipublice
778 1107 901 1164 habenas
956 1108 1017 1163 sedi
1041 1110 1133 1165 eidem
1161 1115 1294 1164 tenentur
1315 1107 1468 1173 adherere,
1486 1109 1632 1164 servande
1656 1108 1781 1165 unitatis

71 1175 181 1231 iterum
194 1176 281 1246 cepit,
292 1190 364 1247 quas
374 1178 472 1234 exsilii
484 1181 667 1249 suitempore
678 1180 755 1235 Felix
768 1181 828 1248 ipse
837 1177 902 1234 sub
957 1180 1058 1249 qratia,
1074 1181 1145 1236 adeo
1170 1180 1340 1241 necessaria,
1365 1185 1507 1234 uteorum
1537 1179 1676 1235 immunis
1698 1179 1780 1236 nulla

71 1253 193 1318 rogatus
209 1247 325 1329 pacifice
341 1247 434 1304 fuerat
449 1251 622 1310 moderatus.
640 1250 796 1322 apostolica
812 1250 899 1305 simul
956 1263 1018 1306 esse
1045 1252 1146 1321 possit.
1171 1253 1210 1306 Ne
1235 1251 1288 1308 ulli
1315 1251 1432 1321 quidem
1455 1251 1661 1328 apostolorum,
1687 1251 1729 1306 ait
1749 1250 1778 1307 S.

69 1323 237 1375 constantia
248 1331 278 1374 se
289 1319 393 1375 iterum
405 1321 521 1390 muniit,
536 1336 592 1391 qua
604 1328 695 1378 cetus
707 1320 901 1377 ariminensis
955 1321 1055 1378 doctor
1073 1322 1188 1379 licitum
1198 1335 1322 1391 unquam
1331 1320 1488 1377 fuitsedem
1501 1321 1628 1392 aliquam
1637 1320 1780 1392 stabilire,

68 1389 232 1458 captiosam
243 1388 393 1446 formulam
405 1394 573 1463 exsecravit,
585 1394 624 1448 ita
634 1394 795 1450 utexcitata
805 1392 900 1447 denuo
957 1407 1019 1463 que
1035 1407 1090 1449 oon
1106 1395 1194 1450 adiri
1211 1395 1284 1448 l’etri
1300 1393 1436 1449 cathedra
1461 1394 1556 1448 home
1572 1392 1690 1449 fundata
1706 1405 1781 1462 pen·

69 1460 245 1516 arianorum
263 1461 451 1518 insectatione
468 1473 585 1520 coactus
600 1463 688 1520 fuerit
703 1463 797 1519 adhuc
813 1460 898 1517 semel
954 1463 1043 1519 deret.
1070 1465 1146 1521 llano
1172 1464 1306 1521 Ecclesia
1328 1463 1460 1520 Romane
1485 1464 1686 1520 auctoritatem
1716 1464 1779 1521 suis

69 1530 168 1587 solum
194 1537 303 1587 vertere
317 1534 357 1601 (h)
383 1546 415 1589 ac
440 1534 527 1590 latere
557 1536 684 1605 quandiu
712 1533 899 1591 Constantius
956 1535 1140 1604 imperatores
1160 1535 1273 1607 legibus
1286 1535 1356 1592 fassi
1372 1543 1459 1604 suut,
1477 1548 1620 1606 quamque
1633 1535 1686 1591 hac
1704 1536 1780 1592 dere

69 1615 173 1659 eorum
189 1602 285 1658 fautor
303 1604 390 1659 vitam
405 1605 520 1678 degeret
534 1606 580 1678 (c).
598 1606 649 1662 Ubi
668 1608 781 1662 taudem
798 1603 898 1659 Eccle-
954 1605 1023 1661 tulit
1034 1607 1334 1676 Gratianusantique
1344 1606 1462 1661 tradunt
1473 1606 1603 1661 historie
1612 1605 1650 1677 (q)
1667 1608 1781 1677 insigne

68 1672 116 1729 sia
132 1673 287 1742 pristinam
303 1677 543 1746 tranquillitatem
560 1679 662 1747 adepta
682 1683 734 1748 est,
753 1675 896 1747 publicam
953 1685 1151 1746 argumentum
1165 1678 1354 1748 pietatisejus
1366 1678 1393 1732 in
1405 1677 1662 1748 Deumexstitisse,
1674 1679 1781 1749 quippe

68 1747 244 1800 amnestiam
265 1746 339 1802 edici
368 1750 483 1805 mandat
510 1750 637 1820 pontifex
665 1764 716 1820 pro
740 1752 779 1805 iis
800 1747 898 1804 omui·
913 1760 940 1819 B
954 1748 1012 1815 cui,
1030 1749 1144 1805 Valente
1171 1755 1293 1814 mortuo,
1311 1762 1404 1804 rerum
1425 1749 1506 1804 solus
1521 1749 1640 1818 potitus,
1664 1749 1780 1819 imperii

69 1814 191 1886 husai),
204 1817 229 1871 si
241 1818 291 1887 qui
305 1819 414 1888 decepti
427 1822 562 1888 captiosae
572 1822 661 1877 alicui
672 1818 899 1889 subscripserint
955 1821 1044 1876 totius
1062 1822 1144 1890 quasi
1163 1821 1307 1890 primitias
1322 1819 1440 1875 obtulit.
1463 1820 1645 1876 Theodoseus
1661 1822 1780 1892 Magnus

69 1885 228 1954 fcrmnlea
248 1889 384 1945 mandans
407 1899 541 1960 preterea
567 1906 678 1948 summo
706 1893 734 1948 in
761 1906 809 1947 eos
832 1891 898 1960 jnre
953 1891 1137 1947 celeberrima
1161 1906 1192 1948 en
1220 1892 1290 1962 lege,
1311 1893 1424 1946 Cunctos
1450 1893 1575 1962 populos,
1599 1893 1726 1948 decrevit
1748 1899 1781 1948 ut

67 1959 275 2027 animadverti,
296 1961 346 2031 qui
363 1963 482 2018 minime
498 1964 534 2018 ab
553 1978 649 2020 errore
664 1964 836 2019 recesserint
849 1960 862 2029 (
872 1961 896 2030 ).
951 1962 1122 2031 Christiani,
1136 1965 1185 2033 qui
1198 1976 1257 2018 eam
1275 1962 1357 2018 fldem
1374 1961 1618 2035 profiterenturh)
1631 1962 1779 2033 cujusde-

67 2029 245 2085 Semiariani
261 2037 318 2086 tres
340 2033 482 2089 miserunt
501 2036 650 2105 episcopos
669 2036 704 2090 ab
718 2034 844 2103 Oriente,
867 2036 899 2087 ut
955 2035 1079 2102 positum
1094 2036 1126 2089 D.
1139 2035 1239 2090 Petrus
1253 2034 1315 2090 suis
1329 2034 1544 2090 successoribus
1557 2034 1778 2090 custodiendum

66 2113 126 2157 suo
152 2101 268 2157 nomine
283 2102 310 2157 S.
335 2105 412 2161 sedis
430 2106 569 2161 doctrine
591 2107 806 2163 subscriberent
822 2123 830 2174 3
846 2104 897 2161 ubi
954 2107 1082 2177 reliquit,
1099 2106 1236 2161 catholici
1265 2111 1520 2175 nuncuparentur;
1548 2107 1661 2162 ceteris
1678 2111 1775 2162 autem

67 2170 158 2228 fldem
174 2179 311 2228 noverant
333 2175 526 2247 incorruptam
549 2185 684 2248 perpetuo
705 2178 824 2244 serrari,
841 2189 897 2232 au·
952 2178 1155 2246 turpissimum
1170 2177 1369 2233 hereticorum
1384 2190 1486 2233 nomen
1501 2177 1706 2233 ascriberetur.

65 2242 293 2314 ctoritatemque
309 2246 402 2303 inesse
416 2249 570 2304 Ecclesiam
587 2250 764 2321 gubernandi
781 2248 825 2319 (f).
841 2248 896 2303 Pe-
987 2252 1027 2304 lta
1042 2250 1175 2316 majorem
1198 2249 1227 2303 in
1243 2249 1306 2304 dies
1319 2248 1529 2304 venerationem
1543 2250 1570 2303 S.
1589 2248 1650 2304 sedi
1676 2244 1778 2303 conci-

66 2314 185 2370 tierunt
195 2315 237 2369 uti
260 2319 896 2391 uerestituiepiscoposnonnullosinsuasse·
951 2321 1033 2376 linxit
1047 2319 1347 2391 divinaprovideotia,
1362 2320 1547 2387 temporalem
1560 2321 1644 2375 etiam
1660 2324 1780 2389 potesta·

64 2385 131 2454 des,
145 2386 222 2441 unde
233 2329 345 2457 aliquot
356 2391 384 2443 in
398 2389 526 2446 Orientis
541 2391 676 2448 conciliis
688 2393 770 2461 ejecti
782 2391 895 2446 inerant
950 2399 1003 2446 tem
1015 2392 1252 2461 splendoremque
1269 2389 1350 2447 illius
1369 2391 1399 2445 in
1417 2391 1546 2446 omnium
1562 2389 1656 2446 oculis
1670 2403 1781 2461 augen-

64 2455 121 2527 (ρ).
139 2455 281 2526 Pontifex,
304 2460 468 2517 orthodoxe
490 2462 555 2518 fidei
573 2463 749 2533 professione
770 2462 806 2519 ab
822 2462 895 2531 ipsis
950 2464 996 2519 do.
1011 2463 1182 2519 ldololatrie
1195 2462 1342 2518 studentes
1358 2461 1496 2517 invidiam
1511 2475 1578 2517 sane
1591 2475 1623 2517 ac
1638 2461 1775 2518 sollicita·

64 2526 184 2598 audita,
202 2528 231 2584 in
247 2533 474 2588 communionem
489 2535 602 2605 recipit,
614 2535 721 2605 datque
731 2536 761 2590 in
774 2533 896 2589 manda·
951 2535 1047 2591 dinem
1099 2547 1136 2589 ua
1151 2532 1318 2590 alliciuntur
1342 2546 1397 2589 non
1427 2531 1522 2588 celant
1545 2531 1585 2605 (s),
1605 2533 1723 2603 perinde
1746 2546 1779 2589 ac

64 2598 110 2654 tis
123 2605 159 2654 ut
171 2600 222 2681 qui
235 2601 350 2669 expulsi
363 2610 432 2658 sunt
445 2605 580 2673 presules
595 2607 768 2675 (quantocius
780 2606 814 2660 ad
828 2617 896 2659 suas
953 2606 1062 2661 nostris
1079 2550 1165 2660 (hisce
1186 2604 1364 2674 temporibus
1393 2604 1531 2659 hereseos
1557 2612 1586 2660 et
1611 2604 1778 2661 schismatis

65 2669 216 2725 Ecclesiae
231 2672 423 2729 reducantur:
441 2681 472 2731 nt
487 2675 593 2731 factum
609 2676 665 2732 fuit
680 2677 729 2746 (hl.
746 2677 819 2732 ldem
832 2688 898 2744 pon·
954 2683 1118 2732 assertores.
1144 2675 1255 2731 Fideles
1279 2689 1302 2729 e
1325 2689 1359 2730 ne
1384 2689 1417 2731 ac
1441 2688 1492 2731 nos
1507 2675 1638 2732 divinum
1656 2675 1778 2732 summis

66 2739 144 2796 tifex
169 2741 238 2798 tulit
258 2745 428 2801 sententiam
456 2747 485 2802 in
510 2747 651 2816 heresim,
677 2751 750 2818 quae'
761 2746 896 2816 paracleti
955 2746 1091 2802 laudibus
1107 2746 1263 2802 consilinm
1283 2691 1447 2809 efferebant,
1466 2760 1523 2817 quo
1541 2753 1678 2816 perpetuo
1697 2747 1780 2803 stetit

63 2812 200 2881 Spiritus
214 2813 395 2871 divinitatem
413 2818 554 2884 neqabat;
571 2825 739 2889 constatque
752 2832 786 2875 ex
800 2819 894 2874 moni·
955 2818 1097 2888 hodieque
1107 2824 1163 2872 stat
1175 2815 1310 2886 Ecclesia,
1320 2819 1383 2886 ejus
1394 2817 1570 2873 admirantes
1582 2817 1725 2874 infinitam
1735 2830 1779 2873 sa·

66 2882 179 2939 mentis
189 2891 316 2940 veterum
330 2888 472 2944 Ecclesiae
486 2902 583 2945 omnes
597 2889 666 2945 huic
677 2889 706 2946 S.
731 2889 808 2946 sedis
821 2889 897 2958 judi·
952 2891 1102 3014 'pientiam
1130 2889 1204 2957 quod
1219 2889 1283 2943 sine
1297 2886 1456 2944 offensione
1468 2887 1520 2942 alii
1547 2901 1602 2943 non
1616 2889 1775 2959 accipiunt.

63 2953 116 3010 cio
143 2955 282 3012 continuo
311 2959 436 3014 stetisse.
974 2960 1061 3030 xigua
1078 2959 1210 3013 Ecclesia
1227 2959 1387 3027 primordia
1400 2956 1580 3013 offendebant
1598 2959 1720 3029 ludeos,
1743 2972 1778 3015 ac

103 3025 227 3081 Damaso
244 3029 378 3097 pontifice
400 3031 556 3088 Gratianus
584 3038 612 3088 et
628 3033 847 3089 Valentinianus
873 3026 894 3080 ll
953 3031 1046 3086 risum
1062 3029 1197 3100 gentibus
1211 3029 1427 3084 commovebant
1450 3028 1487 3100 (t).
1504 3028 1636 3099 Ejusdem
1651 3036 1777 3101 potestas

65 3095 261 3165 imperatores
269 3098 297 3167 (ι’)
308 3099 364 3155 lata
378 3101 895 3173 leqedeclararuutpontificisaucto-
911 3119 935 3180 C
953 3101 1005 3156 hac
1020 3110 1073 3156 tem
1097 3104 1186 3155 estate
1200 3100 1351 3156 hereticos
1368 3099 1513 3170 malosque
1532 3100 1714 3158 Christianos
1727 3099 1777 3157 of-

64 3166 159 3222 ritate
173 3167 202 3223 in
213 3171 512 3242 causisepiscoporum
526 3181 553 3229 et
567 3174 811 3244 appellationibus
821 3170 854 3227 ad
866 3170 895 3223 S.
952 3170 1054 3227 iendit.
1068 3116 1442 3251 guireunquenutemstndii
1455 3183 1556 3226 causas
1571 3171 1669 3252 procul
1680 3170 1773 3241 habet,

64 3237 179 3305 sedem
197 3241 271 3309 quod
296 3241 332 3297 ab
357 3244 483 3300 Ecclesia
498 3244 649 3301 delinitum
672 3248 730 3315 jam
746 3244 838 3300 luerat
865 3241 894 3294 in
950 3243 1153 3298 divinamcum
1169 3241 1254 3295 Paulo
1266 3247 1421 3310 potentiam
1433 3248 1520 3311 atque
1534 3242 1705 3309 sapientiam
1725 3242 1780 3298 ml·

64 3308 180 3378 synodo
193 3309 355 3369 Sardicensi
378 3315 420 3385 ω’).
436 3315 516 3371 Hunc
533 3330 601 3372 sane
624 3315 751 3372 fructum
763 3315 896 3370 excitate
952 3310 1088 3382 ratario).
1103 3311 1272 3382 Ubicunque
1285 3310 1518 3378 locorum,aiunt
1531 3313 1638 3376 Patres,
1649 3313 1775 3382 reperire

65 3379 253 3436 calamitates
263 3382 299 3437 ab
312 3388 447 3455 antipapa
461 3386 595 3443 Ursicino
610 3389 639 3442 in
653 3387 814 3457 legitimum
831 3396 896 3454 pon·
950 3381 1279 3453 estprodigosdliosqui
1298 3382 1654 3454 patrimoniadilapidant,
1665 3396 1774 3439 necnon

65 3449 177 3506 tillcem
196 3463 376 3521 pepererunt.
388 3457 415 3511 S.
431 3458 557 3514 Basilius
571 3457 606 3530 (t)
623 3460 653 3513 in
668 3457 801 3527 epistolis
816 3455 851 3510 ah
865 3454 894 3507 B.
950 3455 1060 3510 zizania
1076 3454 1150 3509 bono
1162 3453 1285 3509 admista
1296 3452 1440 3509 frumento
1450 3451 1494 3525 (ol.
1512 3453 1681 3525 Ubicunque
1695 3454 1778 3510 Luci·

63 3520 262 3578 Athanasium
277 3534 304 3580 et
316 3526 349 3581 ad
369 3529 688 3596 pontificemliarnasum
701 3528 896 3584 descbismate
950 3524 1025 3580 feros
1037 3525 1133 3581 videre
1146 3530 1191 3580 est
1204 3532 1234 3580 ut
1249 3522 1365 3597 fulgura
1391 3523 1522 3581 cadentes
1535 3526 1570 3582 de
1583 3527 1664 3593 celo,
1681 3524 1776 3598 lignea

65 3592 235 3648 Antiochie
249 3600 279 3650 et
289 3597 479 3654 Ecclesinrum
490 3601 617 3656 Orientis
631 3601 757 3656 tumultu
767 3597 893 3664 traditis,
951 3597 1016 3651 item
1027 3602 1187 3666 vasaatque
1198 3595 1309 3665 fictilia,
1321 3593 1564 3666 queiranguntur
1576 3611 1609 3653 ac
1620 3598 1776 3667 projiciun-

67 3667 199 3719 tcstatur
212 3678 243 3720 se
258 3667 291 3721 ad
309 3667 465 3725 Romanurn
482 3671 644 3739 pontificem
657 3670 820 3742 confugere.
831 3676 893 3724 tan·
951 3674 998 3722 tur
1020 3670 1049 3722 in
1066 3668 1170 3738 ignem.
1198 3666 1362 3736 Apostolica
1377 3671 1472 3721 autem
1495 3668 1606 3724 sedese
1628 3666 1775 3724 contrario

65 3746 158 3803 quam
170 3734 206 3791 ad
221 3749 285 3791 eum
304 3751 387 3805 penes
398 3755 480 3811 quem
496 3743 654 3798 auctoritas
668 3749 712 3799 est
726 3739 893 3805 deliniendi,
971 3744 1098 3794 aternam
1127 3750 1239 3806 semper
1254 3737 1448 3792 hereditatem
1471 3752 1534 3793 curn
1563 3740 1618 3797 ilde
1633 3739 1774 3807 serravit;

66 3805 396 3866 mandandiutcrrmina
406 3820 624 3884 cognoscantur,
638 3812 893 3869 animadvertendi.
951 3754 1125 3865 irumentum
1136 3809 1165 3863 in
1176 3807 1414 3879 eacentuplicato
1428 3817 1578 3881 coactum;
1594 3810 1637 3867 sol
1651 3811 1775 3880 justitie

67 3876 102 3930 in
116 3887 194 3947 reos,
208 3890 242 3933 ac
255 3880 426 3938 discrimina
441 3897 540 3939 eorum
557 3884 680 3940 faciendi
694 3886 743 3955 qui
758 3885 786 3939 ln
800 3882 894 3938 Eccle-
951 3881 1081 3951 quotidie
1095 3879 1199 3935 ibidem
1217 3880 1328 3949 oritur,
1354 3893 1405 3935 nec
1415 3894 1480 3936 xasa
1499 3880 1560 3936 illio
1575 3888 1675 3951 preter
1690 3894 1775 3937 aurea

65 3946 122 4002 sie
135 3950 339 4007 cornurunione
354 3952 475 4010 debeant
489 3957 617 4012 retineri.
635 3958 673 4011 Ue
689 3957 791 4013 iisdem
809 3955 894 4010 rebus
949 3959 977 4008 et
988 3958 1120 4023 argentea
1133 3952 1279 4021 visuntur,
1295 3956 1410 4021 propter
1422 3951 1618 4009 intemeratam
1637 3953 1776 4009 doctrine

65 4016 263 4086 llieronymns
285 4020 313 4092 (t)
343 4027 522 4093 perscribens
552 4029 672 4084 Damaso
688 4027 838 4098 profitetur
864 4040 895 4082 se
950 4025 1104 4093 puritatem
1119 4021 1264 4077 nullonon
1277 4031 1402 4092 tempore
1419 4023 1659 4080 ineaserratam.
1671 4024 1778 4093 llujus·

67 4100 194 4157 prorsus
207 4089 244 4144 ab
268 4093 348 4149 nullo
361 4109 410 4151 seu
430 4098 668 4169 presbyterorum,
681 4114 732 4156 seu
747 4097 895 4154 monacho
950 4095 1025 4150 modi
1040 4093 1239 4161 doctrina,PP.
1251 4099 1474 4164 prosequuntur,
1487 4094 1577 4150 nullis
1590 4101 1633 4151 est
1643 4095 1778 4153 obnoxiis

67 4171 148 4226 mm,
162 4173 214 4223 set
241 4165 406 4236 presulum,
429 4182 480 4224 seu
505 4171 668 4241 principum
683 4171 770 4240 hujus
793 4169 893 4224 mundi
949 4162 1361 4236 prestigiislei.0namobrem
1376 4165 1489 4221 tametsi
1505 4167 1640 4235 prudeus,
1665 4167 1779 4223 enchi

68 4241 190 4299 possea
215 4232 246 4286 b.
269 4234 343 4291 Petri
374 4239 451 4295 muts
476 4243 677 4300 communione
698 4242 782 4298 aveni
806 4254 839 4296 ac
854 4253 894 4295 re
949 4237 1064 4306 sapiens
1077 4237 1145 4305 quis
1159 4236 1216 4291 sibi
1232 4236 1556 4306 esserideatur,careat
1570 4252 1648 4303 sane,
1670 4243 1778 4302 careat,

69 4301 182 4356 moveri
196 4319 204 4370 ;
219 4314 276 4358 nou
293 4307 424 4377 ignorare
448 4325 479 4367 se
494 4313 605 4368 nullum
621 4321 700 4370 extra
713 4314 838 4370 eamdem
852 4324 894 4367 se·
948 4307 1679 4380 neperegrinamsuscipiatdoctrinam.Tutissimns
1692 4310 1780 4367 maxi·

67 4371 136 4427 dem
152 4372 264 4429 salvum
281 4377 353 4443 lieri,
367 4381 547 4439 Antichristo
560 4398 659 4441 nomen
669 4386 703 4441 ab
713 4387 752 4441 iis
765 4385 828 4441 dari
841 4382 891 4454 qui
948 4392 1048 4450 meque
1064 4379 1158 4435 tidelis
1172 4378 1361 4436 illiuscustos
1376 4380 1521 4435 Romanus
1534 4388 1578 4436 est
1589 4381 1717 4450 pontifex
1731 4380 1778 4456 (p).

69 4442 268 4501 llomanonon
279 4450 426 4506 adherent
439 4455 578 4522 pontiflci,
589 4458 663 4526 quod
682 4458 798 4526 perinde
810 4467 893 4510 estnc
949 4451 1083 4520 idemque
1094 4458 1136 4505 est
1152 4450 1355 4505 rectordomus
1369 4450 1418 4504 Del
1437 4455 1465 4504 et
1479 4456 1576 4519 pastor
1604 4453 1779 4509 universalis

71 4514 211 4569 nuntium
222 4514 336 4575 Christo
346 4523 410 4578 iesu
427 4528 571 4583 remittere
581 4527 625 4599 (ιιι)
641 4527 769 4583 Pontifex
781 4529 809 4583 id
821 4526 893 4581 schi·
909 4507 936 4568 D
952 4519 1776 4591 Dominicigregis,episcoporumdeniqueetconcillorum

71 4596 135 4640 ama
146 4586 295 4644 damnavit
308 4592 469 4666 tolaliaque
483 4604 615 4667 preterea
636 4599 665 4653 in
680 4599 859 4654 Alexandrie
871 4602 899 4651 et
954 4593 1088 4663 magister
1097 4592 1245 4646 etdoctor.
1260 4591 1679 4659 ttaeumappelathmbrosius.
1689 4593 1780 4650 Eccle

70 4654 360 4731 Consemmopoleos
375 4668 511 4724 Ecclesiis
526 4670 643 4741 oborta,
661 4684 782 4741 quarum
804 4670 825 4726 ii
840 4676 901 4725 tau·
953 4660 1778 4736 slefldeiconfirmande,aitIi.hthanasius(z)pontibcum

121 4992 147 5061 b)
162 4992 245 5061 Apud
258 4991 363 5049 Theod.
382 4993 447 5065 l.1r,
469 5010 494 5050 c.
510 4992 555 5050 22.
1043 4986 1129 5045 Eonil
1141 4988 1161 5041 l.
1178 4986 1212 5041 ad
1229 4985 1323 5054 Episc.
1340 4983 1417 5054 lllyr.

118 5063 141 5133 c)
156 5062 218 5118 Soz.
237 5063 256 5117 l.
272 5077 310 5127 xv,
329 5080 355 5120 c.
371 5062 414 5120 l8.
1045 5062 1109 5130 opt.
1123 5057 1184 5112 llll.
1199 5056 1218 5112 l.
1234 5061 1281 5111 ret
1296 5068 1315 5111 u
1329 5060 1421 5110 contr.
1436 5055 1531 5111 Parm.

106 5135 207 5277 ἕψῃ.
223 5137 284 5191 Lib.
296 5137 330 5192 ad
343 5136 392 5190 PP.
409 5150 454 5237 ap.
469 5137 558 5193 Hilar.
574 5136 604 5193 iu
616 5136 716 5209 fragm.
1046 5131 1140 5216 Theod
1171 5128 1190 5183 l.
1206 5141 1234 5194 x,
1251 5141 1276 5210 c.
1292 5124 1351 5183 Eet
1372 5123 1402 5182 3.

116 5215 230 5271 erbocr.
248 5208 266 5263 l.
281 5221 319 5277 rx,
336 5222 360 5262 c.
377 5204 537 5279 tt,soz.1.
553 5221 667 5280 xx,oap.
685 5205 718 5266 lU
1051 5204 1110 5258 hrb.
1141 5215 1161 5256 ιι
1180 5201 1216 5256 de
1240 5198 1299 5253 de.
1316 5197 1391 5253 cath.
1408 5197 1476 5254 Cod.
1490 5197 1631 5258 Theodcs.

107 5277 170 5349 (sps
198 5277 285 5334 Bisil·
302 5275 403 5350 epil.
415 5342 430 5351 ,
645 5294 647 5298 ’
1001 5278 1023 5348 (s
1047 5278 1138 5330 dmm.
1155 5270 1269 5328 ltfarcel.
1286 5268 1307 5324 l.
1321 5281 1412 5324 xxxu.

116 5352 144 5422 q)
156 5352 197 5407 ld.
217 5349 288 5407 ibid.
1004 5348 1043 5415 til
1060 5348 1123 5428 Cor.
1140 5361 1159 5409 1,
1175 5341 1220 5399 aa.

117 5423 222 5507 falson.
241 5419 476 5504 lib.rr,cnp.2l.
714 5495 743 5507 ..
993 5348 1157 5564 {alhrdhlh
1261 5479 1278 5493 .

118 5498 141 5580 ‘l
160 5496 297 5620 lilia.
312 5493 630 5622 attalanae·
646 5493 795 5567 antro.
995 5509 1024 5633 ιζ
1043 5481 1382 5628 falcenham.

119 5565 188 5723 2588
204 5578 290 5717 Bansll.
305 5580 390 5705 erfrsc
403 5605 439 5690 55
449 5643 481 5722 et
494 5621 558 5695 aad.
996 5562 1033 5705 (pl
1057 5633 1085 5686 S.
1102 5598 1200 5684 hmbr’.
1218 5627 1275 5699 inl
1299 5625 1372 5695 Tim.
1390 5629 1416 5683 c.
1434 5632 1487 5703 μη
1514 5626 1582 5703 iterq
1608 5629 1694 5707 epist.
1719 5630 1740 5699 l.
1766 5646 1786 5702 r,

118 5701 491 5851 ξὲ)58.ᾞξεγίἰ.θιὲρ.57ῗῗρῖι.ὓ8
960 5705 1079 5847 apg&
1094 5775 1200 5832 Athon.
1212 5784 1254 5841 ep.
1268 5769 1302 5825 ad
1319 5768 1445 5835 African.

106 4918 145 4989 (a)
160 4919 189 4975 S.
207 4920 322 4977 Hieron.
340 4923 375 4978 de
390 4923 496 4994 script.
511 4922 587 4979 Eccl.
604 4929 631 4980 et
646 4923 676 4979 in
691 4922 795 4980 Chron.
1002 4919 1030 5061 ἓξ
1044 4920 1104 4975 Soz·
1119 4928 1170 4985 Vll,
1185 4912 1236 4981 ⁴⁴3
1258 4913 1335 4971 socr.
1353 4926 1391 4977 rx,
1409 4909 1461 4984 303
1474 4912 1615 4970 T¹¹⁰⁰d⁰f·
1640 4927 1680 4991 We
1695 4915 1722 4974 9·

993 4920 1024 5278 l

1007 5222 1021 5259 Γ
