3884 6126
10 5186 13 5299 l

10 5326 12 5347 Ι
73 5263 182 5342 junctus
200 5254 257 5330 (eui
277 5273 329 5330 ego
353 5258 490 5314 fidentius
511 5257 677 5328 tribuerem)
697 5255 892 5312 construxerit

56 100 112 158 933

634 107 777 164 APPEND.
805 108 851 164 AD
874 109 1029 166 bissena.
1055 111 1207 167 PRAECED.

1711 116 1765 175 cit

57 223 197 281 Nicifori.
213 229 242 280 et
261 225 404 281 stauraci.
419 230 447 280 et
468 226 594 282 llichell.
612 234 639 283 et
654 228 748 284 Leoni.
771 237 798 284 ct
813 230 926 287 Con-A
942 231 1106 302 catalogum
1127 232 1203 287 bunc
1223 232 1406 301 spectabilem
1428 235 1457 290 in
1482 235 1580 291 codice
1601 235 1765 294 Florentino

55 296 183 351 stamini
207 295 276 364 imp.
298 295 375 365 xliii.
400 295 535 352 Tiberius
553 299 640 366 episc.
666 301 723 353 sed.
749 315 814 354 :nnn
838 315 883 354 xx.

56 380 148 421 mens.
168 367 225 433 iiij.
243 365 306 420 dies
315 368 353 435 xi.
371 367 401 420 in
413 367 518 422 diebus
532 369 728 435 Theodenand.
744 377 771 425 et
788 371 888 424 relicta

58 453 143 506 pre...
154 438 287 492 Anthimi
300 439 387 493 Ducis
398 438 426 491 in
441 439 577 505 pretoriu.
591 439 658 494 fecit
673 444 885 495 monasterium.

58 510 92 563 ιιι
108 521 210 563 nornen
222 509 314 562 sancti
331 507 490 563 Marcellini
504 515 532 563 et
548 509 620 564 Petri
635 517 715 564 mart.
732 511 787 567 luit
801 520 884 578 temp.

57 579 191 649 Eugenii.
215 579 368 634 Balentinl.
395 580 525 650 Gregorii
553 595 616 649 papi.
641 589 669 635 ot
688 582 838 636 liichaeiio
860 588 888 635 et

55 648 212 717 Theophili
229 651 298 719 imp.
314 650 375 704 lilio
389 650 452 719 eius
465 650 552 718 xliiii.
568 651 708 706 iohannes
721 653 807 720 episc.
827 653 885 706 sed.

54 734 124 775 aun.
148 719 199 789 vij.
225 734 313 775 mens.
337 721 411 788 viiij.
435 720 497 776 dies
519 722 589 789 xxij.
613 721 669 777 fuit
690 729 774 791 temp.
795 722 887 793 Sergii

56 805 120 860 pap.
146 797 175 844 et
198 791 331 846 iiichaeli
353 792 421 859 imp.
442 791 499 845 xlv.
521 791 697 848 Athanasius
714 794 802 862 episc.
826 793 885 848 sed.

56 875 119 916 aun.
139 862 215 930 xxij.
232 875 321 916 mens.
338 862 375 929 vj.
392 862 455 916 dies
470 863 566 930 xxiiij.
588 864 639 918 liic
658 864 778 918 ccclesia
794 863 887 919 sancti

55 933 188 987 ianuarii
201 939 284 986 mart.
299 934 379 987 intus
393 933 538 1000 episcopio
554 934 709 988 renovarit.
725 936 790 988 Fuit
801 942 884 1002 temp.

56 1004 151 1057 leoni.
164 1010 194 1057 et
205 1004 361 1058 Benedicti.
374 1003 481 1057 Nicolai
494 1003 614 1058 Adriani
629 1019 690 1072 pap.
703 1012 731 1058 et
741 1005 884 1059 ilichaeii.

54 1079 80 1127 et
93 1073 197 1128 Basilii
212 1075 280 1141 imp.
295 1074 363 1143 xlvj.
376 1074 551 1129 Athanasius
561 1076 649 1143 episc.
661 1076 719 1129 sed.
733 1089 797 1130 anri.
814 1076 883 1143 xxij.

56 1157 142 1199 mens.
162 1147 200 1212 vj.
219 1144 283 1199 dies
300 1145 329 1212 ij.
348 1145 400 1199 ilic
414 1144 480 1199 fecit
497 1145 618 1200 basilica
632 1146 659 1200 S.
676 1146 784 1201 iuliani
803 1152 884 1200 mart.

55 1213 126 1269 foris
141 1215 215 1270 urbe
224 1215 291 1270 sita.
306 1216 370 1270 Fuit
382 1221 466 1283 temp.
477 1216 609 1270 iohanni.
626 1217 738 1271 ilarini.
753 1217 884 1271 Adriani.

53 1284 204 1352 Stephani.
237 1286 365 1340 Formosi
392 1299 454 1354 pap.
484 1292 514 1340 et
541 1287 652 1341 Basilii.
683 1292 711 1342 et
737 1288 833 1356 Leoni,
859 1293 886 1342 et

54 1356 213 1411 Alexandri
223 1357 287 1425 eius
299 1356 371 1411 filiis
382 1357 450 1425 imp.
462 1356 542 1411 xlvii.
555 1358 714 1426 Stephanus
724 1360 812 1426 episc.
825 1358 884 1413 sed.

55 1440 117 1482 tun.
135 1427 203 1496 viij.
223 1440 311 1497 mens.
328 1442 355 1482 x.
373 1426 480 1481 dies...
498 1444 511 1475 s

943 325 1028 373 tantm
1042 320 1238 389 antiquitatis,
1252 327 1385 389 quantam
1399 322 1525 378 declarat
1534 323 1676 392 specimen
1689 327 1766 379 scri-

944 412 1033 473 ptura
1057 421 1090 462 ac
1112 409 1203 463 series
1225 409 1392 478 pontificum
1409 428 1416 479 3
1431 411 1494 479 ejus
1514 410 1632 466 loannis
1651 412 1765 468 diaconi

943 495 1107 550 testimonio
1127 497 1232 564 passim
1254 503 1376 551 utuntur
1396 497 1528 552 historici
1545 497 1677 554 Ecclesiae
1692 501 1767 555 Nea-

944 581 1086 651 politanae,
1099 589 1126 637 et
1138 599 1203 639 cum
1215 584 1262 639 his
1274 583 1423 655 Ughellius
1436 586 1524 640 italice
1533 587 1624 641 Sacrae
1635 592 1711 642 tomo
1721 589 1765 658 Vl,

943 667 1010 723 licet
1028 669 1192 741 Catalogum
1217 674 1309 742 ipsum
1328 674 1357 728 in
1378 673 1551 729 bibliotheca
1572 676 1664 730 sancti
1679 676 1767 731 Marci

944 755 1078 812 latentem
1095 772 1176 815 nemo
1192 762 1267 829 quod
1284 763 1373 816 sciam
1390 763 1527 817 hactenus
1544 763 1720 831 produxerit.

979 846 1061 899 Χιίι.
1086 850 1115 901 ln
1143 848 1239 903 tabula
1265 851 1389 905 secunda
1413 851 1500 919 huius
1523 852 1697 920 Appenninis
1717 853 1767 907 aeri

944 933 1045 1001 inausa,
1064 941 1126 1002 post
1143 936 1333 991 imitationem
1355 937 1464 993 codicis
1486 939 1663 1006 farnesiani,
1679 939 1767 995 retuli

943 1022 1084 1087 specimen
1098 1023 1224 1095 catalogi
1240 1026 1398 1094 memorati,
1414 1031 1442 1080 et
1457 1027 1563 1094 primos
1575 1040 1675 1082 versus
1689 1027 1767 1084 Libri

942 1109 1128 1178 Pontificalis,
1147 1111 1175 1165 in
1193 1113 1348 1167 vetustiore
1362 1126 1395 1167 ιιι
1411 1113 1524 1169 duobus
1539 1115 1688 1171 codicibus
1701 1115 1769 1170 Flo-

942 1197 1067 1252 rentinis
1097 1199 1135 1253 ita
1166 1202 1341 1269 perscriptos
1368 1201 1485 1272 litteris,
1514 1218 1577 1272 ιιι
1603 1203 1768 1259 holstenius

943 1286 1097 1341 nominitat
1112 1288 1350 1357 Langobardicas.

978 1375 1074 1428 xiiii.
1101 1376 1188 1430 Paulo
1214 1378 1384 1433 recentioris
1407 1380 1501 1434 aetatis
1527 1386 1570 1435 est
1590 1380 1662 1436 alter
1680 1383 1768 1438 codex

941 1463 1124 1518 Florentinus
1143 1465 1171 1517 S.
1193 1465 1280 1519 Marci
1293 1483 1301 1534 3
1316 1480 1371 1521 non
1391 1472 1484 1522 tamen
1502 1482 1518 1522 a
1533 1469 1677 1537 superiori
1698 1471 1768 1525 adeo

86 1550 160 1604 xvi.
188 1549 288 1605 Liceat
311 1549 444 1620 catalogo
467 1548 635 1606 subnectere
664 1551 826 1620 periocham
855 1551 884 1606 in
902 1555 927 1615 Β
942 1557 1055 1605 remotae
1078 1556 1110 1605 ut
1135 1552 1270 1607 seculum
1295 1554 1437 1609 decimum
1463 1564 1664 1626 consequatur.
1687 1552 1766 1623 Quod
1827 1615 1831 1623 ,

56 1639 150 1694 ecdem
163 1639 268 1694 codice
283 1637 327 1692 illi
346 1638 487 1707 praelixam
502 1638 659 1693 rubricatis
676 1639 784 1696 litteris
800 1654 885 1695 manu

56 1727 208 1795 holstenii,
229 1728 259 1781 ni
277 1725 370 1794 fallor,
384 1726 432 1780 bis
446 1725 540 1781 verbis
555 1745 561 1780 :
574 1728 622 1780 Est
639 1729 762 1796 Epitome
773 1730 886 1782 Joorrnis

57 1816 174 1878 diaconi,
197 1817 280 1883 cujtts
302 1816 461 1883 opusculum
482 1815 515 1868 de
533 1816 674 1884 Episcopis
696 1817 885 1885 Neapolitanis

57 1903 168 1957 iubetur
189 1905 223 1956 in
235 1904 395 1957 bibliothece
420 1903 563 1958 Vaticana.
579 1904 714 1959 ioannem
730 1904 884 1960 diaconum

58 1993 187 2048 lomanae
207 1991 342 2047 Ecclesiae
361 1991 415 2048 sub
429 1993 535 2047 ioanne
556 2006 627 2062 papa
648 1994 717 2060 vill,
734 1994 782 2047 cui
799 1994 884 2048 etiam

61 2081 208 2150 inscripsit
224 2080 318 2135 Vitam
332 2080 360 2135 S.
376 2082 507 2152 Gregorii
523 2083 630 2154 Magni,
647 2087 675 2137 et
691 2082 744 2137 sub
759 2083 886 2151 impera-

61 2169 166 2225 toribus
187 2169 334 2224 Ludovico
354 2170 472 2225 iuniore
486 2177 514 2225 et
529 2170 630 2226 Carolo
651 2172 733 2226 Calvo
751 2176 887 2226 memorat

60 2257 218 2329 sigibertus
233 2258 262 2312 iu
277 2257 421 2314 Chronico
431 2259 465 2314 ad
478 2272 583 2314 annum
597 2256 651 2315 813
665 2266 693 2315 et
710 2260 738 2315 in
753 2259 887 2329 catalogo

64 2359 112 2414 up.
129 2342 195 2400 tol.
218 2351 280 2400 tum
297 2358 331 2400 ex
350 2359 384 2401 eo
407 2347 526 2402 Vossius
543 2348 579 2402 de
602 2347 756 2402 ilistoricis
777 2346 887 2401 Latinis

64 2431 104 2487 lib.
119 2448 153 2502 n,
173 2448 241 2502 cap.
256 2431 303 2489 36.
323 2435 460 2490 Eumdem
478 2436 613 2490 ioannem
634 2435 788 2491 diaconum
808 2435 887 2490 Ana-

62 2525 133 2578 stasii
155 2523 380 2579 Bibliothecarii
401 2536 457 2578 non
474 2524 556 2579 modo
571 2525 719 2594 aequalem,
736 2524 783 2578 sed
800 2525 887 2578 etiam

62 2613 177 2667 amicum
203 2617 234 2667 et
260 2609 432 2667 familiarem
461 2610 552 2668 fuisse
579 2611 702 2667 affirmat
730 2613 822 2667 Labbe
852 2613 887 2668 de

63 2699 156 2768 script.
178 2701 395 2756 Ecclesiasticis
415 2714 469 2756 non
489 2715 545 2757 uno
566 2701 597 2757 in
616 2701 687 2757 loco.
709 2701 802 2771 Quare
824 2709 886 2756 turn

67 2788 127 2843 nihil
142 2788 265 2844 affinius
281 2789 350 2844 huic
365 2789 445 2858 operi
461 2790 606 2861 compingi
625 2795 736 2859 poterat
752 2791 781 2843 in
798 2802 886 2844 unum

940 1650 974 1691 ex
1000 1640 1109 1706 adjecto
1132 1640 1161 1693 in
1194 1641 1290 1695 eadem
1326 1643 1422 1697 tabula
1453 1643 1609 1712 specimine
1636 1650 1767 1699 constare

942 1732 1044 1794 potest.

975 1814 1088 1869 Codicis
1110 1815 1197 1870 istius
1215 1817 1333 1886 (pariter
1355 1818 1571 1888 membranacei)
1599 1818 1667 1876 folia
1688 1821 1768 1876 Vitas

941 1903 1111 1982 Pontificum
1139 1905 1300 1973 perducunt
1327 1907 1362 1960 ad
1391 1908 1543 1962 sectionem
1571 1909 1688 1963 circiter
1715 1906 1768 1964 323

942 1997 1045 2045 nostrae
1065 1993 1204 2047 editionis
1221 1993 1249 2047 in
1265 1994 1330 2048 Vita
1349 1993 1468 2050 Adriani
1484 1997 1505 2050 ι,
1521 1996 1683 2051 Succedunt
1698 1995 1768 2050 folia

940 2082 968 2130 et
982 2080 1186 2146 quaterniones
1208 2081 1341 2135 nonnulli
1364 2082 1556 2151 expositionis
1577 2083 1605 2136 B.
1623 2082 1768 2139 Ambrosii

942 2166 1069 2235 episcopi
1087 2167 1116 2221 ln
1132 2168 1248 2223 Cantica
1263 2170 1454 2225 canticorum.

979 2256 1054 2310 xix.
1071 2257 1110 2309 Ne
1129 2257 1277 2326 quidpiam
1296 2271 1345 2327 per
1361 2272 1413 2314 nos
1427 2260 1580 2316 omittatur
1599 2263 1673 2331 quod
1695 2261 1768 2317 illu-

942 2348 1033 2397 strare
1061 2344 1154 2398 valeat
1180 2351 1239 2398 tum
1267 2346 1437 2407 documenta
1463 2348 1614 2417 scripturae
1639 2348 1768 2405 vitarum

942 2431 1064 2501 aequalia
1077 2431 1241 2488 collectioni
1255 2433 1410 2500 Anastasii,
1426 2440 1484 2490 tum
1496 2435 1642 2492 observata
1652 2440 1770 2506 Appen-

942 2518 1018 2573 dicis
1039 2522 1142 2574 nostrae
1157 2520 1191 2574 ad
1207 2520 1439 2576 dissertationem
1458 2522 1654 2579 schelestratii
1674 2525 1770 2581 tribus

944 2606 972 2660 in
989 2607 1141 2662 (codicibus
1163 2609 1381 2680 commendatis,
1401 2611 1522 2679 apposui
1544 2612 1573 2666 in
1590 2611 1686 2668 tabula
1701 2626 1769 2683 spe-

943 2694 1062 2749 ciminis
1089 2695 1286 2750 characterum
1314 2697 1424 2752 codicis
1454 2699 1618 2754 farnesiani
1650 2700 1769 2755 initium

942 2782 1014 2837 Vitae
1038 2783 1063 2836 S.
1089 2783 1170 2838 Pauli
1199 2797 1277 2853 papae
1305 2784 1389 2853 primi
1408 2803 1414 2838 :
1432 2785 1462 2841 in
1487 2801 1544 2856 quo
1567 2787 1664 2842 littera
1687 2788 1770 2859 priu-

67 2878 190 2945 mdicem,
208 2881 272 2932 tum
290 2877 364 2933 nibil
381 2875 495 2932 affinius
514 2879 648 2933 accedere
665 2877 733 2932 huic
752 2878 885 2946 editioni,
902 2862 927 2927 G
942 2882 1008 2938 ceps
1026 2870 1142 2925 exhibet
1163 2878 1308 2939 protomen
1329 2874 1456 2941 ejusdem
1475 2875 1621 2943 pontilicis
1636 2876 1771 2946 graphice

69 2973 144 3036 oper
160 2982 214 3022 nos
231 2966 339 3035 afferri,
361 2967 423 3022 sive
436 2967 471 3021 ad
490 2973 600 3022 aetamm
622 2967 681 3023 sire
702 2967 736 3021 ad
753 2966 888 3022 testimo-

69 3054 717 3123 niumcoilectionisVitarumcomprobandum
727 3053 887 3123 equalibus

66 3140 260 3198 documentis:
280 3143 439 3211 praesertim
460 3155 525 3196 cum
549 3140 647 3196 eodem
672 3140 777 3195 sacculo
802 3153 886 3210 nouo,

68 3231 128 3296 ped
140 3230 299 3301 ermingus
311 3230 367 3285 iste
378 3229 500 3298 claudit,
518 3228 709 3297 praecessisset
722 3228 775 3283 sub
787 3228 888 3283 Carolo

67 3317 154 3389 dagno
165 3319 297 3374 illustris
308 3317 511 3373 illediaconus
523 3317 629 3372 Paulus
639 3315 783 3371 Wenifrid
795 3314 888 3386 (cujus

67 3417 138 3473 opera
152 3420 220 3461 cum
237 3404 357 3460 loannis
379 3405 494 3460 diaconi
517 3403 643 3459 miscella
660 3403 751 3459 fuisse
770 3401 888 3458 confusa

67 3506 196 3549 nonnemo
218 3493 297 3562 apud
323 3493 465 3548 labbeum
485 3498 514 3548 et
535 3492 666 3548 vossium
692 3489 840 3561 observat),
862 3498 890 3545 et

66 3581 226 3637 detensium
252 3581 452 3650 cpiscoporum
473 3581 574 3635 seriem
598 3593 631 3634 ao
659 3584 736 3651 gesta
757 3579 889 3633 conscri-

68 3671 170 3739 psisset,
200 3669 352 3740 flagitante
383 3669 535 3741 Angerano
562 3669 806 3737 archiepiscopo:
834 3680 888 3722 nou

67 3771 135 3815 ecus
160 3774 195 3814 ac
219 3760 345 3814 loannes
372 3759 427 3814 iste
453 3758 594 3814 diaconus
623 3757 724 3812 seriem
755 3762 783 3811 et
811 3761 889 3827 gesta

68 3849 257 3918 episcoporum
273 3847 536 3916 Neapolitanorum,
554 3846 669 3901 hortatu
689 3844 810 3900 forsitan
830 3844 890 3900 ali-

69 3938 138 4004 cuius
156 3935 306 3991 antistitis
327 3935 454 4004 ejusdem
475 3934 618 4002 Ecclesia,
637 3947 687 4002 pro
709 3946 786 3987 more
807 3931 889 3988 illius

71 4025 158 4092 atatis,
179 4036 248 4094 quar
268 4022 378 4078 imitari
395 4022 481 4092 coepit
501 4021 738 4078 bibliothecarios
757 4022 889 4075 lfomana}

72 4111 134 4166 seris
146 4112 177 4167 in
193 4109 272 4166 serie
286 4124 320 4165 ac
338 4111 427 4182 gestis
442 4124 561 4166 suorum
578 4110 732 4178 presulum
746 4108 890 4179 colligen-

941 2956 1113 3014 delineatam
1131 2959 1159 3012 in
1175 2959 1334 3014 orbiculari
1355 2961 1457 3032 ligura,
1475 2964 1616 3031 persimili
1632 2964 1771 3034 clypeatis

944 3045 1120 3116 imaginibus
1142 3046 1310 3115 pontificum
1332 3049 1532 3119 Romanorum,
1557 3052 1720 3119 spectandis
1741 3053 1772 3107 in

943 3132 1064 3188 basilica
1089 3137 1115 3187 S.
1139 3134 1221 3189 Pauli
1243 3135 1294 3189 Via
1316 3134 1454 3206 Ostiensi,
1476 3138 1600 3208 aliisque
1623 3139 1770 3208 humanis,

944 3221 1082 3276 indicatis
1114 3222 1166 3277 hac
1200 3223 1230 3277 in
1260 3225 1417 3292 appendice
1449 3238 1528 3279 num.
1558 3223 1591 3280 te
1621 3231 1649 3280 et
1675 3224 1771 3281 fusius

943 3310 1120 3377 exponendis
1143 3311 1172 3364 in
1200 3312 1330 3379 proxima
1352 3311 1565 3367 dissertatione.
1592 3314 1720 3367 Poteram
1744 3320 1773 3369 et

944 3398 1016 3452 alias
1037 3398 1176 3468 imagines
1198 3396 1324 3466 proferre
1340 3412 1373 3452 ex
1393 3397 1488 3452 eodem
1509 3399 1606 3455 codice
1627 3400 1772 3468 pontilicis

944 3485 1149 3553 benedicentis,
1172 3500 1235 3555 quae
1258 3485 1394 3541 visuntur
1420 3487 1448 3540 in
1474 3486 1529 3542 ilne
1550 3487 1578 3542 S.
1602 3489 1703 3544 Leords
1724 3492 1771 3560 lli,

945 3579 1009 3627 ante
1026 3573 1144 3627 initium
1160 3573 1229 3628 Vitae
1241 3573 1269 3628 S.
1286 3573 1418 3642 Adriani,
1433 3580 1461 3630 et
1476 3574 1636 3645 persimiles
1651 3584 1719 3634 sunt
1734 3579 1773 3635 iis

946 3675 1009 3730 qum
1024 3667 1190 3730 spectantur
1204 3661 1233 3715 in
1249 3662 1370 3717 musivis
1382 3662 1568 3718 ecclesiarum
1581 3664 1665 3720 Urbis
1675 3667 1771 3722 eadem

945 3757 1026 3805 aetate
1044 3750 1229 3804 constructis.
1252 3752 1356 3805 Verum
1377 3753 1496 3807 casatis
1517 3766 1580 3809 esse
1602 3768 1664 3809 sum
1681 3761 1771 3825 ratus,

945 3853 1007 3909 qum
1038 3838 1146 3892 includi
1177 3839 1322 3893 commode
1348 3845 1477 3908 poterant
1498 3841 1527 3895 in
1554 3856 1629 3897 aenea
1653 3842 1771 3915 lamina,

946 3927 1108 3983 litterarum
1125 3925 1278 3995 specimini
1294 3927 1455 3984 exhibendo
1470 3929 1622 3984 destinata.

981 4017 1044 4070 xli.
1067 4016 1225 4070 Dolendum
1241 4030 1306 4071 vero
1327 4018 1416 4072 estin
1437 4031 1468 4072 eo
1483 4017 1582 4073 codice
1602 4019 1773 4077 farnesiano

946 4105 1104 4160 desiderari
1123 4104 1202 4160 Vitas
1224 4106 1352 4174 priorum
1375 4107 1540 4176 pontificum
1557 4105 1613 4162 aS.
1637 4108 1719 4165 Petro
1738 4109 1773 4164 ad

74 4197 114 4269 ιιι,
134 4200 178 4255 ιιι
194 4204 358 4256 constater
371 4199 484 4270 Agnelli
499 4198 589 4269 Opere
603 4200 638 4254 de
657 4197 890 4266 Archiepiscopis
904 4189 931 4249 D
946 4194 973 4247 S·
994 4193 1147 4247 Silverium
1163 4210 1170 4245 ι
1188 4207 1251 4261 qum
1273 4195 1297 4249 si
1320 4201 1511 4264 superessent,
1532 4197 1646 4266 epochae
1669 4198 1776 4268 singu-

76 4284 287 4355 lareunatibus,
317 4288 444 4358 aliisque
470 4289 504 4343 ad
538 4289 609 4342 hanc
636 4287 754 4341 circiter
779 4291 890 4341 etatem

76 4375 226 4432 referendis.
240 4376 371 4431 indicare
383 4376 469 4431 etiam
486 4388 639 4445 possumus
652 4375 740 4429 alium
753 4375 890 4430 ioannem

76 4461 213 4520 diaconum
233 4464 327 4520 sancti
347 4463 486 4530 ianuarii,
508 4477 524 4518 a
545 4477 603 4533 quo
623 4463 692 4517 Acta
712 4463 795 4517 illius
815 4462 890 4518 beati

76 4551 186 4623 episcopi
199 4566 234 4608 ac
246 4552 391 4623 martyris,
405 4553 538 4624 sosiique
547 4566 580 4607 ac
592 4552 736 4607 sociorum
746 4551 891 4619 descripta

77 4634 153 4695 fuisse
166 4641 291 4713 legimus
303 4642 377 4710 apud
392 4640 526 4696 Vossium
539 4642 573 4696 de
586 4628 658 4695 illst.
675 4642 733 4694 Lat.
751 4653 813 4709 pag.
827 4635 891 4727 70ιίἱ

76 4739 127 4783 ιιι
138 4730 303 4785 eorumdem
320 4729 504 4784 translationi
523 4727 698 4794 interfuerit,
715 4727 807 4783 liceta
819 4729 892 4783 Vos-

78 4815 111 4870 tio
127 4823 309 4873 recenseatur
333 4818 408 4873 inter
427 4818 583 4886 scriptores
604 4817 698 4871 atatis
719 4816 844 4884 incerta,
864 4822 893 4870 et

77 4914 129 4957 tum
143 4903 296 4960 translatio
310 4905 338 4959 S.
354 4905 484 4960 ianuarii
508 4904 665 4976 contigerit
685 4902 789 4959 saeculo
806 4917 890 4974 nonu,

78 4991 111 5044 uti
122 5006 154 5047 ex
168 4993 313 5049 Chronico
326 4993 475 5048 casinensi
492 5002 668 5062 compertum
683 4997 735 5047 est.
752 4992 816 5047 Sive
832 4991 893 5061 igi-

77 5083 116 5132 tur
128 5082 270 5137 secundus
284 5081 334 5136 bie
345 5082 467 5136 ioannes
482 5081 623 5136 ‹liacuuus
635 5082 661 5135 S.
676 5079 816 5144 ianuarii,
834 5079 892 5135 sive

77 5167 202 5234 prioriile
214 5171 360 5226 Romanus
371 5169 521 5226 Anastasio
532 5169 753 5225 bibliothecario
764 5169 893 5223 amicitia

252 5463 372 5519 Purser„
392 5460 525 5516 cxxvii.

947 4282 1038 4336 lorum
1066 4279 1190 4336 conferri
1222 4289 1354 4352 poterant
1379 4298 1443 4338 cum
1470 4285 1538 4339 aliis
1562 4285 1775 4355 exemplaribus

945 4370 1087 4439 Vitarum,
1107 4377 1136 4425 et
1159 4386 1223 4426 cum
1244 4372 1372 4427 numeris
1390 4373 1605 4445 chronologicis
1627 4377 1774 4444 supersti-

947 4460 1025 4514 tibus
1040 4460 1115 4513 inter
1136 4460 1263 4528 picturas
1284 4460 1451 4530 pontificum
1468 4469 1628 4518 memoratae
1643 4463 1773 4520 basilica

948 4548 1074 4603 Paulina
1093 4548 1138 4602 via
1159 4548 1312 4604 Ostiensis
1333 4550 1361 4604 S.
1379 4551 1461 4606 Petro
1480 4552 1514 4607 ad
1529 4551 1556 4606 S.
1574 4554 1772 4609 innocentium

949 4637 1083 4708 primum,
1113 4644 1267 4691 reservatas
1293 4637 1327 4692 ad
1357 4637 1560 4694 illustrandum
1586 4639 1615 4694 in
1641 4641 1772 4709 proxima

948 4732 1044 4781 nostra
1055 4723 1267 4779 dissertatione.
1284 4725 1422 4794 supplere
1435 4732 1527 4781 tamen
1542 4724 1667 4781 conabor
1679 4726 1773 4782 detri-

948 4819 1042 4869 menta
1052 4812 1162 4867 codicis
1173 4813 1401 4880 prestantissimi
1416 4827 1464 4882 per
1473 4813 1531 4868 alia
1539 4814 1663 4882 genuina
1676 4829 1775 4872 monu-

948 4907 1042 4957 menta
1055 4899 1184 4954 historic
1198 4898 1361 4967 pontificiae,
1372 4901 1533 4956 etaliorum
1549 4901 1680 4959 codicum
1691 4911 1774 4961 aetate

949 4988 1164 5059 proximorum:
1184 4984 1290 5056 quibus
1310 4989 1444 5057 praemitti
1461 4989 1562 5046 debuit
1579 4992 1685 5048 notitia
1702 4995 1773 5048 Far-

950 5076 1060 5132 nesiani
1086 5081 1114 5130 et
1136 5075 1377 5146 florentinorum,
1399 5077 1451 5134 hac
1473 5078 1503 5134 in
1525 5081 1683 5152 appendice
1702 5095 1773 5150 pro-

950 5166 1016 5221 latta.
