3892 6136
13 306 63 370 ΞΠ

412 305 594 363 nannetum
621 307 771 362 DlSSEltT.
792 307 837 359 DE
861 304 939 362 ANT.
964 308 1020 361 llll.
1049 309 1147 365 PONT.
1174 311 1340 368 CalTllLOG.

1669 317 1723 378 938

18 448 79 492 nera
91 431 269 489 chronotaxi
285 445 319 487 ex
333 436 412 485 tauta
427 431 563 485 varietate
577 430 637 484 sive
659 428 843 495 scriptorum,
861 426 889 481 Α
904 428 965 483 sive
977 430 1034 485 alia
1046 431 1174 500 qualibet
1187 433 1221 486 ab
1240 435 1383 490 universis
1398 437 1582 511 chrariologis
1594 451 1722 512 recepta,

21 525 75 582 sire
87 523 307 590 descriptorum
324 527 352 576 et
367 520 597 586 amanuensium,
613 522 758 586 acceptum
774 514 847 570 teri-

20 627 81 670 nus
107 611 214 679 regalis
238 609 371 679 proximo
391 609 485 677 eapite
508 606 685 678 proterendis
699 619 733 660 ac
755 604 849 659 stabi-

17 701 137 770 liendis,
156 706 188 756 ιιι
206 705 307 754 nostro
338 697 462 753 examini
488 695 698 766 praemittantur
715 701 848 763 anquam

20 791 102 863 leges
113 790 299 859 judiciorum
324 792 418 855 certae,
434 791 462 840 et
487 785 620 855 prudenti
636 785 741 854 cuique
763 782 850 837 adhi-

17 879 121 936 hendae
144 884 232 948 atque
247 876 431 933 observandae
451 874 480 930 in
503 874 622 930 criterio
648 873 777 929 historiae
801 884 851 926 ve-

21 967 129 1025 ritatis

339 1089 479 1160 CAPUT
507 1090 539 1157 ll

62 1235 273 1298 Traduntur
288 1232 416 1324 require
430 1232 476 1293 erl
493 1231 736 1311 inquirendam
753 1229 852 1291 Claro-

61 1314 254 1393 antoanam
262 1316 442 1375 ‘ceritatem
453 1329 493 1373 er
503 1310 854 1389 Catalopiseelnclio-

61 1394 172 1471 mbae,
197 1397 350 1472 ternpore
370 1391 590 1454 diversimode
614 1389 854 1468 corrsipnenti-

61 1473 178 1536 barin
192 1474 274 1534 datu
294 1473 381 1533 serie
396 1471 499 1552 potati
528 1488 603 1532 ctera
627 1472 854 1532 Buritanorum

62 1570 196 1696 Ξιεεηοιι
210 1551 361 1614 alioruin
374 1551 572 1629 principare
587 1566 625 1612 ac
638 1550 789 1611 uirorum
803 1547 854 1610 il-

78 1632 245 1695 aetnam.

276 1755 440 1811 SYNOPSIS
462 1754 602 1809 CAPlTlS.

24 1879 46 1930 l.
63 1880 175 1943 Regula)
191 1880 285 1928 criterii
302 1879 452 1936 statuendas,
464 1879 557 1940 quibus
568 1881 671 1926 utamur
681 1879 706 1926 in
718 1877 854 1939 praeteren-

54 1945 97 1993 dis
110 1941 342 1999 chronologorum
353 1942 495 1999 sententiis,
508 1954 537 1988 ac
547 1942 698 1988 testimoniis
710 1942 803 2002 quibus
817 1941 854 1987 in-

56 2007 186 2056 nituntur.
200 2030 232 2040 —
242 1998 379 2066 lllteqalo
387 2004 484 2066 prima.
500 2003 527 2050 ln
537 2002 694 2062 temporibus
709 2002 853 2050 asserendis

56 2067 197 2116 consulere
220 2069 326 2127 praestat
341 2068 508 2112 monumenta
523 2064 632 2125 publica.
651 2066 672 2111 si
688 2078 746 2126 quae
776 2067 851 2111 suxit:

903 520 1051 586 proveniat
1063 534 1175 576 necesse
1186 529 1273 577 estex
1286 526 1394 595 regulis
1403 527 1525 591 criterii,
1539 530 1599 584 sire
1606 531 1725 602 judicii,

904 608 1726 687 quibuschronographietbiographidiscrepantesutun-

905 703 953 753 tur
969 698 998 753 in
1014 702 1237 769 comparatione,
1254 701 1418 770 praelatione
1430 707 1584 762 ardelectu
1601 709 1727 765 testimo·

906 787 1031 856 ntorum,
1042 788 1117 843 uude
1129 789 1237 859 singuli
1252 791 1400 860 accipiunt
1415 801 1509 863 partes
1519 803 1644 867 etatum,
1661 798 1728 853 sub·

906 873 972 928 inde
983 875 1159 946 colligendas
1176 878 1204 931 in
1226 878 1351 934 solidum
1375 881 1576 952 epilogismum
1597 899 1630 940 ac
1643 899 1727 941 sum-

906 976 989 1018 mam.
1017 966 1138 1020 Tantum
1165 967 1255 1037 igitur
1278 968 1461 1026 deserendum
1485 973 1540 1027 erit
1558 975 1607 1029 uni
1629 978 1727 1045 potius

905 1066 989 1121 quam
1017 1053 1100 1108 alteri
1128 1057 1327 1124 supputationi
1348 1071 1380 1112 ac
1405 1062 1562 1125 sententiae,
1588 1071 1724 1134 quantum

907 1144 1011 1211 regulae
1028 1142 1155 1198 delectus
1172 1146 1344 1201 instituendi
1361 1149 1394 1202 ad
1406 1148 1608 1216 praeterendum
1623 1167 1727 1208 unam-

907 1244 1050 1299 quamque
1071 1234 1208 1288 rationem
1231 1248 1264 1288 ae
1289 1249 1438 1305 summam,
1463 1246 1548 1308 atque
1564 1242 1727 1299 testimonia

909 1318 987 1374 illam
996 1319 1176 1389 affirmantia,
1189 1324 1527 1392 propiusaccesserintad
1538 1330 1728 1390 indicationes

909 1409 1031 1462 maxime
1043 1409 1205 1476 probabiles
1220 1411 1364 1467 historica
1378 1416 1517 1471 veritatis.
1530 1418 1569 1472 De
1581 1419 1626 1474 his
1638 1421 1730 1491 igitur

908 1497 1009 1561 regalis
1037 1498 1165 1553 detectus
1188 1500 1244 1554 erit
1270 1509 1353 1557 antea
1373 1507 1568 1574 statuendum,
1587 1523 1636 1579 per
1657 1525 1729 1580 qaas

908 1586 1117 1657 contendimus,
1134 1588 1209 1642 inter
1227 1589 1423 1659 discrepantes
1442 1596 1598 1650 sententias
1610 1612 1669 1653 earu
1683 1600 1728 1655 de

909 1670 997 1743 ligere
1012 1679 1039 1727 et
1049 1677 1217 1742 consectari,
1233 1681 1406 1746 quamratio
1420 1682 1532 1737 criterii
1554 1684 1729 1744 demonstret

866 1751 893 1812 B
910 1762 1029 1829 propius
1043 1764 1175 1818 accedere
1190 1767 1223 1819 ad
1245 1767 1401 1823 veritatem.
1419 1772 1531 1842 Regula
1552 1780 1646 1830 autem
1665 1779 1728 1832 cri-

909 1850 976 1904 terii
992 1851 1083 1905 nostri
1101 1851 1223 1907 breviter
1238 1864 1425 1926 exponentur,
1452 1874 1607 1932 earumque
1629 1865 1729 1920 ltrma—

909 1945 1002 1994 menta
1013 1948 1143 2009 petentur
1155 1956 1187 1997 ea
1198 1947 1356 2000 necessaria
1374 1950 1550 2004 connexione
1560 1965 1644 2020 quam
1655 1955 1729 2008 ratio

908 2031 1034 2085 ostendit
1050 2032 1151 2086 iisdem
1168 2033 1260 2089 inesse
1272 2048 1336 2089 eum
1352 2038 1479 2093 veritate.

56 2143 142 2192 eaque
157 2127 328 2190 preferenda,
346 2140 403 2187 quae
418 2141 462 2187 per
479 2127 548 2173 viros
565 2128 674 2174 idoneos
688 2127 781 2187 posita,
794 2125 854 2174 loco
935 2156 949 2164 .·

57 2206 87 2241 ac
97 2198 217 2253 tempore
229 2190 280 2237 sint
294 2189 450 2250 proximiora
461 2190 546 2247 aetati„
559 2189 590 2237 de
608 2203 658 2249 qua
670 2202 728 2235 cum
744 2189 854 2236 inaximo

59 2255 152 2315 agitur.
164 2279 195 2288 —
206 2251 253 2300 lll.
274 2251 400 2311 Regulum
412 2251 563 2298 confirmant
575 2250 698 2311 exemplis
718 2251 855 2311 scriptores

58 2316 173 2365 maniam
184 2313 298 2362 illustres
315 2313 427 2361 historia
438 2317 462 2360 et
477 2312 654 2373 chronologiae
672 2325 760 2368 sacrm,
777 2313 855 2360 etiarn

58 2378 185 2426 divinitus
195 2376 322 2435 inspirati.
335 2402 363 2409 —
375 2374 420 2422 lv.
431 2375 555 2422 Eamdem
567 2389 594 2422 se
614 2378 708 2423 uantur
718 2377 794 2421 etiam
811 2388 856 2421 uu-

57 2446 146 2489 atores
174 2437 296 2486 Historia
323 2440 348 2485 et
374 2436 540 2495 chronoligiae
556 2389 678 2496 prolana,
697 2437 740 2497 qai
756 2436 857 2483 catenis

59 2503 98 2550 rui
115 2500 224 2561 genens
235 2499 393 2560 precellunt.
406 2524 436 2534 -
446 2499 479 2545 V.
493 2497 589 2560 lleqnla
599 2497 718 2546 secunda.
739 2498 759 2545 l]
773 2497 856 2558 publi-

62 2565 105 2623 cis,
123 2577 156 2610 aa
174 2562 300 2624 proximis
312 2565 367 2609 tum
385 2563 456 2608 aetate
469 2564 524 2607 tum
544 2561 603 2607 loco
614 2561 785 2618 documentis,
803 2573 856 2606 mo-

61 2626 219 2687 gistratuum
233 2637 293 2671 cura
306 2629 331 2670 et
346 2624 493 2671 auctoritate
510 2623 610 2682 positis,
625 2622 668 2670 illa
683 2622 856 2684 praelernntur,

61 2701 119 2751 quae
127 2685 211 2734 semel
219 2685 357 2733 constituta
367 2699 413 2745 per
423 2686 530 2732 idoneos
543 2698 572 2731 ac
585 2684 714 2743 legitimos
725 2687 858 2731 curatores

59 2750 174 2812 publicae
188 2747 337 2804 voluntatis,
350 2747 537 2808 permanserint
546 2747 611 2794 adeo
625 2748 725 2807 integra
741 2750 766 2793 et
776 2750 858 2793 custo-

60 2812 121 2868 diu,
135 2808 270 2858 utnullum
287 2807 452 2870 praescierant
461 2808 584 2856 indicium
596 2810 730 2866 enesionis,
746 2810 789 2855 ant
800 2822 857 2854 rnu-

60 2874 179 2931 iationis‚
192 2871 237 2919 sed
255 2884 340 2933 neque
351 2874 448 2918 temere
464 2869 554 2918 violari
570 2872 686 2930 potuisse
699 2870 784 2931 reipsa
798 2883 859 2916 cun·

61 2940 119 2985 stet.
130 2962 161 2971 -
172 2933 224 2982 Vl.
235 2932 409 2981 corollarium
427 2934 522 2995 regala
538 2931 662 2980 sarmada.
678 2931 858 2992 Exemplorum

62 2997 271 3053 emendationes,
286 2996 307 3043 si
316 2995 469 3055 exemplaria
479 2993 636 3055 autographa
648 2995 718 3042 nulla
729 2995 779 3041 sint
791 2994 859 3041 unde

62 3059 247 3169 petimpossint,
260 3058 424 3119 requirantur
436 3070 465 3103 cx
476 3056 638 3103 documentis
652 3056 762 3117 publicis
778 3055 859 3102 aetatis

63 3137 104 3171 eu

64 3135 167 3241 talentis,
181 3180 288 3230 aliunde
307 3181 458 3229 ministratis
471 3194 548 3242 quarn
564 3195 594 3228 cx
609 3180 667 3228 loco
684 3181 726 3228 ubi
743 3193 784 3226 res
801 3193 860 3238 pro-

64 3246 131 3294 xime
144 3242 313 3306 gerebantur,
333 3242 446 3302 sudragii
457 3244 627 3303 praerogativa
642 3243 674 3289 sit
691 3255 770 3302 penes
788 3240 861 3298 illud,

62 3304 251 3369 cujusauctori
268 3317 346 3352 causa
361 3305 482 3359 scientiae,
516 3305 589 3351 eritia
600 3304 751 3364 disciplinae,
767 3317 795 3350 ac
812 3306 863 3349 stu-

64 3370 135 3418 dium
154 3368 270 3417 veritatis
287 3365 434 3415 facultatem
461 3318 559 3413 delent
574 3366 725 3434 ampliorem
740 3365 863 3426 temporis

66 3444 96 3479 ac
107 3443 198 3480 rerum
213 3429 455 3492 perquirendorum.
467 3455 496 3462 —
512 3427 576 3476 Vlll.
595 3426 741 3475 Corollaria
757 3427 808 3474 dno
824 3440 863 3473 re·

101 3491 132 3539 lae
146 3492 243 3540 tertie.
257 3489 432 3538 corollarium
448 3490 571 3552 primum.
588 3487 736 3538 Consensus
751 3489 863 3549 plurium

88 3556 234 3616 cripturam
247 3552 287 3600 vel
304 3553 518 3600 documentorum
537 3552 594 3599 loco
605 3565 635 3599 aa
650 3555 765 3612 tempore
780 3551 864 3610 proxi-

67 3630 180 3674 morum,
191 3616 333 3677 prasertim
346 3615 368 3662 ai
381 3614 483 3675 publica
498 3614 647 3661 auctoritate
658 3613 814 3669 muniantur,
828 3613 864 3658 iu-

69 3679 164 3727 dicium
182 3677 332 3725 habendum
347 3679 386 3724 est
399 3677 511 3723 tentatis
529 3674 656 3723 historicae
682 3679 707 3722 et
724 3674 863 3721 chronolo-

67 3742 132 3800 gice
161 3737 341 3788 Corollariurn
355 3737 501 3785 recaredum.
515 3738 551 3785 Ex
573 3737 720 3798 hujusmodi
735 3749 863 3784 cuxasensu

68 3800 257 3851 rationabiliter
272 3800 440 3848 emcndantur
450 3801 566 3860 exempla
583 3800 712 3861 posterius
729 3798 863 3858 descripta,

68 3866 89 3912 si
104 3863 136 3912 ab
152 3877 187 3913 eo
204 3866 230 3911 et
249 3862 281 3910 ab
307 3861 495 3924 antiquioribus
512 3862 637 3909 differant.
657 3888 688 3897 -
707 3861 752 3909 lx.
769 3858 864 3922 ltrqaln

144 3939 170 3973 u.
178 3923 516 3985 commeneustemporum,
526 3923 557 3971 ab
565 3923 693 3971 historicis
704 3921 865 3970 documentis

69 3989 254 4044 inmaturum,
266 4000 324 4034 cum
335 3986 426 4034 diebus
435 3986 566 4046 legitimis,
583 3984 663 4044 ajuro
674 3986 820 4033 constitutis
833 3984 864 4030 ad

70 4048 865 4170 nannetensemattentant,nt

71 4174 137 4234 gule
153 4171 330 4236 proteruntur.
343 4199 373 4207 -
386 4171 433 4219 Xl.
453 4173 546 4232 Quinta
558 4171 658 4233 reputa.
674 4170 863 4219 Demonstratio

71 4235 253 4296 chronologiae
271 4237 340 4283 recle
355 4235 476 4282 instituta
493 4235 539 4282 erit
560 4233 694 4281 character
715 4233 807 4293 aliquis
818 4232 863 4279 ob·

72 4299 161 4346 aaran
170 4300 262 4345 motus
271 4295 391 4353 coelestis,
403 4297 447 4358 qui
459 4298 545 4344 exacte
561 4297 716 4404 respondent
731 4294 863 4342 intervallo

73 4364 120 4407 taut
160 4360 207 4417 ria;
222 4358 348 4420 requisito
364 4358 395 4405 ad
408 4371 453 4406 cos
469 4362 555 4405 motus
565 4371 604 4405 em
615 4359 706 4405 estium
725 4369 862 4417 corporum

73 4374 258 4484 μιὸοἳοιιάοι,
273 4447 304 4455 -
321 4419 378 4469 xil.
393 4420 544 4482 Exemplum
559 4419 657 4468 illustre
675 4419 752 4480 lnrjns
767 4419 862 4481 quinta

75 4483 168 4544 regule
195 4481 331 4531 exhibetur
351 4483 377 4530 in
407 4481 540 4530 referendo
564 4496 632 4529 auno
656 4481 804 4529 corrsnlatus
831 4477 863 4544 (et

76 4545 173 4606 mortis)
191 4545 320 4592 loriniani
335 4544 563 4604 Augustaeonega
578 4544 739 4591 Varroniano
757 4543 817 4600 ntia,
833 4543 864 4589 ad

77 4620 169 4656 mnam
184 4619 245 4656 ωηο
255 4605 350 4657 Christi
358 4608 502 4654 communis
513 4606 567 4663 364,
583 4607 719 4666 eidemque
732 4606 866 4663 assignan-

78 4669 238 4718 tliumotibus
251 4667 550 4724 coelestibus,inretusta
559 4668 706 4729 epigraphe,
732 4671 784 4713 tum
801 4671 865 4713 tem-

80 4732 143 4790 poris
159 4732 256 4793 positam
271 4732 345 4778 consi
366 4731 440 4778 nutis.
455 4757 483 4764 -
494 4730 567 4778 Xlll.
580 4730 615 4778 Ex
626 4730 717 4777 eodeni
732 4727 865 4775 consulatu

82 4791 112 4839 ita
125 4793 295 4854 comprobato
312 4745 437 4840 stolidior
451 4791 551 4853 epocha
568 4792 736 4853 pontificata.
749 4805 763 4837 a
776 4790 804 4838 S.
822 4791 867 4837 lta-

82 4867 148 4903 maso
162 4854 289 4916 suscepti,
303 4868 370 4902 anno
381 4855 492 4916 vulgaris
508 4866 564 4903 aerm
579 4853 673 4903 Christi
689 4855 743 4900 366.

10 4984 13 4991 ·
90 4963 112 5019 l.
134 4969 338 5040 Discrepantia
357 4984 534 5025 summarum
556 4985 619 5041 qua
642 4969 820 5040 colliguntur
838 4968 867 5022 in

10 5048 13 5123 ξ
65 5051 249 5131 chronologica
258 5059 489 5132 siriedirigenda
503 5060 607 5125 atatis,
623 5059 687 5114 rita
702 5073 734 5114 ac
747 5058 871 5129 regime-

67 5143 101 5197 ns
115 5147 279 5215 pontificum
295 5149 500 5219 Romanorum,
516 5149 575 5204 sive
588 5148 756 5218 quorumvis
768 5147 873 5208 princi·

68 5242 119 5297 pum
132 5250 163 5293 ac
174 5238 304 5294 virorum
322 5237 496 5306 illustrium,
509 5237 544 5292 ad
554 5238 700 5306 complura
715 5236 872 5306 praesertim

69 5325 152 5381 acula
168 5327 409 5398 pertingentium,
425 5340 487 5382 cum
506 5327 535 5381 in
551 5326 740 5381 arithmetica
761 5325 873 5396 regulas

71 5409 150 5468 reterri
166 5417 286 5471 minime
300 5416 403 5485 possit,
420 5417 474 5470 rite
491 5421 615 5470 serratas
632 5415 661 5469 in
674 5415 805 5470 methodo
818 5428 873 5467 an-

72 5504 356 5565 nomululiauorum,
373 5504 490 5573 perinde
507 5504 664 5560 constituta
676 5505 749 5572 apud
768 5503 875 5558 unius-

72 5590 189 5664 cuiusque
208 5592 361 5650 sententiae
386 5598 539 5649 sectatores
564 5593 592 5646 in
615 5592 730 5661 periodo
749 5592 874 5661 tatiana,

1185 2176 1323 2233 REGULA
1344 2180 1461 2234 Patara.

945 2300 971 2357 2.
990 2303 1083 2357 Prima
1096 2302 1223 2359 delectus
1238 2304 1336 2373 regula
1349 2313 1391 2360 est
1403 2312 1434 2360 ut
1447 2307 1475 2361 in
1491 2308 1630 2376 examine,
1647 2323 1729 2365 com-

913 2392 1059 2459 paratione
1071 2404 1104 2448 ac
1124 2392 1289 2459 praelatione
1303 2394 1662 2469 cujuslibetchrouologiae
1676 2400 1731 2455 do-

911 2485 1044 2534 cumenta
1072 2479 1196 2546 plublice,
1225 2481 1249 2534 si
1274 2495 1336 2550 qna
1359 2489 1436 2548 sunt,
1459 2485 1653 2554 consulamus
1682 2501 1733 2556 per

911 2567 988 2621 virus
1006 2567 1123 2622 idoneos
1140 2569 1241 2636 posita,
1257 2583 1346 2639 eaque
1363 2572 1517 2639 prraesertim
1536 2588 1597 2643 quae
1613 2576 1732 2644 propius

912 2654 1050 2709 accedunt
1062 2662 1143 2710 atate
1158 2669 1190 2709 ac
1202 2655 1263 2710 loco
1284 2657 1318 2711 ad
1334 2670 1383 2712 eos
1398 2660 1477 2714 viros
1488 2673 1644 2731 eorumque
1656 2666 1734 2733 gesta

913 2741 1069 2812 dequibus
1083 2743 1269 2815 clironologia
1284 2752 1370 2814 atque
1385 2747 1508 2804 historia
1523 2751 1687 2806 contexitur
1706 2757 1735 2806 et

913 2832 1073 2887 ordinatur.

949 2920 1025 2975 Duas
1048 2921 1144 2991 itaque
1168 2923 1299 2977 notiones
1323 2925 1486 2980 «considerat
1508 2928 1536 2982 in
1553 2927 1734 2984 documentis

915 3007 1129 3077 chronologiam
1158 3010 1317 3067 firmatnris
1353 3014 1410 3069 hac
1432 3021 1528 3070 nostra
1560 3017 1677 3087 regula:
1705 3024 1737 3072 nt

138 3134 184 3170 em
199 3118 499 3180 autproximae.-Vll.
517 3118 613 3180 Reputo
628 3119 717 3166 lertio.
736 3118 861 3165 Endoou-
877 3099 1024 3166 Cllubffffl
1048 3100 1117 3169 Silus
1143 3103 1218 3171 (lUOd
1242 3109 1284 3155 ⁰5¹
1307 3103 1430 3171 prinlum
1451 3122 1458 3171 3
1484 3111 1570 3175 thue
1595 3109 1736 3176 propiora,

917 3189 991 3258 quod
1004 3189 1060 3243 erit
1079 3189 1210 3244 alterum.

952 3276 978 3331 3.
990 3278 1396 3347 Utriquepartiauctoritatem
1412 3281 1571 3336 conciliant
1583 3282 1739 3351 scriptores

916 3367 989 3421 artis
1010 3366 1156 3422 historicae
1182 3374 1322 3437 quotquot
1345 3370 1498 3437 excellunt,
1522 3377 1550 3424 et
1565 3369 1594 3422 in
1609 3384 1642 3424 eo
1661 3371 1739 3425 scri-

918 3453 1002 3509 bendi
1019 3456 1115 3525 generi
1132 3456 1273 3510 habentur
1291 3458 1444 3526 principes,
1460 3457 1616 3524 presertim
1641 3460 1738 3515 studio

918 3544 1140 3612 veritatisque.
1165 3544 1259 3611 potior
1277 3549 1319 3597 est
1336 3544 1398 3597 laus
1416 3544 1551 3599 historia.
1578 3545 1647 3600 Nam
1663 3547 1687 3600 si
1702 3547 1737 3601 ab

919 3632 981 3686 illis
1006 3630 1197 3699 scriptoribus
1219 3630 1337 3699 petenda
1354 3632 1450 3701 regula
1466 3634 1514 3701 sit,
1532 3648 1603 3703 quos
1627 3636 1739 3691 Veritas

920 3721 980 3790 ipsa
998 3721 1137 3787 instituit,
1153 3720 1181 3772 ni
1194 3720 1603 3790 qnoqneditinitusinspirati
1616 3722 1739 3793 digitum
1806 3708 1809 3714 ’

920 3809 1073 3864 intendunt
1085 3810 1118 3863 ad
1136 3808 1248 3877 pultica
1262 3809 1445 3880 documenta,
1463 3817 1493 3864 nt
1504 3815 1663 3879 temporum
1679 3825 1694 3866 a
1710 3826 1740 3866 sc

918 3898 1133 3969 designatorum
1150 3897 1328 3952 characteres
1343 3899 1503 3953 ostendant.
1521 3900 1652 3954 Edictum
1676 3900 1739 3954 Cn-

920 3987 994 4041 saris
1016 3978 1139 4055 nugasn
1156 3987 1245 4042 Lucas
1265 3994 1475 4050 commemorat,
1498 4003 1561 4043 erran
1583 3989 1740 4057 descriptio

921 4076 1064 4144 priorsub
1077 4076 1200 4144 Quirino
1213 4075 1374 4130 adhihenda
1394 4084 1437 4131 est
1461 4078 1495 4132 ad
1510 4091 1616 4132 annum
1631 4077 1739 4132 Christi

919 4165 1040 4220 natalem
1073 4166 1267 4220 indicandum.
1299 4166 1431 4234 Ejusdem
1460 4180 1525 4221 vero
1549 4166 1684 4235 baptismi
1708 4179 1741 4221 ac

919 4256 1078 4323 magisterii
1095 4255 1211 4308 exordia
1229 4259 1260 4308 nt
1274 4256 1405 4309 enuntiet
1420 4269 1451 4309 ac
1477 4255 1579 4311 liberet
1605 4256 1639 4310 att
1663 4256 1740 4312 omni

918 4344 1104 4412 obscuritate,
1121 4350 1248 4398 recenset
1268 4351 1328 4399 tum
1346 4358 1451 4413 sacros,
1470 4351 1528 4400 tuna
1552 4345 1654 4400 civiles
1678 4359 1742 4400 ma«-

879 4435 1068 4517 Dgistratus,
1080 4435 1129 4502 qui
1143 4442 1279 4503 potestate
1296 4433 1409 4504 publica
1423 4440 1483 4488 tum
1495 4435 1633 4502 temporis
1646 4433 1742 4505 lunge

920 4522 1024 4577 bantur
1042 4522 1068 4575 in
1090 4537 1122 4577 ea
1138 4524 1253 4592 regione
1269 4523 1317 4578 ubi
1339 4523 1511 4594 gerebantur
1524 4523 1576 4578 illa
1599 4538 1661 4593 quae
1683 4524 1740 4578 sihi

919 4611 1106 4668 describenda
1122 4626 1182 4666 esse
1200 4619 1313 4665 noverat
1330 4613 1359 4665 in
1372 4612 1523 4682 Evangelio
1536 4632 1540 4663 :
1554 4611 1635 4665 Aureo
1646 4614 1741 4680 quinto

919 4701 1033 4768 decimo,
1053 4702 1159 4771 iniquit.
1178 4703 1287 4769 impoli
1309 4702 1410 4756 Tiberii
1435 4700 1559 4759 aaaron,
1575 4706 1741 4769 procreante

923 4792 1015 4845 Pontio
1052 4791 1140 4842 Pilato
1170 4791 1301 4856 ladaorn,
1332 4790 1467 4843 tetrarcha
1501 4795 1589 4842 ratrlrnt
1624 4789 1743 4841 Galilaea

921 4880 1036 4939 lleroale,
1058 4879 1182 4945 Philippo
1197 4883 1286 4929 etalem
1302 4881 1391 4945 [rutro
1406 4879 1465 4944 ap'ns
1481 4876 1615 4930 tetrarcha
1626 4876 1740 4942 lluraea’,

921 4973 946 5021 et
954 4966 1154 5020 Traeltonilt'tlis
1164 4966 1291 5031 angionis.
1301 4970 1326 5016 el
1338 4967 1459 5031 apronia
1467 4965 1585 5017 Abitinae
1594 4962 1742 5034 tetrarcha,

923 5058 973 5110 sah
984 5055 1157 5125 participibus
1180 5053 1349 5106 sacer-dotum
1370 5052 1453 5104 Arana
1470 5056 1495 5105 et
1510 5051 1624 5121 Caipltc,
1640 5054 1744 5118 inclara

925 5145 1084 5200 caleartium
1098 5146 1206 5197 llomt'ni
1222 5158 1303 5211 stipor
1317 5145 1447 5196 loannem·
1465 5141 1603 5195 Zachariae
1615 5142 1703 5211 filium
1717 5143 1746 5194 in

927 5235 1039 5289 desolo.
1054 5234 1120 5302 Quae
1136 5233 1203 5288 dnm
1228 5232 1379 5288 observant
1392 5236 1499 5285 veteres
1515 5231 1621 5299 Patres,
1645 5235 1745 5299 praeter

928 5323 1060 5392 mysteria
1075 5321 1166 5375 sacris
1187 5321 1292 5374 litteris
1312 5333 1423 5388 semper
1434 5319 1532 5375 insita.
1548 5317 1745 5374 cansasetiam

929 5412 1076 5480 reperiunt
1093 5412 1131 5464 ita
1147 5409 1305 5463 deducendi
1327 5424 1375 5478 per
1399 5409 1568 5463 ‹lacurnenta
1594 5405 1706 5475 publica
1720 5411 1749 5460 et

929 5502 1059 5570 proxima
1069 5505 1176 5554 meotes
1186 5499 1331 5552 hoxrtinum
1341 5499 1374 5552 ad
1391 5497 1599 5567 percipiendam
1610 5494 1750 5549 attentius

927 5603 958 5645 ac
975 5590 1103 5645 tenacius
1118 5587 1293 5643 retinendam
1307 5587 1464 5641 veritatem.
1484 5585 1522 5639 De
1537 5583 1625 5653 priori
1644 5584 1749 5638 etenim
