3892 6136
64 315 137 376 4409
497 316 655 375 HISTORIA
673 318 719 375 DE
736 318 826 376 vitis
844 317 929 395 44044.
948 319 1048 376 ΡΟΝΤ.
1067 349 1101 362 -
1119 320 1148 377 S.
1168 320 1290 378 Sle’US
1308 323 1342 378 44.
1698 326 1769 386 4440
1864 356 1870 369 =

186 437 299 500 autem
324 437 533 503 Laurentius
559 437 718 520 sepultus
735 442 785 503 est
810 438 870 502 aiu
900 437 1098 520 Tiburtina,
1125 439 1162 504 in
1187 442 1373 506 caemeterio
1397 445 1587 526 cyriacetis,
1617 447 1658 512 iu
1684 464 1768 531 apro
1795 450 1809 473 ¹

186 547 315 611 Vareno
347 545 387 609 in
411 551 535 628 erupta
555 563 632 610 cum
653 545 730 608 eliis
757 543 875 608 multis
901 547 1120 628 martyriBus,
1152 566 1187 611 1v
1213 550 1300 614 Idus
1313 549 1473 632 Aucusti,
1489 554 1522 615 et
1535 554 1679 617 cessavit
1693 554 1768 636 epi-

184 655 340 731 scopatus
355 651 425 716 dies
445 652 767 734 trigintaquinque.

645 777 892 842 CATALOGUS
910 777 989 842 SUB
1004 779 1183 843 LIBERIO.

104 875 220 939 Sixtus
241 874 341 939 anuis
355 872 497 953 duobus,
513 874 686 938 mensibus
706 875 873 956 undecim,
890 874 1008 938 dicbus
1023 894 1094 940 sex.
1121 876 1260 956 Ooepita
1287 878 1464 941 consulatu
1483 880 1623 944 Maximi
1636 883 1670 945 et
1683 883 1764 946 Gla-

61 973 203 1054 brionis,
237 990 344 1054 usque
373 973 478 1035 Tusco
491 974 524 1036 et
552 974 665 1052 Basse,
693 975 727 1035 et
755 990 874 1054 passus
900 975 950 1037 est
973 993 1032 1038 vin
1055 973 1134 1039 Idus
1167 975 1352 1055 Augusti...
1376 994 1397 1039 a
1419 977 1595 1044 consulatu
1619 980 1719 1043 Tusci
1737 987 1771 1045 et

60 1071 171 1153 Bassi,
183 1070 336 1153 usquein
347 1070 436 1134 diem
446 1088 504 1135 vin
518 1070 689 1135 Kalendas
703 1072 862 1151 Augusti,
876 1072 1056 1135 AEmiliano
1069 1075 1102 1136 44
1123 1075 1226 1137 Basso
1240 1073 1445 1138 consulibus.

705 1189 851 1252 VARIAE
880 1188 1126 1253 Lectiones.

192 1287 216 1343 Α
236 1286 276 1340 ud
299 1284 460 1341 Fetrctium
478 1299 512 1340 eu
531 1284 620 1340 codice
643 1286 763 1343 4444444.
903 1289 933 1349 Α
946 1298 997 1341 4444
1013 1286 1054 1342 id.
1066 1286 1137 1359 lup.
1151 1286 1321 1344 Fuitautem
1335 1302 1352 1346 a
1364 1289 1517 1346 consulatu
1527 1290 1644 1347 Maximi
1658 1294 1688 1348 44
1702 1290 1770 1349 Gra·

101 1359 182 1417 Num.
234 1359 305 1425 ,tiu
318 1353 343 1422 4,
356 1357 388 1426 B,
405 1364 433 1412 et
449 1355 650 1426 philosophus.
665 1358 715 1412 tiu.
725 1354 752 1422 7,
765 1359 796 1423 n,
813 1357 890 1414 Gra·
945 1358 1043 1413 rionis
1058 1370 1078 1412 ii
1093 1359 1230 1429 usquead
1258 1372 1337 1417 coris.
1355 1361 1441 1417 Tusci
1455 1367 1482 1417 44
1495 1363 1585 1434 Bassi,
1613 1376 1714 1432 passus
1726 1369 1771 1421 est

61 1429 162 1486 viciis
184 1429 315 1485 44444444.
333 1428 392 1483 AB.
409 1442 501 1500 usque
516 1428 551 1484 ati
577 1429 702 1485 Tuscum
718 1434 747 1483 et
758 1428 887 1499 Bassum,
944 1442 996 1485 xiii
1013 1429 1047 1484 ii.
1057 1430 1088 1484 ii.
1102 1430 1152 1484 liu.
1166 1427 1193 1501 9,
1205 1428 1594 1500 possedissetnutcaiiin
1608 1434 1655 1490 via
1665 1433 1769 1508 Appia,

60 1504 93 1558 et
103 1514 118 1556 a
129 1499 282 1557 consulatu
290 1500 377 1557 lusci
393 1504 421 1556 et
435 1499 525 1555 Bassi.
540 1498 590 1553 tin.
604 1497 631 1566 9,
647 1499 822 1571 urgebatur:
838 1501 887 1556 lin.
943 1500 1098 1557 Giiiacetes
1109 1501 1137 1557 iii
1151 1503 1271 1574 agrcv,
1284 1503 1313 1559 in
1325 1511 1424 1576 crypta
1436 1517 1501 1562 cuin
1511 1505 1548 1561 ai.
1561 1520 1599 1561 m.
1609 1518 1646 1561 m.
1659 1511 1770 1564 etcess.

60 1571 125 1628 ead.
140 1575 166 1626 ei
191 1569 233 1638 40,
250 1571 308 1638 tn,
335 1575 399 1640 pcst
421 1571 534 1627 tertiam
549 1570 626 1625 diem
670 1585 754 1627 assus
769 1576 822 1629 est.
836 1572 886 1627 iiii.
943 1584 987 1642 ep.
1002 1570 1030 1627 d.
1042 1569 1089 1628 35.

62 1640 181 1712 44,.444,
208 1655 272 1698 nain
293 1655 342 1698 sei
361 1641 486 1699 diaconi.
509 1642 558 1696 liu.
580 1638 624 1712 46,
661 1641 819 1714 ,cyriacis
837 1644 887 1699 itu.
1063 1661 1151 1732 Apud
1172 1661 1343 1718 ponponium
1371 1667 1396 1719 ep
1411 1663 1645 1720 mapparum,

61 1711 109 1788 ⁴⁸²
123 1711 431 1853 *Bituitus
608 1788 634 1840 u
946 1746 1770 1899 ..44444444444444444444444

63 1854 888 2000 ..ltiliilttlt‘lttltlllt·{nillil
942 1889 1769 2037 effip,‘.,¹gg⁵,?,³,·,pp,⁴„g²,pg;,pvpgppppgpppcgpff

61 1999 95 2056 d.
112 2004 134 2056 t.
150 1997 171 2055 i.
186 2013 224 2054 m.
241 2014 267 2070 p.
290 2001 321 2055 il.
337 2003 358 2055 4.
381 1998 632 2068 comprehensusa
647 1999 708 2055 Val.
727 2000 776 2054 ltu.
792 1997 818 2054 4.
835 2000 886 2070 qui

62 2077 145 2128 cont.
158 2085 183 2141 p.
197 2071 230 2128 V.
244 2075 272 2127 44
285 2083 347 2142 cap.
365 2074 400 2127 44.
418 2076 471 2135 est,
485 2075 513 2126 44
529 2083 594 2126 cuni
606 2083 640 2126 ec
655 2083 703 2126 sex
724 2071 800 2127 diac.
814 2071 843 2126 F.
860 2075 888 2127 et

61 2143 97 2198 n.
109 2144 171 2198 ian.
184 2144 263 2199 elma
287 2156 342 2199 uus
354 2141 539 2197 innocentius
551 2148 579 2197 44
591 2141 620 2197 S.
632 2138 887 2211 iiu.i,Gravionis.

62 2211 435 2357 ⁸,
452 2211 888 2355 9⁸
943 2251 1095 2318 urus
1582 2267 1617 2311 ει
1829 2272 1832 2277 ,

61 2357 148 2414 em,
160 2357 190 2412 L·
207 2356 285 2412 mh·
301 2357 378 2425 ejus·
397 2357 446 2409 „no
469 2351 512 2425 43,
529 2356 616 2412 duos·
639 2357 701 2425 ,pse
725 2369 791 2413 vem
804 2354 823 2411 s·
837 2357 886 2413 „nt
943 2319 1000 2375 444.
1014 2325 1081 2391 444,,
1100 2334 1134 2377 ei
1151 2322 1325 2407 presbpteris
1344 2324 1472 2392 ianuar,
1491 2328 1545 2380 etc.
1562 2325 1612 2380 tia.
1631 2321 1673 2391 44,
1702 2324 1767 2381 Vnt.

66 2425 114 2484 46.
131 2429 160 2483 44
173 2427 266 2484 siniit.
278 2429 446 2484 Praetextatc
460 2426 509 2483 444
521 2425 684 2498 4444444444,
699 2427 728 2484 iii
743 2426 890 2487 cimiterio
943 2395 970 2446 ‘³‘
985 2393 1058 2460 44440
1076 2405 1125 2449 ⁸⁰¹
1139 2393 1266 2496 ⁶¹³⁰⁰¹¹¹s
1282 2397 1332 2450 ²²¹¹·
1356 2393 1400 2458 ω’
1427 2395 1502 2497 Q·
1516 2393 1562 2460 26²
1590 2393 1711 2498 414495·

62 2497 216 2570 cmm,
1085 2480 1172 2551 Apud
1192 2483 1303 2538 Pettium
1330 2498 1363 2539 eu
1388 2483 1478 2539 codtee
1501 2483 1625 2540 Curensi.

278 2570 323 2625 iia
334 2569 424 2624 codice
444 2568 662 2625 i'iiucucuitero.
978 2566 1078 2640 Liui,
1089 2570 1207 2626 Maximi
1218 2574 1247 2627 et
1257 2570 1394 2629 ilarionis
1409 2586 1519 2644 iusque
1528 2573 1654 2629 Tuscum
1664 2577 1692 2630 et
1700 2573 1768 2629 Bas·

99 2640 165 2696 Diu.
179 2638 205 2707 4,
218 2639 294 2698 sedit
307 2653 414 2697 annum
428 2638 453 2711 4,
472 2654 510 2696 m.
522 2638 556 2697 40
581 2640 609 2696 4.
622 2638 667 2698 43.
684 2641 733 2696 iia.
744 2637 772 2713 B,
788 2654 889 2713 magna
944 2654 1019 2711 sum,
1031 2654 1048 2698 a
1059 2640 1211 2698 consulatu
1221 2643 1343 2699 Tusciet
1354 2645 1434 2700 Bassi
1445 2658 1536 2715 iisque
1548 2644 1669 2701 iiiiiial.
1680 2645 1767 2718 nup,

63 2709 347 2786 persecutores,
364 2711 450 2768 ieiic.
467 2712 538 2786 Aga.
556 2680 619 2769 444.
634 2714 673 2782 M,
690 2713 721 2770 v.
736 2717 764 2769 44
778 2712 890 2770 subtile
904 2702 932 2766 B
944 2717 998 2768 etc.
1016 2714 1065 2768 tiu.
1083 2709 1126 2784 44,
1147 2714 1218 2770 Nam
1240 2727 1269 2770 vi
1282 2714 1400 2773 diaconi
1415 2715 1589 2786 supradicti.

726 2830 850 2895 NOTAE
874 2830 1107 2894 VARIORUM.

361 2927 584 2985 ALTASEBRAE.
939 2927 998 2985 Sub
1013 2928 1105 2995 Gallo,
1121 2931 1150 2984 et
1160 2926 1319 2985 Volusiano
1345 2941 1426 2985 sacra
1436 2928 1566 3000 ipolitus
1580 2930 1690 2989 indicta
1705 2946 1768 2991 esse

100 3013 224 3074 pineas,
235 3045 271 3058 -.
284 3017 320 3072 Et
338 3021 399 3087 post
411 3019 566 3087 passionem
582 3017 654 3072 peaes
670 3017 742 3073 xisti
754 3021 816 3088 poss
827 3021 886 3073 ter.
939 3013 1027 3082 supra
1043 2999 1188 3082 vidimus:
1203 3000 1248 3082 sic
1259 2999 1313 3056 sub
1327 3000 1478 3084 Valeriano
1493 3002 1552 3057 alia
1574 3002 1768 3086 inponuntur

62 3091 106 3145 iia
118 3089 269 3157 cupessas
282 3092 358 3144 estet
372 3089 466 3143 beatus
487 3089 653 3144 Laurentius
668 3090 727 3158 ejus
741 3090 887 3144 credidis·
940 3071 1075 3154 gentibus
1085 3069 1229 3152 ⁵³⁰l¹fl⁰¹³
1248 3071 1367 3153 444004·
1383 3072 1468 3128 444014
1487 3074 1767 3158 04444104441004·

62 3175 159 3216 ccuus.
174 3158 454 3216 B.1.aurentiusiuil
465 3159 688 3217 archidiaconus
699 3161 790 3223 Xisti,
802 3175 886 3231 quem
941 3155 1026 3224 ‘¹³⁰9
1040 3141 1378 3225 fflfl¹³Bd¹,iii⁰i081‚fflffls
1394 3149 1422 3199 θῑ
1443 3145 1564 3228 44444444
1584 3144 1767 3228 ,0444504404

63 3232 100 3288 ad
120 3229 288 3302 martyrium
318 3236 516 3302 properantem
537 3234 565 3287 et
582 3231 638 3301 ipsi
653 3232 688 3288 ad
717 3232 886 3302 martyrium
941 3213 1115 3296 Macilentis,
1135 3228 1187 3283 qui
1201 3212 1399 3297 AEgyptiorum
1415 3228 1507 3271 sacris
1523 3219 1669 3298 initiatus,
1686 3218 1762 3286 apud

63 3302 205 3359 anseisus
218 3302 372 3360 assacinis
386 3301 577 3375 statusque
592 3302 692 3359 retain
706 3301 837 3359 umcros.
852 3303 888 3359 ia
940 3283 1124 3367 vaiarianlm
1148 3297 1289 3368 sunnam
1302 3283 1450 3341 0bt¹¹¹⁸b³1
1463 3291 1594 3368 granam.
1611 3288 1681 3371 can
1697 3301 1763 3372 vero

58 3372 140 3430 omo,
160 3373 212 3429 pp,
227 3388 319 3444 pepp,
335 3371 366 3430 pp
387 3373 473 3441 :th
495 3373 621 3429 sacerdo,
630 3379 731 3442 same,
748 3376 808 3430 sp„
820 3375 888 3430 dia.
942 3368 1059 3412 anxium
1073 3356 1183 3411 arderet
1207 3360 1407 3425 imperatorem
1422 3356 1457 3412 de
1477 3363 1558 3413 exitu
1572 3359 1679 3415 Persici
1694 3358 1762 3415 44444

60 3460 128 3500 cono
137 3461 268 3516 properus
283 3449 297 3500 i
310 3450 364 3502 etc.
391 3446 456 3502 voti
478 3458 604 3516 compcS,
630 3459 681 3503 set
694 3450 759 3518 pcst
784 3446 888 3503 diebus
943 3427 1135 3511 ilnmmenblst
1147 3427 1297 3510 4404044444
1314 3432 1466 3512 4444440048
1482 3429 1764 3514 ῙΜΡΘΓῙΠΨΡΨῙἮ·

62 3518 234 3587 mmmmm
255 3531 358 3589 passu,
370 3521 424 3575 esp,
941 3504 990 3568 sit,
1011 3513 1036 3554 si
1053 3500 1154 3554 isiacis
1165 3497 1341 3570 AEgyptiacis
1357 3505 1533 3556 initiaretur.
1550 3521 1563 3554 s
1580 3503 1764 3560 initiationes

940 3576 1047 3638 autem,
1060 3570 1173 3641 impura
1182 3570 1407 3626 etabominanda
1419 3570 1568 3640 maleficia,
1580 3579 1608 3628 44
1623 3574 1766 3630 martisia

393 3622 542 3680 BENClNl·
940 3641 1115 3697 exsecranda
1139 3654 1273 3713 peragere
1285 3654 1349 3696 euin
1360 3642 1461 3712 jussit,
1478 3661 1492 3692 4
1509 3644 1552 3699 uti
1566 3643 1670 3700 scribit
1683 3647 1767 3701 Busa·

97 3712 183 3768 linea
206 3709 235 3769 4.
248 3741 282 3753 -
297 3713 360 3768 Fuit
372 3717 463 3768 eutem
487 3714 651 3785 temporibus
679 3715 832 3782 Valeriam,
861 3720 887 3772 et
940 3711 1008 3769 iiius
1020 3713 1040 3768 i.
1057 3726 1107 3784 vu,
1120 3727 1144 3768 c.
1169 3709 1209 3768 40.
1223 3712 1316 3767 Talem
1331 3714 1486 3781 potentiam
1498 3714 1572 3783 apud
1585 3715 1766 3772 Valerianum

61 3785 138 3841 Decii
152 3790 332 3854 contempora
359 3787 416 3853 suit
438 3789 560 3841 murima
579 3788 780 3856 perstruunt
800 3786 885 3843 Decio
940 3785 1103 3840 Marcianus
1130 3783 1269 3854 obtinuit,
1287 3788 1318 3838 444
1345 3783 1460 3852 imperii
1485 3786 1562 3842 vices
1585 3788 1766 3844 concreditas

60 3855 131 3912 dum
142 3855 171 3910 iii
185 3854 312 3911 clericali
328 3856 491 3912 ministerio
501 3857 672 3913 eratSixtus
682 3870 746 3914 curii
762 3858 886 3929 reliquis
941 3854 1085 3919 habuerit,
1109 3856 1177 3912 durii
1198 3856 1338 3910 adversus
1363 3855 1463 3911 Persas
1487 3857 1645 3914 exercitum
1674 3859 1766 3929 impe·

60 3925 97 3982 de
108 3926 184 3983 clero
196 3926 315 3983 excellit
331 3927 435 3983 merito
453 3931 511 3983 ueri
525 3931 698 3996 confessoris,
717 3928 792 3999 quod
809 3927 885 3984 inira
940 3933 1019 3983 rator
1030 3927 1162 3983 ducebat.
1188 3925 1218 3981 id
1244 3930 1356 3982 constat
1368 3939 1402 3982 ex
1414 3927 1542 3985 Pollione
1554 3929 1678 4000 dicente,
1691 3930 1766 4002 quod

61 3997 191 4054 dicitur:
206 4014 259 4068 quc
274 4003 389 4069 tempore
406 4002 555 4055 sanissima
567 4003 753 4071 persecutione
771 4001 886 4068 arpena·
938 3996 1109 4054 Valerianus
1126 3999 1161 4053 de
1183 3997 1292 4052 vicaria
1322 3998 1436 4068 imperii
1459 4006 1599 4070 potestate
1622 4003 1768 4058 Macriano

61 4072 109 4123 tur
132 4070 225 4124 beatus
244 4070 339 4125 sistus
359 4072 410 4127 sub
434 4074 520 4126 Decio.
537 4071 678 4143 Utrosquc
698 4071 885 4141 imperatores
939 4070 1043 4126 coliata
1053 4070 1092 4125 444
1103 4075 1233 4126 senatum
1244 4073 1354 4125 certum
1365 4069 1450 4126 iecit:
1465 4074 1585 4129 «Patres
1596 4075 1708 4130 consui
1732 4075 1768 4144 44,

62 4139 92 4195 44
102 4140 267 4210 pontificem
277 4140 627 4214 ferocientesdesignavit,
640 4143 759 4198 Decium
769 4144 797 4198 iu
811 4143 884 4213 prio·
939 4139 1047 4196 bellum
1058 4141 1204 4197 Persicum
1221 4154 1333 4212 gerens,
1346 4143 1491 4200 Marciano
1507 4149 1594 4200 totam
1609 4089 1768 4217 rempubli-

61 4210 146 4268 iibus
157 4212 262 4269 edictis
276 4214 413 4271 adversus
426 4213 546 4270 ciericos
556 4215 683 4278 emissis,
701 4214 883 4270 Valerianum
939 4226 1000 4268 rain
1015 4211 1334 4281 tradidi.uQuaeesseut
1345 4213 1547 4271 initiationum
1560 4217 1669 4286 species
1679 4217 1769 4287 pluri·

61 4289 242 4340 renovantem
257 4285 362 4356 edicta,
381 4293 410 4342 44
426 4287 664 4355 persecutionem.
692 4287 771 4342 Decii
788 4299 882 4356 porro,
899 4285 923 4348 G
939 4282 993 4340 bus
1005 4283 1705 4359 prosequituriipuieiusiibiietxiiMetaioorpii.
1720 4290 1769 4344 Va·

59 4358 89 4410 et
98 4353 244 4411 Valeriani
263 4369 317 4412 una
328 4364 356 4412 44
371 4358 466 4413 eadent
484 4357 645 4427 persecutio
662 4362 806 4425 censetur,
829 4357 883 4413 etsi
940 4355 1068 4412 ieriauus
1080 4357 1178 4426 44444444
1190 4356 1328 4411 Macriani
1342 4357 1466 4426 impulsa
1476 4371 1562 4415 novas
1575 4360 1626 4415 iias
1638 4373 1769 4416 44444444-

59 4424 113 4481 4444
129 4425 296 4484 intermedii
311 4430 457 4499 principes
474 4429 689 4499 imperaverint.
705 4429 777 4484 iiiuc
793 4429 885 4485 Euse-
940 4427 1061 4498 uiaspro
1072 4425 1767 4498 4444444444444444444444444444444444444444444·

59 4494 129 4552 liius
139 4496 191 4553 lib.
214 4512 276 4568 4444,
305 4512 368 4571 cap.
388 4498 415 4568 4,
430 4514 494 4556 cuin
509 4500 546 4556 de
568 4500 666 4556 initiis
683 4499 884 4556 Diocletianae
938 4500 995 4553 ctis
1007 4498 1155 4569 publicare
1166 4499 1270 4554 voluit.
1281 4498 1635 4571 Dequibusinteiligenda
1646 4501 1769 4556 veniunt

58 4566 220 4625 subsecutae
231 4572 440 4640 persecutionis
450 4570 591 4642 loquitur,
603 4573 642 4628 ita
651 4570 767 4627 scribit:
780 4589 794 4623 4
805 4572 885 4628 lunc
938 4570 1024 4626 44444
1038 4570 1067 4625 44
1083 4571 1204 4640 antiqua
1224 4569 1318 4624 saneti
1330 4569 1466 4639 cypriani
1482 4571 1626 4638 passione,
1642 4585 1705 4641 quae
1721 4571 1764 4627 sic

58 4639 354 4714 enimdiaboius,qui
369 4648 536 4713 potestatam
548 4643 759 4713 nccepltiiujus
771 4645 884 4709 muudi,
940 4639 1055 4697 habent.
1069 4641 1155 4696 initio
1166 4652 1244 4708 oper.
1256 4639 1286 4695 S.
1300 4638 1433 4709 Cypriani
1451 4657 1458 4694 :
1473 4658 1486 4692 4
1503 4642 1697 4697 sacratissimi
1713 4642 1765 4698 im·

59 4717 199 4782 4444444444
210 4725 244 4769 ex
256 4713 515 4785 altissimcsopore
530 4715 650 4771 excitari
668 4715 762 4785 primo
777 4715 885 4786 coepis-
940 4719 1085 4783 peratores
1102 4710 1284 4778 Valerianus,
1313 4717 1342 4766 44
1366 4710 1526 4782 Gallienus,
1544 4712 1657 4770 litteras
1669 4713 1704 4769 ad
1721 4725 1765 4769 me
1839 4767 1843 4771 .

58 4786 113 4850 set,
127 4788 156 4837 44
171 4789 234 4853 post
248 4784 321 4841 illud
334 4788 472 4856 temporis
487 4785 681 4848 intervalium,
694 4787 769 4858 quod
785 4799 884 4857 perse-
939 4785 1007 4840 dare
1021 4783 1134 4854 dignati
1149 4789 1227 4847 sunt,
1243 4781 1350 4852 quibus
1363 4789 1569 4853 praeceperunt,
1583 4797 1632 4842 eos
1648 4785 1698 4856 qui
1713 4785 1768 4841 Bo·

58 4853 205 4910 cntionem
220 4856 311 4925 Decii,
327 4864 356 4914 et
371 4858 515 4914 Valeriani
529 4857 716 4914 subsecutum
743 4864 797 4928 est,
810 4857 883 4913 ciam
940 4867 1051 4910 mariam
1069 4853 1236 4926 religionem
1262 4865 1318 4908 non
1346 4853 1455 4923 colunt,
1483 4855 1605 4911 debeant
1621 4855 1764 4912 Romanas

58 4923 209 4994 adiacet
223 4927 334 4985 occulte
358 4929 549 4985 insidiaretur
564 4928 707 4985 Ecclesiae.
730 4928 783 4984 Ubi
799 4941 884 4985 uuam
940 4927 1125 4983 ceremonias
1149 4937 1361 5008 recognoscere.
1383 4927 1517 4996 »Nempe
1542 4940 1617 4997 quas
1643 4926 1762 4998 speciali

58 4997 246 5068 umdemque
262 5001 488 5069 persecutionem
506 5000 591 5057 444444
605 5015 621 5056 4
636 5000 722 5056 Decio
737 5001 886 5056 exordien-
940 4996 1024 5054 modo
1044 5011 1095 5053 sua
1115 4997 1282 5052 initiatione
1296 4997 1472 5068 peragendas
1483 4998 1647 5055 decreverat
1658 5012 1691 5054 44
1702 4999 1764 5055 444-

58 5071 129 5135 tem,
149 5073 177 5125 et
188 5069 218 5125 lii
232 5070 386 5128 Valeriano
413 5072 570 5128 linientem.
587 5071 744 5143 Quomodo
761 5073 885 5128 444444-
939 5069 1031 5125 ciiani
1042 5068 1181 5139 impulsu.
1198 5069 1373 5137 Praeceptum
1388 5068 1530 5126 directum
1545 5075 1590 5125 est
1604 5071 1638 5126 ad
1654 5071 1763 5141 episcc

57 5137 132 5209 titis,
146 5139 181 5196 de
192 5142 336 5199 Mortibus
350 5157 456 5214 perseo.
471 5157 534 5213 cap.
551 5142 587 5200 5:
608 5146 693 5200 aNoii
710 5143 800 5201 mullo
821 5148 884 5212 post
939 5139 1234 5212 pos,etpresbyieros,
1248 5146 1279 5195 ut
1290 5139 1348 5194 ibi:
1363 5140 1448 5196 «Nori
1460 5139 1553 5197 solum
1563 5141 1764 5211 coepiscopis,

55 5209 230 5269 Valerianus
265 5227 358 5285 noque
383 5227 439 5270 non
462 5214 600 5272 dissimili
620 5215 646 5287 (a
667 5215 761 5285 Decio,
778 5216 813 5273 de
828 5227 885 5286 qua
939 5224 1038 5268 verum
1057 5213 1144 5268 etiam
1157 5212 1192 5268 de
1215 5209 1390 5282 presbyteris
1412 5211 1482 5267 milii
1506 5211 1632 5268 scribere
1646 5212 1760 5285 dignati

56 5280 175 5340 locutus
193 5228 263 5357 44444
290 5284 388 5343 lurore
410 5293 571 5358 correptus,
600 5287 704 5358 impius
729 5301 830 5344 manus
852 5286 884 5342 iii
940 5288 1017 5340 sunt.
1036 5302 1048 5334 4
1065 5284 1183 5340 omnem
1209 5296 1278 5339 iero
1298 5283 1474 5339 christianis
1487 5284 1651 5353 ademptum
1668 5285 1763 5343 iocum

55 5354 148 5410 Deum
172 5355 336 5427 intentavit,
352 5366 379 5414 et
406 5360 539 5429 muitum,
557 5360 689 5430 quamvis
707 5359 786 5416 44444
810 5362 886 5414 44444-
941 5355 1043 5412 orandi
1067 5354 1164 5411 eodem
1182 5353 1565 5426 praceptosignilcaotiiaec
1577 5354 1635 5412 alia
1650 5355 1758 5412 verba:

57 5437 129 5496 pore
149 5425 223 5496 lusti
252 5431 407 5501 sauguinis
428 5428 514 5486 iudlt.
532 5448 544 5480 4
561 5431 619 5500 nit,
639 5431 817 5488 vannorum
830 5444 886 5485 uos
942 5428 1276 5496 «Praeceperunietiain,
1289 5425 1609 5496 ueinaliquibusiocls
1623 5427 1764 5484 coucilia·

55 5496 190 5552 insimili
202 5499 300 5566 surore
319 5500 417 5558 lideies
431 5502 602 5558 insectatum
616 5514 689 5569 esse,
702 5508 734 5557 ut
748 5501 886 5557 ostende·
941 5498 1009 5554 buia
1020 5497 1099 5568 dant,
1117 5510 1152 5552 ue
1169 5497 1331 5553 coemeteria
1347 5497 1557 5568 ingrediantur.
1576 5497 1605 5553 Si
1619 5501 1687 5571 quis
1702 5499 1757 5556 itu-

58 5573 103 5625 ret
113 5567 244 5626 Deciana
257 5572 466 5642 persecutionis
480 5572 589 5628 limites
612 5573 768 5629 sumendos
779 5585 813 5628 ex
827 5574 885 5629 Va·
942 5583 997 5641 que
1009 5569 1061 5625 iicc
1071 5567 1366 5640 sulubrepraeceptum
1381 5581 1437 5624 iicii
1452 5568 1656 5640 observaverit,
1669 5572 1765 5642 capite

56 5638 166 5697 lariani
176 5639 271 5712 obitu,
283 5645 334 5715 qui
345 5644 446 5701 iisdem
456 5644 562 5702 edictis
572 5643 889 5700 Decianisccntinuan·
902 5626 931 5689 D
943 5642 1093 5712 plectatur.
1110 5641 1238 5696 »Eadem
1252 5641 1390 5710 Dionysio
1400 5638 1480 5696 ilex.
1495 5641 1630 5698 intimata
1645 5656 1707 5700 esse
1718 5659 1764 5701 su·

55 5711 124 5771 daiii
137 5713 253 5772 censuit
265 5715 296 5773 iu
310 5714 434 5775 ciericos
450 5715 569 5788 majoris
581 5715 696 5775 ordinis
708 5715 888 5788 paisecutic-
939 5726 993 5842 fra
1008 5712 1145 5769 uidimus.
1170 5712 1354 5769 initiationes
1381 5725 1466 5795 porro
1480 5712 1663 5785 AEgyptiacae,
1678 5714 1763 5787 vulgo

56 5794 134 5843 item.
953 5785 1049 5856 siacu,
1076 5782 1174 5841 multe
1199 5790 1281 5841 erant
1296 5796 1330 5840 ac
1345 5796 1442 5852 44444,
1472 5798 1593 5856 quarum
1622 5787 1763 5856 potiorem

94 5852 183 5915 44444
202 5852 233 5915 ’4.
247 5855 369 5928 -ilitta
392 5858 699 5947 nampracepta
731 5858 883 5919 4444444444.
940 5854 1767 5932 partemtauoatisltorisenarrattpiileics.ilaspracipus

943 2035 1033 2090 conis.
1050 2036 1130 2089 iiuuc
1143 2037 1228 2091 iocum
1248 2053 1281 2092 aa
1297 2038 1381 2093 Gestis
1395 2039 1602 2108 inutilitatibus
1631 2042 1697 2094 44444
1711 2040 1769 2095 ilc-

943 2105 1062 2175 duipitus
1103 2109 1247 2176 esbptert'it
1260 2109 1534 2181 Vitanccauupud
1541 2113 1698 2178 Bracarum,
1711 2112 1769 2167 Ait·

944 2179 993 2246 tip.
1009 2178 1060 2233 Fui
1096 2193 1137 2234 us.
1152 2179 1199 2233 tto.
1211 2177 1460 2252 tripliplicem
1472 2182 1615 2251 culpatum
1626 2183 1766 2236 tectionem
