3892 6136
179 168 233 228 iiii

568 172 616 229 in
640 173 856 230 anisiisibii
879 174 1136 232 PROLEGOHENA
1162 176 1250 232 noli.
1271 176 1487 234 noni-vario.

1831 178 1886 239 tao

181 301 255 356 stola
278 301 467 373 conspicitur,
489 301 573 373 longe
591 305 635 356 est
648 314 665 356 a
680 302 794 357 Damasi
810 303 893 373 stylo,
907 308 935 358 et
956 303 1003 358 io-
1015 303 1198 364 Asianorum
1213 304 1368 361 excessisse
1387 278 1589 377 cognoscatur.
1605 305 1640 362 lit
1658 304 1812 377 respondet
1823 307 1885 363 Da-

181 389 288 458 quendi
311 390 435 459 puritate
458 390 580 446 alienus.
607 389 712 460 Incipit
737 404 858 460 namque
881 391 1003 460 epistola

183 475 229 532 iris
244 476 355 533 verbis:
373 477 479 532 Gaudet
493 479 614 533 Ecclesia
628 482 677 531 toa
696 481 772 546 sonte
778 479 840 547 jam
854 480 967 547 satiatio,
978 482 1003 532 ct

181 566 300 636 amplius
330 569 391 621 sitit
420 569 565 623 curiositas
600 573 749 638 temporam
781 568 1001 622 sacerdotalium.

180 651 249 720 Quae
274 652 335 709 sola
358 652 486 710 sufficere
505 653 641 710 deberent
663 656 697 711 ad
713 655 863 726 epistolam
883 658 1002 711 Damaso

180 738 400 810 abjudicandam
417 758 423 796 :
439 746 626 812 preterquam
639 743 715 798 enim
729 743 804 813 quod
824 745 856 797 D.
870 743 1004 813 Hierony-

180 843 255 897 mus,
279 829 347 885 dum
375 843 480 885 munus
501 830 658 900 presbyteri
679 831 803 901 primum
827 830 1001 900 obtinuerat,

180 931 237 974 non
260 921 315 973 mm
340 918 430 974 muita
454 917 614 988 scripserit,
638 925 670 974 ut
692 919 847 975 Ecclesiam
868 918 1003 989 operibus

181 1006 245 1062 suis
256 1007 416 1077 repleverit,
436 1006 563 1077 adeoque
575 1020 672 1063 rerum
687 1020 742 1063 non
761 1007 800 1063 sit
815 1007 890 1079 quod
903 1007 1004 1063 Eccle-

181 1099 225 1155 sia
235 1098 292 1167 jam
307 1102 381 1152 esset
399 1094 492 1166 ipsius
505 1095 582 1151 fonte
595 1095 709 1165 satiata,
726 1095 931 1167 subjungitur:
946 1098 1005 1150 Ta-

179 1201 241 1241 men
258 1190 284 1239 ct
305 1184 425 1254 amplius
447 1186 508 1239 sitit
526 1185 670 1240 curiositas
682 1188 831 1255 temporam
844 1184 1004 1239 sacerdoto-

182 1276 259 1329 iiam.
274 1273 343 1342 Quae
353 1272 437 1329 rerba
447 1273 525 1329 sicut
538 1273 666 1342 ineptum
687 1285 802 1328 sensum
817 1273 950 1342 reddunt,
963 1273 1003 1328 ita

180 1366 301 1420 Damaso
314 1375 493 1434 nequaquam
515 1361 605 1418 tribui
627 1365 756 1432 possunt.
769 1359 844 1428 Quid
862 1361 938 1416 enim
958 1361 1004 1416 si-

181 1452 320 1526 gniiioant
346 1456 471 1521 tempora
499 1449 717 1507 sacerdotalia?
745 1452 817 1504 Num
844 1450 1004 1506 sacerdotes

1059 405 1154 447 masus
1166 392 1330 464 catalogum
1354 392 1520 462 pontiiieum
1538 406 1554 449 a
1568 394 1601 447 D.
1617 393 1789 463 Hieronymo
1806 394 1884 464 peti-

1057 484 1118 535 tum
1131 486 1187 535 eta
1206 494 1236 536 se
1257 481 1459 537 transmissum
1474 482 1621 537 continere
1634 483 1721 536 Actus
1735 487 1884 553 gesimam,

1057 573 1106 621 out
1119 573 1195 635 qesta
1203 571 1372 639 pontificum,
1386 568 1494 640 quibus
1505 583 1604 626 eorum
1618 568 1726 638 obitus,
1741 573 1771 625 ct
1782 570 1885 627 mortis

1058 669 1148 728 genus
1171 657 1384 714 adnectebatur.
1415 659 1454 712 De
1479 656 1639 713 bisantem
1672 656 1808 714 omnibus
1837 657 1884 713 vix

1058 745 1216 815 quidquam
1242 746 1384 815 reperitur
1407 747 1437 801 in
1457 745 1618 816 antiquiori
1642 744 1787 816 catalogo.
1813 746 1884 803 Nam

1058 832 1106 887 rix
1122 832 1181 890 ulla
1199 839 1277 904 gesta
1291 833 1461 903 pontiiicum
1478 834 1508 890 in
1521 847 1554 889 eo
1569 838 1842 904 commemorantur,
1857 838 1886 890 et

1059 920 1133 976 inter
1153 926 1195 977 tot
1211 922 1370 992 pontifices,
1394 926 1464 993 quot
1489 936 1506 978 a
1524 926 1623 978 sancto
1647 923 1730 977 Petro
1751 921 1885 991 apostolo

1058 1010 1199 1080 usquead
1218 1011 1371 1066 Damasum
1395 1024 1494 1081 papam
1511 1011 1657 1080 sederunt,
1675 1012 1789 1067 tautum
1807 1023 1884 1080 qua-

1058 1104 1125 1153 tuor
1138 1098 1275 1169 martyria
1287 1103 1501 1170 enumerantur,
1517 1098 1593 1154 Petri
1605 1097 1745 1154 nimirum
1760 1104 1790 1155 et
1802 1097 1884 1155 Pauli

1059 1186 1264 1258 apostolorum,
1275 1187 1311 1242 de
1326 1185 1433 1256 quibus
1447 1186 1575 1243 dicitur:
1590 1187 1688 1241 Petrus
1702 1200 1807 1257 passus
1824 1201 1885 1241 cam

1058 1275 1144 1328 Paulo
1159 1274 1203 1329 die
1221 1288 1253 1330 ιιι
1274 1275 1392 1330 Kalend.
1412 1275 1500 1341 iaiii;
1516 1273 1649 1330 Pontiani
1665 1274 1772 1344 dequo
1792 1272 1884 1330 reler-

1059 1369 1107 1418 tur
1118 1382 1125 1418 ε
1138 1366 1172 1418 in
1184 1364 1278 1418 eadem
1287 1364 1380 1419 inscio
1398 1362 1552 1435 (Sardinia)
1565 1364 1714 1418 discinctos
1727 1367 1768 1417 est
1780 1376 1809 1418 iv
1824 1365 1886 1417 lia-

1060 1451 1135 1506 lead.
1166 1452 1307 1518 Octobris;
1331 1451 1459 1520 Fabiani,
1485 1452 1520 1506 de
1535 1465 1592 1522 quo
1607 1457 1758 1507 narratur:
1784 1453 1885 1506 Ραιιιιι

181 1546 251 1598 tunc
264 1540 417 1611 imperium
430 1538 573 1608 tenebant,
586 1543 637 1595 aut
648 1545 716 1594 tunc
729 1538 854 1608 primum
868 1538 898 1593 in
912 1537 1006 1593 Eccle-
1058 1553 1112 1596 ιιιιι
1122 1541 1185 1594 ilai.
1197 1541 1295 1607 Febr.;
1309 1545 1338 1596 et
1354 1539 1499 1610 Cornelii,
1515 1541 1551 1596 dc
1566 1553 1623 1610 quo
1637 1540 1797 1595 asseritur:
1815 1539 1885 1595 cea-

181 1631 226 1688 sia
240 1644 302 1687 esse
313 1634 466 1700 coeperant,
484 1630 514 1684 in
531 1641 587 1700 qua
601 1633 667 1684 aute
680 1640 735 1684 non
749 1625 888 1682 lucranti
906 1600 1043 1683 NonneB
1059 1629 1199 1685 tamceiios
1224 1630 1354 1699 eapaisus
1366 1630 1406 1683 ibi
1427 1645 1488 1683 eom
1502 1629 1592 1697 pieria
1604 1629 1795 1683 dormitionem
1807 1644 1886 1684 occe-

180 1717 359 1790 iemporibus
388 1717 503 1773 Damasi
528 1730 606 1788 pape
638 1717 824 1786 imperatores
848 1715 1005 1788 regnabant
1056 1721 1108 1789 pit.
1125 1720 1230 1775 Horum
1254 1719 1350 1789 itaque
1369 1718 1537 1788 pontiiicum
1552 1717 1690 1787 martyria
1705 1717 1885 1774 solummodo

180 1808 257 1865 sicut
272 1807 325 1864 sub
337 1808 451 1863 Damasi
471 1804 728 1877 predecessoribus
741 1805 856 1875 imperii
868 1803 1005 1877 guberna·
1059 1812 1318 1864 commemorantur
1333 1806 1363 1862 in
1382 1806 1526 1877 catalogo,
1543 1805 1631 1877 quisi
1647 1819 1663 1861 a
1677 1807 1799 1862 Damaso
1814 1818 1886 1876 papa

179 1895 245 1952 cuia
265 1895 440 1952 tenuerant?
452 1895 482 1951 Si
499 1896 685 1965 imperatores
697 1899 762 1949 anic
775 1895 928 1950 Damasum
947 1909 1005 1965 gu·
1058 1896 1240 1965 conscriptus
1254 1901 1305 1951 aut
1324 1895 1381 1965 ipsi
1402 1892 1539 1964 probatus
1557 1891 1671 1961 luisset,
1689 1892 1798 1965 illeque
1812 1899 1887 1950 esset

179 1984 345 2054 bernarunt,
364 1983 389 2040 si
404 1988 488 2040 antea
503 1983 652 2053 pontifices
674 1987 702 2039 et
716 1984 877 2039 sacerdotes
896 1983 927 2038 in
948 1983 1005 2038 Ec-
1059 1985 1143 2054 cujus
1160 1984 1189 2039 in
1200 1983 1306 2039 litteris
1321 1984 1493 2038 mentionem
1510 1981 1602 2038 iacere
1618 1982 1804 2052 supponitur,
1821 1994 1887 2036 cre-

179 2073 268 2128 clesia
279 2073 462 2141 exstiterunt,
477 2073 558 2144 quid,
573 2085 679 2142 queso,
693 2070 751 2127 sibi
766 2071 867 2128 volunt
877 2076 1003 2143 tempora

180 2160 370 2216 sacerdotalia
384 2159 544 2225 ‘iQaamodo
564 2161 673 2215 sitiebat
689 2163 833 2218 curiositas
855 2168 1003 2232 temporam

180 2247 464 2303 sacerdotaliamian
477 2248 832 2308 curiositateducebantur
843 2252 1003 2308 sacerdotes

180 2336 217 2392 ad
232 2334 391 2391 audiendas
404 2348 421 2390 a
432 2336 465 2388 D.
481 2336 654 2406 Hieronymo
666 2338 917 2408 interpretationes
931 2339 1005 2395 Scri·

180 2431 341 2496 pturarum,
358 2424 542 2494 utquondam
556 2425 744 2482 Athenienses
758 2440 853 2483 rerum
866 2440 1004 2485 novarum

180 2513 281 2584 cupidi
302 2512 365 2569 ai).
391 2512 503 2569 Paulo‘i
519 2512 599 2581 Quod
615 2515 640 2570 si
653 2515 792 2571 Damasus
808 2530 878 2586 papa
904 2518 1006 2587 expri-

181 2616 257 2660 mere
268 2602 408 2659 voiuisset
422 2602 495 2658 banc
507 2604 685 2660 sacerdotum
699 2604 896 2673 cupiditatem,
908 2605 1005 2662 dixis-

181 2697 224 2748 set
250 2692 394 2746 curiositas
416 2692 598 2755 sacerdotum,
618 2705 675 2748 non
696 2694 840 2748 curiositas
856 2699 1005 2765 temporum

181 2780 403 2843 sacedotaiium,
430 2785 462 2837 ut
489 2781 519 2837 iu
548 2782 640 2851 prima
661 2782 855 2853 antiquitatis
876 2783 1005 2839 editione

182 2870 448 2927 animadvertimus.
459 2869 571 2939 Quibus
582 2872 737 2942 adjungere
748 2885 901 2942 possumus
916 2876 1004 2928 totam

1058 2073 1127 2130 dine
1148 2078 1240 2142 potest
1254 2073 1405 2128 Damasum
1428 2075 1529 2126 caetera
1553 2070 1721 2141 pontiiicum
1749 2070 1887 2142 martyria

1060 2160 1230 2234 ignorasset
1249 2159 1401 2232 ignorabat
1425 2158 1522 2215 forsan
1540 2158 1693 2214 Clementis
1714 2159 1885 2230 martyrium

1059 2255 1119 2307 toto
1132 2255 1273 2306 terrarum
1294 2248 1363 2304 orbe
1377 2247 1620 2306 celeberrimum?
1636 2247 1754 2304 Nibiine
1769 2248 1887 2305 omuino

1060 2342 1192 2409 supereat
1206 2337 1241 2393 de
1255 2337 1344 2408 gestis
1357 2343 1524 2408 martyrum,
1548 2351 1611 2407 quae
1632 2335 1751 2406 jubente
1759 2336 1888 2392 Antbero

1047 2438 1076 2483 ‘a
1091 2427 1213 2483 notariis
1234 2426 1358 2484 tideiiter
1375 2426 1538 2496 conscripta
1553 2432 1582 2481 et
1596 2425 1626 2481 in
1642 2425 1768 2482 Ecclesia
1786 2439 1889 2481 recou-

1059 2515 1120 2570 dita
1143 2514 1305 2571 erantinn
1321 2519 1415 2570 mente
1436 2514 1582 2570 exciderat
1597 2513 1672 2584 quod
1692 2513 1728 2569 de
1749 2512 1886 2583 Stephani

1059 2616 1138 2674 papae
1162 2602 1299 2671 martyrio
1320 2603 1383 2671 ejus
1405 2602 1474 2658 Acta
1494 2600 1697 2658 testabantur?
1718 2603 1887 2674 ignorareue

1059 2696 1170 2762 poterat
1190 2705 1253 2762 quae
1267 2691 1303 2746 de
1317 2691 1400 2761 xysti
1418 2689 1501 2747 obitu
1522 2689 1660 2746 retulerat
1671 2689 1767 2746 clerus
1781 2689 1888 2747 Roma-

1060 2794 1125 2851 nus,
1142 2780 1297 2850 scripserat
1309 2779 1479 2849 Cyprianus,
1493 2785 1521 2834 et
1537 2779 1566 2834 iu
1585 2777 1656 2835 lesio
1675 2778 1702 2833 S.
1726 2779 1886 2851 Laurentii,

1060 2869 1111 2939 qui
1129 2869 1250 2938 xystum
1268 2872 1332 2938 post
1346 2867 1477 2923 triduum
1492 2870 1608 2922 secutus
1625 2871 1696 2931 crat,
1709 2865 1821 2939 legebat
1832 2869 1888 2924 lic-

184 2959 257 3015 banc
271 2958 385 3013 Damasi
407 2958 558 3028 epistolam
573 2961 647 3031 styio
670 2960 741 3026 adeo
763 2951 829 3017 rudi
851 2966 879 3017 et
895 2930 1043 3018 incultoC
1060 2957 1174 3014 clesia‘i
1202 2956 1353 3013 Latebatne
1377 2956 1471 3026 ipsum
1502 2955 1571 3025 quid
1604 2955 1769 3012 continebat
1791 2957 1887 3015 canon

184 3047 320 3118 scriptam
345 3061 418 3117 esse,
433 3054 464 3104 ut
483 3048 564 3105 nulia
591 3050 727 3118 periodus
742 3050 772 3106 in
794 3063 826 3106 ca
847 3051 1008 3120 reperiatur
1061 3047 1156 3103 Missae
1170 3045 1371 3102 saeculotertio
1382 3043 1584 3115 compositust
1598 3046 1671 3115 Hac,
1688 3045 1719 3100 ni
1732 3042 1830 3116 iaiior,
1847 3046 1890 3101 ni·

184 3142 243 3193 tam
258 3137 372 3193 erudito
384 3142 412 3192 ei
426 3136 576 3208 eloquente
589 3137 723 3208 pontiiicc
736 3138 834 3210 digna,
850 3139 885 3194 de
904 3152 960 3209 quo
972 3140 1007 3192 D.
1064 3136 1119 3191 mis
1138 3135 1215 3191 clara
1226 3139 1304 3207 suni,
1318 3147 1404 3205 quam
1421 3139 1481 3190 uta
1496 3146 1640 3205 quoquam
1653 3133 1684 3189 in
1699 3133 1821 3191 dubium
1836 3147 1890 3191 ιο·

183 3225 372 3296 Hieronymus
388 3225 463 3281 libro
472 3225 713 3297 descriptoribus
723 3232 844 3284 testatur
859 3229 935 3300 quod
948 3228 1009 3284 cie-
1063 3225 1123 3280 cari
1139 3224 1261 3294 possint.

185 3314 294 3388 gausin
305 3313 438 3370 versibus
447 3315 651 3384 componendis
660 3315 928 3388 ingeniumbabuit.
940 3317 1010 3387 Eius

185 3403 313 3474 epistolae
325 3403 447 3474 eleganti
463 3403 537 3474 stylo
550 3405 719 3475 conscripta
731 3405 815 3461 edite
830 3412 898 3465 sunt
912 3419 928 3461 a
941 3408 1012 3462 Har-

186 3491 228 3548 tio
237 3491 350 3550 Milesio
364 3497 393 3548 et
408 3506 424 3548 a
438 3494 513 3551 Luca
523 3494 687 3551 Holstenio:
708 3494 842 3565 pleraque
861 3494 928 3550 item
943 3507 1011 3550 car-

188 3580 266 3635 mina
282 3580 440 3637 etiamnum
453 3582 640 3653 reperiuntur
654 3583 684 3638 in
704 3583 882 3640 Bibliotbeca
895 3585 1010 3641 Patrum

187 3667 276 3737 edita,
290 3673 319 3723 et
330 3668 388 3724 alia
402 3671 569 3727 marmoreis
585 3671 694 3728 tabulis
713 3672 867 3744 insculpta,
884 3673 1011 3744 quibus-

188 3767 253 3809 cum
261 3754 288 3809 ιι
300 3753 480 3812 conteramus
488 3759 730 3814 constructionem
740 3761 868 3830 epistole
877 3761 1012 3831 superius

188 3843 283 3912 editae,
297 3841 382 3898 iaciie
401 3843 546 3899 constabit
558 3844 610 3900 has
623 3845 750 3914 pbrases,
773 3851 804 3902 in
825 3855 926 3903 nostre
939 3850 1012 3904 sedis

189 3930 291 3993 stadia
312 3934 339 3984 et
357 3930 509 3998 qaademer
531 3931 693 3995 direximus,
720 3933 779 3990 alio
795 3941 911 3991 auctore
926 3950 1012 4007 quam

190 4022 311 4076 Damaso
331 4018 434 4075 editas.
457 4020 556 4076 Prodit
571 4025 666 4077 autem
686 4035 717 4077 se
732 4022 825 4092 ipsum
844 4028 944 4080 auctor
961 4024 1013 4080 bac

190 4107 337 4165 clausula:
365 4109 434 4162 Doto
453 4121 472 4163 x
488 4109 628 4164 Kalendas
641 4111 728 4174 lanii,
747 4114 773 4164 et
789 4115 898 4181 accepto
911 4111 1012 4166 Kalen·

191 4197 242 4252 das
261 4197 402 4264 Octobris3
421 4198 505 4252 missa
518 4200 603 4254 Homo
620 4199 845 4269 Hierosolymam,
859 4214 922 4270 quae
936 4200 1013 4257 sicut

193 4285 223 4341 in
237 4284 317 4342 nulla
331 4284 454 4340 aliarum
468 4285 582 4341 Damasi
598 4287 785 4356 epistolarum
802 4290 954 4360 reperitur,
973 4289 1013 4345 iia
1027 4274 1054 4335 D

193 4373 229 4429 ab
252 4372 304 4429 iiio
319 4370 458 4429 iabricata
480 4378 533 4445 est,
559 4375 610 4446 qui
626 4374 767 4447 integram
781 4377 933 4447 epistolam
954 4380 1014 4435 Da-

194 4475 273 4519 maso
284 4463 447 4533 supposuit.

228 4548 256 4607 9.
278 4551 370 4622 itque
383 4552 442 4609 baec
457 4553 572 4624 quidem
597 4553 740 4612 subicient
760 4557 796 4613 de
816 4557 1015 4627 suppositione

191 4639 393 4710 epistolarum.
418 4642 499 4697 Nunc
523 4642 616 4699 solum
638 4646 851 4701 monstrandum
871 4651 914 4701 est
934 4646 1016 4701 anti-

194 4729 323 4801 quiorem
335 4729 500 4802 catalogum
518 4745 553 4787 uc
568 4732 683 4802 quidem
695 4735 815 4791 Damaso
830 4734 1015 4791 tribuendum

192 4830 263 4891 esse,
274 4818 342 4876 iicet
355 4820 484 4891 epistolae
503 4820 561 4877 ilice
573 4836 713 4894 germanae
724 4832 827 4882 essent.
843 4824 923 4896 Quod
936 4824 1016 4881 iaciii

193 4908 308 4978 negotio
333 4910 545 4982 comprobatur,
571 4913 597 4968 si
624 4916 796 4984 perpendere
820 4916 943 4973 velimus
965 4916 1016 4973 iiia

192 4995 295 5062 quaein
311 4999 400 5065 priori
410 5000 531 5070 epistola
545 5001 824 5076 petitHieronymus,
840 5011 868 5061 et
879 5006 908 5061 in
925 5010 1017 5076 poste·

193 5077 265 5133 riori
280 5088 429 5151 respondet
443 5089 582 5149 Damasus
598 5104 679 5162 papa.
693 5093 768 5149 Petit
779 5093 854 5148 euim
872 5095 905 5148 D.
919 5095 1016 5153 Hiero.

192 5178 295 5236 nymns
308 5173 341 5222 ut
359 5175 593 5237 transmittantur
603 5181 692 5237 Actus
703 5184 848 5249 gestorum
864 5183 920 5237 ab.
937 5185 1013 5245 Petri

190 5253 314 5324 apostoli
327 5256 493 5326 principatu
506 5279 598 5335 usque
609 5265 645 5320 ad
656 5279 709 5323 sua
719 5272 856 5334 tempora,
870 5276 1013 5338 quatenus

191 5343 928 5421 agnoscatquismerueritueepiscopissupradicta
936 5359 1015 5422 sedis

194 5431 329 5497 martyrio
343 5434 494 5506 coronari,
509 5435 591 5498 relat
608 5439 674 5506 quis
691 5444 790 5503 contra
804 5454 926 5506 canones
941 5458 1013 5517 apo-

1065 3369 1103 3422 De
1138 3364 1255 3421 secundo
1284 3364 1420 3437 catalogo,
1450 3368 1499 3436 qai
1522 3382 1582 3421 eam
1605 3365 1683 3421 Actis
1704 3367 1801 3422 Felicis
1832 3368 1892 3437 ejas

1323 3439 1442 3490 nominis
1453 3440 1548 3506 quarti
1560 3438 1631 3507 finit.

1066 3517 1086 3567 Ι.
1105 3516 1243 3577 Catulogue
1260 3530 1291 3566 ex
1307 3529 1355 3565 ms.
1373 3516 1464 3565 codice
1480 3518 1574 3577 reginae
1590 3516 1691 3566 Succiae
1708 3517 1802 3577 editus,
1819 3519 1846 3566 et
1862 3530 1893 3566 cx

1096 3581 1189 3629 eodem
1214 3582 1273 3641 post
1289 3579 1397 3640 primam
1420 3579 1559 3628 editionem
1573 3583 1705 3628 correctus
1720 3581 1770 3637 eei,
1787 3594 1817 3629 ac
1831 3577 1892 3628 Cle·

1096 3642 1176 3690 menti
1192 3642 1266 3690 locus
1280 3655 1342 3689 suus
1356 3641 1487 3689 restitutus
1508 3668 1539 3676 —
1556 3640 1589 3691 11.
1603 3641 1731 3690 Doduelli
1745 3641 1794 3690 bae
1817 3642 1851 3690 de
1865 3654 1892 3690 re

1097 3704 1270 3753 cavillationes
1277 3703 1427 3762 reiciantur,
1437 3707 1462 3751 ct
1475 3701 1626 3764 Cataiogum
1641 3708 1712 3752 sexto
1724 3703 1821 3752 saeeulo
1832 3716 1893 3752 cou-

1098 3768 1220 3829 scriptum
1236 3780 1303 3827 esse,
1317 3765 1436 3814 convenit
1446 3766 1512 3814 iuter
1524 3779 1626 3818 omues.
1642 3792 1672 3800 -
1688 3766 1734 3815 ΙΙΙ.
1754 3766 1784 3815 ln
1795 3765 1893 3816 Codice

1097 3827 1837 3952 ii.iiiiiiiiiiipiiiiii.¹iiii“lirinis
1850 3827 1895 3937 ii·

1094 3952 1164 4014 jecta
1178 3966 1245 4008 esse,
1261 3966 1290 4000 cx
1308 3951 1449 4010 erroribus,
1467 3903 1549 4013 quiqin
1564 3951 1631 4001 hanc
1644 3904 1814 4014 appendicem
1829 3953 1895 4000 irre·

1100 4016 1214 4086 pserunt,
1222 4013 1372 4084 ostenditur.
1391 4040 1420 4048 -
1434 4014 1480 4063 IV.
1495 4013 1584 4087 Codex
1598 4015 1693 4074 reginae
1712 4012 1815 4063 sueciae
1828 4013 1895 4061 banc

1099 4074 1896 4208 iiiiiiiipiiiiiii.iiiiiiiiiiiiiiiiii.iiis:

1098 4199 1222 4247 iiiicaium
1231 4198 1362 4246 Paschalrs
1374 4200 1458 4260 primi.
1466 4227 1496 4235 —
1507 4200 1539 4250 V.
1553 4200 1645 4249 Erebo
1657 4200 1795 4262 antiquiori
1805 4200 1897 4248 codice

1099 4261 1241 4322 descriptus
1256 4263 1295 4308 est
1305 4259 1453 4323 Caialogus,
1484 4263 1510 4310 ni
1520 4263 1596 4310 etiam
1610 4263 1754 4311 continetur
1768 4263 1794 4309 in
1804 4261 1897 4310 codice

1100 4321 1258 4381 Colbcrtino,
1273 4326 1389 4395 tempore
1404 4277 1487 4374 Caroli
1507 4324 1596 4384 Magni
1609 4326 1719 4384 exmaio,
1735 4327 1801 4373 teste
1818 4321 1896 4373 V.·G.

1099 4384 1204 4434 Baluzio
1217 4385 1243 4432 in
1254 4384 1344 4433 littems
1359 4386 1389 4434 ad
1401 4387 1526 4435 medatis.
1543 4413 1573 4422 -
1584 4386 1632 4435 Vi.
1642 4387 1794 4435 Aiieruutur
1803 4385 1896 4434 lectio-

1099 4461 1146 4496 ncs
1159 4460 1190 4494 cx
1204 4450 1312 4508 utroque
1326 4449 1424 4508 codice,
1444 4463 1501 4510 quae
1514 4449 1635 4498 diilerunt
1649 4449 1681 4497 ab
1697 4449 1812 4498 editione
1828 4447 1898 4496 Heu·

1099 4509 1247 4568 seheuiaue,
1264 4510 1331 4559 inter
1344 4524 1372 4559 ae
1383 4515 1468 4559 muron
1481 4512 1645 4560 conveniunt.
1654 4511 1756 4560 -vii
1772 4511 1810 4559 Ex
1822 4509 1898 4558 meu·

1100 4570 1229 4632 colligitur
1243 4574 1378 4634 uirumque
1389 4586 1437 4622 ms.
1453 4574 1571 4622 codicem
1583 4587 1614 4621 ex
1629 4587 1680 4622 uno
1690 4574 1835 4635 codemque
1850 4584 1896 4619 an·

1098 4633 1302 4744 tiquiorecodice
1317 4635 1474 4707 descriptum
1484 4635 1668 4684 essa-VIII.
1685 4633 1897 4745 Catalossuscou·

1100 4696 1898 4832 iiiiiiiiiiiiiiliiiiiiiiiiiiiiiisitii

1101 4846 1131 4856 -
1147 4819 1192 4868 IX.
1211 4821 1365 4869 Pontificum
1378 4823 1442 4870 Acta
1457 4825 1550 4883 partim
1564 4835 1595 4870 ex
1609 4821 1747 4884 antiquiori
1760 4820 1897 4881 Catulogo,

1100 4883 1192 4946 partim
1198 4883 1302 4932 aliunde
1312 4884 1456 4945 desumpsit
1468 4888 1557 4932 auctor
1564 4885 1672 4932 secundi
1683 4883 1810 4943 catalogi,
1820 4885 1849 4930 ut
1859 4894 1900 4929 va·

1100 4946 1145 4994 riis
1155 4946 1279 5009 exemplis
1289 4945 1420 5008 probatur.
1430 4973 1462 4983 -
1473 4946 1508 4995 X.
1528 4946 1600 4995 idem
1616 4946 1782 4994 confirmatur
1795 4958 1826 4994 ex
1840 4943 1899 4993 aliis

1101 5007 1252 5070 pontiiicurn
1266 5008 1354 5067 gestis,
1366 5021 1422 5070 quae
1435 5011 1632 5058 commemorat.
1644 5034 1674 5044 -
1688 5009 1736 5062 xi.
1756 5008 1899 5068 Martyrum

1101 5072 1175 5132 Acta,
1191 5071 1284 5132 quibus
1296 5074 1384 5118 auctor
1398 5070 1512 5131 Caialogi
1528 5071 1616 5132 utitur,
1628 5071 1724 5119 saeculo
1739 5072 1813 5119 sexto
1830 5068 1898 5117 unti-

1101 5133 1192 5195 quiora
1208 5136 1276 5181 eunt.
1290 5132 1626 5195 Ordinationescarumque
1641 5146 1778 5182 numerum
1792 5132 1899 5180 desum·

1099 5196 1183 5257 psisse
1199 5196 1300 5243 videtur
1317 5209 1347 5243 er
1364 5200 1466 5256 regesto
1481 5195 1550 5245 sedis
1565 5194 1722 5255 apostolice,
1758 5194 1809 5242 uod
1825 5193 1899 5243 desi·

1099 5257 1175 5311 nebai
1189 5257 1215 5309 in
1230 5257 1380 5310 Hormisdn.
1397 5286 1427 5293 -
1439 5257 1499 5308 iiii.
1511 5256 1649 5305 Auctorem
1662 5257 1742 5318 igitur
1775 5267 1899 5303 ornanum

1097 5320 1188 5378 luisse,
1203 5322 1228 5366 et
1244 5319 1330 5368 iorsan
1347 5320 1495 5382 praelectum
1510 5317 1618 5378 arcirim',
1634 5317 1765 5381 plerisque
1778 5316 1899 5377 eardogi

1098 5381 1183 5430 serbis
1199 5381 1395 5442 cornprobatur.

1105 5450 1130 5508 l.
1144 5452 1318 5524 ,caalogum
1336 5453 1371 5510 de
1384 5466 1441 5525 quo
1457 5453 1487 5511 in
1504 5455 1637 5526 presenti
1650 5455 1775 5527 agimus,
1797 5469 1833 5517 cx
1846 5467 1902 5515 ccv
