3884 6126
394 313 556 375 utsroerx
573 313 620 372 nn
639 312 729 372 uus
747 311 831 372 nou.
853 310 952 371 rom.
972 342 1007 355 -
1025 311 1053 370 s.
1074 312 1240 369 acaunus.
1489 294 1493 301 ’
1602 308 1672 370 troo

99 455 152 501 sua
167 441 228 500 vioe
239 443 440 515 peragendum,
452 443 500 500 sed
517 441 648 499 etiamad
662 439 788 513 regimen
803 429 831 492 A
847 439 874 511 9,
891 442 1072 514 postmodum
1085 442 1248 499 Evaristum
1265 444 1294 498 in
1315 443 1370 500 tine
1385 444 1555 514 Domitiani,
1571 451 1598 502 et
1621 458 1670 514 per

96 514 254 572 elicelesiae
269 530 334 572 cum
348 514 650 586 maximopontidcatu
661 513 691 570 in
707 527 737 569 se
749 525 790 568 re
846 519 1052 586 consequentes
1079 514 1225 584 principes
1238 516 1355 573 Nasam
1376 520 1401 570 et
1422 517 1669 585 inmanemque

95 601 142 653 tm,
158 588 273 658 quando
288 602 337 658 per
350 601 410 657 eos,
425 587 458 642 ad
475 601 547 657 quos
561 587 715 657 pertineret
727 583 789 640 ele-
844 586 1670 644 omniasibtconstantiadistincteretuhtbibliothecarius

96 665 147 716 tro
168 659 317 715 decedenti
339 672 487 715 successor
515 664 707 728 coaptaretur.
734 656 787 710 l⁷ix
847 663 875 714 et
889 665 955 715 aute
968 658 1050 716 illum
1065 662 1167 716 auctor
1178 657 1301 728 catalogi
1315 658 1461 715 Liberiani
1478 664 1579 729 quarto
1591 659 1672 714 Chri·

96 744 113 788 a
126 730 237 786 ratione
252 732 356 801 exponi
373 745 454 798 posse
466 730 548 787 video
571 729 700 786 delectus
712 728 789 784 duo·
845 731 883 786 sti
898 731 1014 796 saeculo,
1027 730 1140 786 eosdem
1153 732 1275 787 Caesares
1288 730 1450 786 attribuens
1465 731 1591 802 singulis
1605 742 1671 799 pon·

98 802 128 858 ni
151 810 180 858 et
198 802 280 872 Cleti)
295 803 329 859 ad
345 803 550 866 ministerium,
563 816 597 858 ac
610 801 690 857 tertii
714 798 790 871 (Cle-
847 801 1162 865 tidcibusmemoratis,
1178 815 1286 858 necnon
1300 802 1452 858 consulum
1470 803 1550 872 paria
1566 802 1669 858 iisdem

96 874 269 944 designatio,
286 880 314 930 et
336 879 506 944 preceptum
528 873 562 930 ad
579 871 788 929 successionem
846 873 1024 944 temporibus
1042 875 1255 945 respondentia.
1275 870 1368 941 Quare
1393 873 1493 930 mirari
1516 874 1588 930 satis
1614 885 1672 929 non

96 945 226 1002 nitudine
239 948 399 1017 potestatis,
412 952 440 1002 et
455 944 596 1001 cathedrae
611 943 766 1001 traditione
781 961 787 997 :
847 959 973 1015 possum,
994 952 1092 1002 contra
1110 944 1277 1016 hujusmodi
1290 944 1518 1017 chronologiam,
1533 951 1562 1002 et
1575 945 1672 1002 histo·

96 1026 177 1074 rrum
193 1023 236 1073 est
260 1031 295 1074 ex
315 1018 464 1089 catalogis,
480 1024 508 1071 et
527 1021 636 1073 asserto
661 1017 788 1082 Patrum,
848 1017 931 1089 riam,
945 1017 1003 1074 sibi
1021 1017 1149 1087 undique
1162 1017 1360 1083 coherentem,
1375 1023 1403 1074 et
1418 1016 1559 1074 drmamm
1577 1018 1673 1074 docu-

96 1104 109 1154 v,
127 1094 186 1145 tum
199 1089 277 1145 hunc
289 1090 430 1160 gradatim
444 1088 616 1156 obtinuisse,
627 1093 656 1144 et
669 1086 791 1143 admini·
847 1089 953 1145 mentis
966 1090 1094 1158 Petrum,
1111 1102 1145 1145 ac
1161 1089 1402 1144 monimentorum
1422 1095 1505 1145 aetate
1519 1089 1671 1157 proximis,

99 1160 256 1232 ingillatim
275 1165 469 1231 postmortem
484 1160 530 1216 sui
553 1159 723 1216 decessoris.
737 1158 790 1214 lie·
845 1165 873 1215 et
898 1159 970 1219 loco.
984 1161 1115 1217 advocari
1130 1174 1165 1216 ex
1179 1160 1296 1231 AEgypto
1312 1161 1496 1231 Eutychium,
1506 1161 1612 1217 decimi
1624 1174 1674 1217 sae·

99 1235 195 1289 autem
212 1232 377 1302 hujusmodi
392 1232 548 1301 explicatio
560 1231 726 1301 apostolica
736 1230 793 1286 vir·
845 1230 905 1288 culi
921 1231 1049 1288 infelicis
1060 1232 1150 1288 imum
1159 1233 1339 1301 scriptorem,
1352 1232 1403 1302 qui
1415 1245 1527 1289 necsua
1539 1233 1611 1289 satis
1626 1245 1675 1288 no·

100 1318 126 1360 nr
139 1303 256 1361 illorum
271 1304 520 1359 sanctissimorum
537 1301 704 1372 pontidcam
721 1300 789 1370 :aui
845 1309 935 1366 verat,
948 1304 978 1359 in
990 1303 1097 1361 nostris
1110 1317 1176 1360 veno
1190 1303 1417 1374 hospesomniuo
1429 1303 1495 1373 luit,
1506 1317 1539 1360 ac
1553 1304 1675 1360 destitu-

95 1382 123 1431 te
135 1376 277 1431 sentirent
299 1382 360 1431 tum
380 1376 414 1432 de
430 1374 623 1443 amplitudine
634 1373 790 1444 dignitatis
846 1379 894 1431 tus
920 1388 1093 1446 quocunque
1117 1374 1315 1440 drmamento;
1342 1375 1425 1445 quasi
1445 1375 1595 1447 AEgyptius
1618 1375 1673 1430 iste

97 1447 253 1504 humanum
270 1460 464 1516 supergressa,
479 1452 540 1501 tum
559 1447 595 1502 de
619 1457 706 1501 onore
720 1457 790 1515 gra·
845 1446 1134 1504 Batricidesanilium
1146 1446 1308 1503 tabularum
1318 1451 1466 1514 consutor,
1477 1452 1509 1503 ut
1521 1446 1596 1514 apud
1610 1459 1675 1502 eru·

98 1519 215 1575 maximi
232 1520 399 1583 sacerdotis,
421 1518 504 1573 vadis
519 1519 603 1573 allec
624 1515 788 1572 constituti.
844 1517 923 1575 ditos
935 1518 1028 1590 audit,
1044 1519 1166 1575 idoneus
1181 1518 1310 1575 medicus
1321 1517 1440 1575 iuturus
1452 1518 1493 1575 sit
1508 1517 1673 1591 languentis

96 1590 205 1661 iudicio
217 1591 384 1660 responsuri
396 1591 430 1647 de
442 1589 535 1646 salute
544 1588 671 1644 universi
682 1586 787 1659 gregis,
843 1588 1015 1660 (gundelus
1044 1591 1158 1661 patroni
1179 1589 1292 1661 putant)
1317 1591 1392 1661 apud
1419 1595 1561 1646 nostrates
1585 1590 1674 1646 chro-

96 1661 227 1719 rlmarum
254 1664 382 1718 omnium
404 1661 634 1718 concreditarum
648 1658 788 1716 rationem
844 1661 975 1730 nologiae.

96 1736 148 1790 turi
165 1733 378 1802 3iormidabant
393 1741 452 1789 tum
467 1732 547 1788 illam
567 1730 786 1799 sublimitatem,
880 1733 965 1790 Linea
986 1731 1028 1790 ts.
1044 1734 1223 1803 -Sepultus
1244 1737 1283 1788 est
1297 1732 1454 1789 indracto.
1475 1734 1515 1788 De
1538 1733 1600 1789 loco
1621 1731 1669 1788 ubi

96 1804 153 1875 pria
166 1804 516 1874 humilitatecomponere,
529 1811 590 1861 tum
602 1802 674 1859 illud
686 1802 787 1858 discri·
801 1804 827 1864 Β
841 1804 1025 1874 exsulaverit,
1036 1806 1206 1877 martyrium
1214 1803 1675 1875 subierit‚atuuesepultusiuerit

96 1890 106 1932 n
123 1878 238 1947 propria
254 1876 431 1933 infirmitate.
448 1875 541 1944 Quare
555 1874 698 2003 Sradatim
720 1873 788 1929 ani·
845 1875 1022 1944 B.Clemens,
1040 1878 1203 1947 complures
1216 1877 1329 1933 erudite
1343 1876 1534 1946 scripserunt.
1550 1876 1673 1947 Collegit

96 1952 105 2005 t
118 1948 300 2005 confortandi
315 1946 429 2005 inerant
446 1948 480 2004 ad
499 1961 552 2017 pon
577 1962 610 2002 us
625 1958 680 2002 non
693 1944 788 2002 decll-
844 1960 942 2004 eorum
958 1950 1117 2005 sententias
1132 1949 1219 2005 Phili
1232 1963 1287 2019 pus
1302 1948 1498 2018 Londinium,
1512 1948 1675 2004 Faventinus

104 2018 169 2075 :llli
184 2021 299 2089 quidem
315 2020 372 2076 duo
388 2020 472 2091 longa
486 2017 789 2076 consuetudiuevica-
845 2019 980 2077 Ecclesiae
991 2020 1161 2091 canonicus,
1190 2020 1220 2076 iu
1236 2020 1426 2089 operaliomae
1442 2020 1583 2090 impresso
1598 2032 1674 2075 anno

96 2090 293 2147 inistrationis
307 2093 470 2147 exercendae
481 2090 534 2147 sub
547 2089 689 2159 praecipua
707 2093 788 2159 pote-
847 2088 957 2147 tautae
971 2093 999 2147 S.
1016 2092 1147 2149 Clemente
1157 2109 1232 2163 papa
1245 2096 1271 2147 et
1287 2097 1417 2161 martyre,
1430 2093 1544 2162 ejusque
1559 2092 1675 2147 basilica

96 2162 192 2232 ncipis
207 2163 412 2233 apostolorum,
429 2163 561 2218 Romanae
577 2159 710 2217 Ecclesiae
724 2158 790 2230 epi·
846 2165 876 2217 tn
890 2164 957 2218 urbe
968 2165 1062 2220 Roma.
1079 2163 1165 2220 Libro
1186 2179 1205 2225 x.
1221 2177 1282 2235 cap.
1299 2160 1324 2221 l.
1346 2179 1374 2220 n.
1394 2159 1437 2229 tt,
1454 2162 1570 2220 Baronii
1592 2167 1675 2219 notas

96 2246 113 2290 u
132 2235 218 2291 unice
241 2235 370 2306 gerentis
394 2234 486 2304 quoad
508 2234 615 2288 viveret
629 2250 637 2300 3
661 2231 709 2286 hie
724 2243 790 2286 vero
848 2235 959 2291 indicat
974 2234 1159 2306 inllartyrol.
1173 2237 1207 2292 ad
1218 2232 1341 2292 dieni23
1354 2234 1534 2303 Novembris,
1547 2238 1673 2290 statuen-

96 2304 109 2375 ti
138 2307 266 2371 urgendo
289 2308 383 2376 ipsum
402 2306 551 2374 preceptis
573 2303 704 2360 etiamad
720 2315 791 2357 sue-
847 2311 889 2363 tes
912 2307 1087 2365 Chersonam
1120 2307 1258 2377 oppidum
1280 2308 1410 2363 Tauricae
1440 2305 1609 2363 chersonesi
1638 2304 1673 2360 ad

96 2390 131 2442 m,
144 2377 169 2432 si
186 2377 216 2432 in
230 2384 309 2434 tanto
318 2377 451 2433 Ecclesiae
464 2375 644 2438 discrimine,
654 2381 682 2430 et
697 2373 792 2442 proxi·
846 2378 1024 2448 Bosphorum
1037 2378 1234 2440 Cimmerium,
1257 2379 1364 2435 dietam
1380 2391 1495 2449 quoque
1505 2377 1672 2442 Heracliam,

96 2448 176 2504 ritate
198 2449 344 2505 divinitus
368 2454 534 2504 evocaretur
548 2448 581 2502 ad
600 2446 675 2502 Petri
689 2444 791 2501 cathe-
845 2450 969 2518 eoquod
990 2448 1079 2506 luerit
1093 2449 1321 2506 Heracliensium
1337 2448 1462 2514 colonia,
1478 2453 1507 2504 et
1532 2448 1674 2504 notiorem

98 2525 143 2576 cet
159 2519 237 2576 nulla
253 2521 460 2576 exercitatione
484 2520 589 2590 praevia
603 2517 730 2587 ejusdem
742 2516 790 2570 vi-
846 2520 1379 2585 iactamexsiliolustinianiiunioris,
1391 2534 1452 2577 esse
1463 2519 1557 2576 locum
1568 2517 1675 2575 exsilio

96 2634 104 2658 ‚
120 2604 203 2662 quem
220 2593 310 2648 Linus
321 2599 349 2647 et
364 2591 460 2652 Cletus
473 2598 515 2647 tot
528 2592 586 2660 jam
602 2589 687 2644 annis
701 2587 790 2643 adrni-
845 2597 872 2647 et
887 2593 1024 2663 martyrio
1039 2593 1132 2649 sancti
1148 2592 1294 2660 pontilicis
1305 2592 1492 2649 celebratum.
1507 2591 1576 2647 lnde
1595 2591 1673 2647 enim

96 2668 167 2729 rant,
184 2663 291 2733 ipsese
309 2663 453 2733 judicaret
466 2665 563 2718 minus
579 2660 712 2716 idoneum
733 2672 789 2729 prae
846 2663 1017 2720 translatum
1031 2662 1123 2720 tuisse
1135 2664 1252 2720 Romam
1267 2664 1510 2735 corpusejusuem
1526 2663 1673 2733 martyris,

109 2732 170 2802 illo,
199 2748 232 2789 ac
252 2741 331 2790 tanto
345 2733 461 2806 fastigio
478 2733 560 2804 longe
573 2733 721 2801 imparem.
738 2743 788 2814 nea
844 2736 929 2804 ope'ra
944 2734 989 2792 SS.
1004 2736 1143 2792 Methodii
1159 2741 1189 2791 et
1202 2734 1315 2807 cyrilli,
1338 2736 1386 2806 qui
1401 2735 1551 2791 slavorum
1567 2739 1595 2790 et
1610 2734 1674 2790 llo-

96 2806 343 2862 sadmovendum.
363 2807 466 2861 lienum
491 2811 634 2876 gestarum
652 2815 788 2859 memoria
845 2819 976 2862 ravorum
988 2806 1517 2876 apostolidictisuntsubhdrianoll,
1530 2805 1674 2871 probatex

96 2880 115 2932 vt
130 2876 244 2932 allatam
262 2877 485 2947 expositionem.
503 2875 722 2943 Constatenim‚
737 2873 788 2929 Li-
843 2878 923 2933 Actis
944 2879 1020 2947 apud
1047 2880 1161 2934 Petrum
1190 2878 1226 2935 de
1248 2878 1402 2936 Natalibus
1430 2879 1506 2935 idem
1530 2877 1673 2934 baronius

96 2960 112 3004 n
135 2947 304 3005 Clementem
322 2948 413 3004 luisse
432 2948 507 3004 Petri
539 2947 701 3017 proximum
717 2959 787 3001 suc·
842 2949 929 3004 etiam
953 2950 983 3006 in
1000 2950 1078 3007 notis
1104 2949 1139 3005 ad
1154 2949 1264 3007 diem9
1286 2951 1394 3007 Martii,
1416 2949 1496 3017 Quod
1522 2949 1673 3005 antemio

96 3032 114 3087 r,
130 3032 164 3075 ex
188 3020 316 3076 omnium
342 3021 468 3083 Puteum,
491 3034 523 3074 ac
549 3019 785 3075 documentorum
842 3019 949 3075 Gracia
958 3020 1255 3089 sepultusdicaturab
1268 3027 1383 3078 auctore
1392 3020 1470 3078 Libri
1483 3018 1672 3083 Pontidcalis,

96 3108 110 3143 v.
125 3090 242 3147 Constat
266 3091 430 3147 eorumdem
456 3092 571 3146 Patrum
587 3087 785 3157 affirmatione,
843 3091 903 3146 sive
923 3093 953 3146 in
977 3091 1071 3159 chia,
1096 3091 1231 3148 mendum
1254 3098 1335 3162 putat
1349 3092 1545 3159 amanuensis,
1559 3098 1587 3147 et
1602 3091 1672 3147 red-

100 3174 134 3217 nn
159 3162 315 3218 Clementis
333 3162 454 3232 epistola
474 3163 508 3219 ad
523 3160 690 3217 Corinthios
705 3173 787 3215 com·
802 3163 827 3225 G
842 3163 968 3219 dandum
977 3164 1070 3233 Bycia,
1082 3161 1293 3234 paludeallyco
1306 3164 1394 3220 lluvio
1407 3163 1513 3219 ibidem
1528 3162 1670 3218 recensito

102 3230 216 3289 huncse
226 3234 376 3290 abdicasse
388 3239 521 3303 suscepto
533 3237 596 3303 post
608 3231 708 3288 Linum
721 3243 788 3300 pon·
844 3246 893 3300 pier
909 3233 1088 3291 Ptolemaeum
1105 3233 1135 3288 in
1150 3233 1248 3289 tabula
1262 3236 1380 3303 Europae
1395 3240 1493 3290 octava
1509 3250 1515 3284 ε
1534 3253 1548 3286 a
1564 3236 1598 3288 lit
1612 3234 1671 3287 lle-

109 3305 166 3361 Nec
185 3306 282 3361 minus
305 3306 423 3362 evidens
438 3311 481 3361 est
504 3319 538 3360 ex
554 3316 663 3359 canone
680 3303 785 3366 misse,
843 3300 1670 3376 ribertusliosweidus(sequiturliondinin.miiitinnotis

96 3388 154 3446 tus,
169 3377 356 3449 etcatalogis,
370 3377 479 3432 cletum
493 3389 607 3446 quoque
623 3373 786 3445 pontificem
843 3376 877 3431 ad
894 3375 1024 3434 libellum
1035 3375 1145 3433 Adonis
1159 3375 1372 3445 archiepiscopi
1385 3375 1556 3431 Viennensis
1569 3375 1602 3429 de
1615 3376 1670 3430 Pe-

96 3460 121 3503 nr
135 3448 238 3504 seriem
264 3449 461 3505 successionis
476 3447 671 3503 continuasse.
694 3444 788 3514 Quare
843 3449 1011 3505 sttuitatibus
1022 3448 1382 3517 sanctorumapostolorum,
1399 3451 1425 3502 et
1436 3449 1604 3516 reliqvmvam
1619 3447 1669 3515 qui

105 3518 190 3576 debet
202 3520 237 3575 de
248 3520 431 3591 singulorum
451 3519 549 3574 studio
563 3516 741 3572 humilitatis
757 3516 786 3572 in
843 3519 984 3590 discipuli,
1003 3525 1052 3576 aut
1064 3520 1151 3574 uicini
1161 3534 1379 3587 successoresque
1405 3519 1588 3588 apostolorum
1602 3519 1669 3585 saee-

96 3591 198 3663 gnitatr
212 3589 622 3661 deprecandamobedientiae
638 3587 788 3643 inadmit-
842 3590 955 3647 eumad
971 3592 1047 3649 diem
1067 3588 1103 3648 23
1121 3589 1298 3659 Novembris,
1314 3588 1408 3646 locum
1419 3589 1529 3647 lidonis
1543 3589 1666 3645 adnota-

96 3674 170 3732 puam
185 3662 215 3718 in
231 3663 319 3732 hujus
333 3662 401 3719 libri
423 3660 600 3718 Pontidcalis
612 3662 747 3716 contextu
759 3664 787 3715 et
843 3661 974 3718 tionibus
999 3675 1160 3719 exornans:
1187 3663 1364 3717 transmare
1386 3663 1511 3728 Pontum,
1527 3662 1558 3714 in
1581 3675 1668 3715 erevno

96 3729 787 3801 rihussatiselucerearbitror3sinativasignld-
841 3733 916 3802 quod
938 3734 1048 3803 adjacet
1068 3732 1175 3788 maican
1199 3732 1348 3800 Chersone,
1377 3734 1527 3802 relegatur,
1552 3731 1667 3788 erudito

96 3803 236 3861 rethorum
252 3806 292 3862 ita
305 3811 412 3861 retenta
431 3805 512 3874 plane
524 3807 697 3871 exponatur.
840 3805 993 3862 admodum
1009 3804 1427 3875 examinequaeritetdisputat
1441 3803 1557 3861 ubinam
1571 3803 1667 3872 reipsa

96 3886 133 3932 ao
143 3882 254 3933 servata
269 3877 411 3933 sententia
422 3882 450 3932 et
464 3873 651 3942 chronologia
675 3886 786 3929 succes
840 3882 958 3932 sanctus
972 3874 1101 3932 Clemens
1116 3888 1188 3946 papa
1201 3876 1386 3932 exsulaverit.
1399 3875 1610 3933 Animadvertit
1622 3874 1668 3930 si-

98 3946 158 4003 ium
180 3947 296 4005 illorum
324 3948 502 4018 pontidcum,
528 3946 604 4015 Lini,
619 3945 784 4015 Clementis,
841 3947 956 4018 quidem
998 3948 1174 4004 breviarium
1214 3947 1372 4003 Romanum
1399 3952 1466 4004 ante
1494 3954 1665 4017 postremam

96 4019 243 4089 rsplcuum
259 4020 291 4075 tlt
303 4034 356 4076 cur
369 4019 516 4075 ordinatio
537 4017 693 4073 Clementis
710 4023 786 4072 recte
840 4018 1047 4076 corrcciionem
1060 4019 1121 4075 haec
1133 4019 1203 4074 olim
1217 4018 1387 4079 exhibuisse
1404 4038 1410 4074 ε
1425 4021 1451 4075 Α
1466 4019 1585 4075 lia'ano
1609 4020 1667 4072 im-

96 4094 225 4146 tureum
242 4092 340 4147 reditu
367 4091 442 4147 Petri
465 4091 494 4145 in
506 4089 608 4145 Urbem
624 4087 785 4171 pauloante
836 4094 964 4160 pectore
982 4090 1118 4158 relegatus
1133 4091 1216 4146 estin
1234 4091 1354 4145 insolam
1375 4091 1474 4160 Lucia,
1499 4035 1549 4146 ubi
1561 4088 1665 4146 deinde

96 4162 784 4219 vrusuumexoccidentaliitinereassertaetram
840 4164 940 4229 proin
960 4163 1079 4217 insulam
1098 4162 1189 4230 Lucia
1201 4161 1392 4218 substitutum
1408 4161 1464 4219 luit
1491 4167 1569 4217 trans
1590 4175 1666 4215 mare

96 4230 785 4305 vllloanonymovendelini:cujusgratiahasce
838 4234 965 4288 Pontum.
999 4235 1031 4289 lu
1063 4234 1144 4290 dctis
1175 4234 1250 4303 apud
1280 4232 1477 4291 llombritium
1505 4234 1541 4290 de
1568 4231 1665 4290 insula

96 4302 173 4360 lones
185 4307 334 4362 contexui.
839 4305 941 4376 Lycia,
962 4304 1023 4361 haec
1049 4306 1204 4379 leguntur:
1235 4306 1337 4361 Passus
1369 4309 1409 4360 est
1434 4310 1526 4360 autern
1552 4308 1663 4361 sanctus

96 4370 137 4430 li.
148 4405 182 4415 -
193 4375 266 4431 Obiit
274 4382 380 4445 martyr
393 4392 466 4430 enno
482 4374 600 4443 Traiani
611 4377 700 4430 tectio.
711 4371 783 4442 Quis
840 4375 960 4431 Clemens
973 4378 1114 4448 episcopus
1129 4377 1208 4432 urbis
1221 4380 1312 4434 Roma
1328 4377 1383 4439 sab
1400 4377 1521 4446 Trojano
1540 4378 1664 4446 impera-

96 4444 154 4516 iter,
172 4447 201 4502 iu
216 4448 301 4504 Libro
313 4448 473 4504 Pontillaali
488 4447 623 4516 epocham
638 4446 784 4515 pontifica-
838 4450 904 4516 tore,
915 4447 1099 4516 etdutdiano
1114 4449 1225 4504 ducein
1246 4449 1364 4505 Caesena
1382 4449 1492 4502 madata
1503 4448 1593 4514 Lyciae
1612 4446 1663 4500 sab

99 4517 147 4573 ani
170 4531 187 4574 a
208 4516 350 4575 clemente
372 4520 443 4591 gesti
460 4518 604 4589 distingui
626 4517 661 4573 ab
674 4515 781 4587 epocha
837 4519 1164 4576 nonadieitalendarum
1185 4519 1379 4578 lieonnbm'um.
1396 4531 1481 4588 quam
1512 4516 1662 4573 lectionem

96 4587 315 4647 ‚abdicationem
328 4591 434 4647 summi
448 4588 601 4646 sacerdotii
613 4589 665 4645 diu
680 4568 821 4659 produ·D
836 4588 987 4646 condrmat
1002 4591 1128 4663 insignis
1138 4588 1371 4646 membranaceus
1381 4589 1469 4644 codex
1480 4586 1663 4668 bibliothecae

106 4661 246 4731 martyrio
267 4663 383 4718 tandem
398 4660 630 4717 consummaret
651 4661 737 4715 Linea
763 4656 781 4715 θ
836 4660 1024 4718 Barberlnaea
1039 4661 1206 4718 liondinino
1223 4664 1404 4730 conspectus.
1431 4657 1571 4715 liosweldr
1592 4670 1663 4714 seu-

99 4732 168 4787 meri
179 4731 594 4789 adirmatsedisseClementem
606 4732 636 4786 in
647 4730 781 4787 cathedra
835 4732 955 4788 tentiam
971 4732 1150 4789 luculentius
1162 4731 1269 4787 astruit
1279 4744 1307 4786 u.
1326 4727 1368 4796 li,
1385 4730 1512 4798 ejusdem
1524 4727 1608 4785 verba
1622 4729 1662 4785 ita

98 4811 190 4859 annos
205 4804 232 4872 9,
250 4818 360 4861 menses
385 4802 428 4872 la,
444 4803 507 4859 dies
522 4801 564 4867 ld,
586 4801 640 4857 sub
652 4801 741 4857 Galba
755 4806 783 4857 et
838 4803 1018 4872 producens:
1036 4802 1287 4873 Veniasperomihe'
1300 4802 1424 4865 dabitur,
1438 4803 1577 4857 etcertum
1592 4802 1664 4857 ensi·

96 4875 324 4932 commeavere
354 4873 397 4937 ld,
411 4875 494 4931 addit
512 4875 610 4928 obiisse
633 4877 783 4941 martyrem
838 4876 870 4928 lii
884 4874 982 4945 locum,
995 4876 1026 4929 in
1037 4889 1116 4943 quem
1131 4875 1250 4929 Clemens
1262 4889 1338 4944 papa
1350 4873 1485 4940 relegatus
1502 4875 1569 4941 fuit.
1584 4887 1663 4928 cona

96 4942 172 5000 bne:
185 4947 260 5016 quod
274 4947 360 5004 etiam
376 4945 574 5003 cumEusebio
589 4950 711 5000 testatur
721 4944 784 4998 ilie-
836 4945 995 5016 producere,
1010 4946 1094 5015 idque
1106 4951 1224 5000 nontam
1243 4944 1415 5013 coniecturis,
1429 4960 1512 5014 qaam
1530 4949 1600 4999 certo
1622 4945 1665 4997 in·

96 5014 249 5087 tscriptor
263 5019 334 5075 llitae
357 5020 465 5090 optime
485 5022 611 5084 noverat,
629 5017 704 5071 inter
726 5014 783 5070 le
837 5017 919 5071 dicio.
940 5019 1073 5073 Lentino
1092 5019 1179 5084 igitar
1192 5030 1253 5070 eam
1274 5017 1303 5070 in
1317 5016 1434 5070 Leccam
1451 5016 1572 5070 insulam
1591 5010 1661 5084 (aaa

106 5087 300 5159 principatum
321 5096 349 5147 et
375 5091 490 5159 Traiani
513 5089 688 5145 intercedere
710 5087 784 5144 duos
838 5093 864 5144 et
881 5088 1007 5145 Achillea
1028 5087 1143 5159 dieitur)
1167 5086 1308 5142 Chersone
1328 5088 1483 5156 praeimam
1500 5086 1659 5153 relegatum.

96 5170 156 5229 tres,
164 5161 259 5217 Titum
273 5160 400 5233 biennio,
413 5162 608 5219 Domitianum
618 5159 712 5218 tribus
726 5157 784 5215 lere
839 5160 959 5227 Quodsi
979 5161 1042 5232 qais
1068 5161 1161 5216 Leuca
1180 5174 1276 5214 noman
1298 5163 1358 5230 post
1372 5160 1403 5213 in
1419 5158 1509 5225 Lucia
1529 5158 1662 5226 migrasse

96 5240 173 5287 erum
191 5232 303 5301 potitos.
319 5235 389 5289 Cum
412 5235 508 5305 itaque
523 5232 635 5304 scribit,
651 5231 783 5288 Clemen—
837 5233 912 5295 uelit,
931 5248 985 5288 non
1008 5247 1170 5303 magnopere
1187 5232 1361 5300 refragabon
1381 5231 1414 5285 ln
1434 5230 1551 5285 Leucam
1570 5233 1662 5284 autem

96 5302 295 5359 tnulorexisse
309 5304 621 5361 Ecclesiamsubtlalha
636 5310 660 5359 et
675 5303 783 5373 Vespa·
836 5304 957 5359 v‘nsalam
993 5304 1150 5372 ablegatum
1181 5301 1340 5358 Clementem
1361 5316 1463 5372 papam
1488 5305 1593 5355 astruo.
1619 5300 1662 5354 lta

96 5379 164 5441 post
172 5375 348 5431 novennium
360 5376 433 5433 illud
442 5375 622 5446 superfuisse
633 5376 718 5430 annis
728 5374 781 5430 sal·
836 5376 1011 5433 Rosueidus.
1029 5376 1121 5433 Leuca
1138 5375 1223 5432 hodie
1239 5373 1335 5430 insula
1349 5385 1434 5444 parva
1455 5376 1499 5428 est
1512 5371 1662 5428 sarmatia

96 5442 201 5512 decim,
226 5452 296 5515 quot
319 5446 448 5504 duunta
471 5448 526 5503 tine
549 5446 717 5515 Vespasiani
745 5445 780 5500 ad
836 5447 1013 5516 Europeaein
1027 5446 1254 5512 PontoEuxino,
1268 5444 1344 5501 ostio
1366 5442 1551 5513 Borysthenis
1578 5442 1660 5499 tluvii

96 5515 206 5572 artium
223 5529 358 5586 3uecesse
377 5528 419 5575 est
443 5526 474 5575 ut
487 5517 631 5585 admittat,
649 5516 731 5571 illum
751 5529 782 5571 se
836 5517 946 5586 objectu
964 5532 1030 5575 cum
1050 5516 1189 5587 oppidulo
1211 5514 1392 5588 cognomine,
1413 5528 1477 5586 quae
1490 5518 1518 5569 et
1533 5513 1661 5570 Achillea

95 5586 199 5645 licasse
214 5589 381 5659 pontificatu
399 5590 531 5657 maximo,
550 5601 641 5657 eoque
656 5594 780 5656 tempore
836 5588 978 5644 diata'iuit
988 5601 1004 5644 a
1014 5588 1169 5659 Pomponio
1181 5587 1262 5644 ilela.
1275 5586 1304 5643 ld
1318 5587 1405 5644 etiam
1416 5584 1504 5641 veteri
1513 5586 1660 5641 anastasii

96 5670 140 5716 res
151 5658 289 5716 habuisse
302 5660 332 5716 in
346 5661 493 5718 dimissos
506 5673 536 5716 se
550 5659 715 5730 episcopatu
730 5659 782 5712 lio
835 5660 929 5716 codici
948 5659 984 5716 de
999 5659 1137 5716 Romanis
1158 5657 1346 5730 pontiuctbns
1374 5659 1404 5713 in
1424 5657 1490 5714 vita
1506 5655 1661 5714 Clementis

96 5734 173 5787 etum
193 5732 244 5786 sub
261 5732 429 5803 Vespasiano
441 5748 472 5787 ac
489 5734 557 5800 Tito,
572 5731 662 5787 donec
686 5729 712 5785 is
730 5729 780 5784 sud
835 5742 1057 5787 consentaneum
1071 5744 1134 5788 esse
1146 5730 1246 5801 probat
1269 5728 1448 5797 liosweidus,
1469 5727 1519 5785 ubi
1542 5727 1568 5785 le
1590 5728 1659 5802 'tun

96 5802 304 5873 martyrium
314 5802 426 5861 subiret
436 5801 777 5876 (quodasserttincmtop
835 5800 978 5867 (lutetiam
988 5803 1158 5874 sepulmsest
1178 5804 1209 5858 in
1228 5802 1457 5872 dracia‚·quem
1472 5799 1569 5926 Qum
1617 5789 1699 5871 'roff‘ss

96 5871 246 5931 ‚nancietum
268 5873 434 5933 subendam
460 5875 613 5931 Domitiano
627 5887 676 5945 per
690 5886 781 5930 annos
828 5874 1164 5945 niusutpraemisimus,
1177 5878 1317 5946 tanguam
1328 5856 1478 5930 monddsli
1516 5854 1684 5937 exstititit
