3892 6136
118 225 169 288 dli
623 235 805 293 BLANCHINI
823 237 871 294 AD
888 239 924 293 lll
944 239 1058 295 OPUSC.
1080 239 1152 309 SEQ.
1173 239 1315 298 obeant.
1765 243 1821 305 348

118 369 170 412 nec
194 355 383 422 mutavimus,
408 353 455 409 sed
478 353 624 436 corruptis
647 356 779 424 partibus
801 357 943 413 rethorice
955 359 983 416 A
997 359 1177 431 dialogorum
1188 364 1228 418 lib
1239 380 1281 420 ur.
1298 366 1424 436 capitulo
1439 383 1515 424 xun.
1528 371 1698 428 mentionem
1711 372 1820 430 faciens

118 427 288 485 emendatis,
303 440 336 481 eo
347 430 476 494 respectu
492 440 547 496 quo
557 430 661 494 scripta
675 435 796 482 erantea
813 426 944 499 legaliter
997 432 1047 486 ait.
1065 434 1213 490 Prioribus
1234 451 1348 506 quoque
1372 440 1528 494 Gothorum
1550 444 1737 510 temporibus.
1761 445 1819 502 fuit

118 499 333 552 transtulimus.
359 509 407 564 per
428 509 529 551 manus
551 495 704 551 confratris
726 500 817 553 nostri
837 513 943 570 nragnae
994 503 1076 571 juxta
1091 506 1276 572 spoletanam.
1295 508 1403 562 urbem.
1421 511 1539 565 virritm
1552 513 1818 573 venerabilisvsaac

118 568 289 639 sagacitatis
303 566 469 623 GllEGORll
483 566 633 622 sabinensi
648 569 791 623 comitatu
804 571 941 625 oriundi.
997 586 1070 627 nom.
1089 576 1139 643 ‹yui
1158 592 1247 646 usque
1262 579 1295 633 aad
1310 586 1434 634 extrema
1452 594 1520 650 pene
1531 582 1682 651 gothorum
1692 573 1818 654 tempora

120 638 427 695 incastrofatinensi.
450 637 645 720 nobilissimis
659 639 824 706 parentibus
841 655 944 711 proge-
997 646 1135 713 persenit.
1162 662 1244 717 ‹ytrem
1269 655 1431 705 nostrorum
1453 653 1536 707 multi
1564 661 1703 709 noverunt
1726 673 1733 724 3
1756 670 1819 711 ma-

119 709 182 777 nili,
195 714 226 765 et
235 715 342 765 nostrae
355 708 488 765 Ecclesiae
509 708 566 764 fere
581 708 616 762 ab
639 709 761 765 rufantia
777 710 849 766 lacte
868 726 943 768 euu-
998 715 1073 769 xime
1088 731 1167 771 sacra
1182 720 1263 789 virgo
1274 723 1414 790 gregoria.
1427 737 1490 792 tynae
1502 737 1578 778 rrunc
1590 725 1617 778 in
1632 725 1683 779 hae
1694 726 1820 783 Romana

147 871 168 919 G
185 882 321 918 uueoatvs
331 882 445 917 seuerae
458 881 739 924 ssavvsramvuvsove
757 884 869 918 uastae.

148 934 170 982 it
185 932 245 991 egui
261 932 379 992 perpetui
394 932 445 978 vita
459 932 567 990 cupiens
579 932 695 991 adipisci.

150 995 170 1043 E
184 994 289 1042 'usdern
303 1007 407 1053 semper
418 994 550 1041 renovarit
561 994 657 1053 scriptu
667 992 755 1041 beatae.

146 1057 168 1106 G
180 1008 284 1104 {iacens
297 1059 355 1115 post
369 1055 468 1102 obitum
482 1054 609 1102 famosum
624 1055 739 1116 linquere
753 1056 850 1102 votum.

145 1118 167 1169 0
184 1117 262 1180 ptulit
279 1116 348 1164 hunc
363 1118 464 1175 genitor
478 1117 629 1164 Donadenm
651 1131 754 1179 quoquc
768 1117 850 1165 lione.

145 1182 168 1230 R
182 1181 311 1229 estituens
322 1178 402 1226 libras
416 1182 546 1236 centenas,
560 1192 589 1226 ae
604 1192 769 1239 monagenaur.

144 1252 155 1301 1
181 1250 299 1310 ntempli
311 1248 402 1296 fratres
417 1239 601 1295 Ghoidhdc
616 1249 671 1296 ade
687 1249 806 1309 benigna.

144 1313 169 1362 V
185 1315 333 1373 temperent
346 1325 442 1359 normae
475 1311 627 1371 harphcnsis
642 1312 748 1372 praemia
760 1325 847 1360 sacrae.

146 1376 166 1425 S
180 1376 207 1422 ie
219 1374 419 1481 primusfastor
434 1326 620 1422 egaatalivs
635 1373 772 1420 monachat
786 1375 876 1422 ambos

145 1439 165 1488 C
181 1437 261 1484 aelum
276 1449 326 1497 pau
340 1447 355 1481 ο
370 1438 429 1495 post
444 1436 560 1493 migravit
574 1436 600 1482 in
618 1436 708 1482 ordine
727 1435 816 1496 major.

146 1503 168 1547 Α
186 1511 254 1545 nuos
272 1497 413 1545 sexdenos
429 1506 486 1557 post
504 1498 599 1545 Glarisli
621 1496 690 1543 nrille
711 1497 748 1544 vel
766 1501 833 1546 octo.

144 1560 277 1610 Tandem
291 1560 335 1621 qui
351 1559 472 1606 minimos
487 1557 563 1606 frater
581 1558 783 1608 GREGOlllVS
796 1563 896 1609 auctus.

149 1623 160 1672 I
187 1622 292 1684 udaque
303 1621 424 1668 terdenos
435 1622 604 1669 trancendens
613 1620 671 1681 plus
681 1623 863 1670 minusannos.

145 1685 169 1734 N
184 1697 225 1731 am
238 1688 375 1745 postquam
387 1686 483 1730 vestem
496 1684 642 1744 percepilin
654 1685 742 1731 ordine
756 1698 862 1733 normae.

145 1747 166 1796 E
183 1745 279 1807 xplelis
291 1745 365 1793 denis
381 1746 453 1792 annis
468 1744 507 1792 bis
518 1759 599 1793 necne
614 1748 753 1807 quaternis.

145 1808 169 1857 N
185 1810 259 1855 ostro
270 1807 378 1866 migrato
388 1808 469 1867 primo
476 1810 576 1867 pastore
591 1806 766 1859 muhamad.

145 1870 165 1919 S
183 1870 263 1918 cedas
281 1868 327 1916 has
343 1872 445 1930 comple
469 1877 598 1917 cartarum
615 1870 729 1929 Virginis
747 1872 828 1920 alnam.

146 1932 157 1981 1
182 1932 250 1979 ussit
264 1931 392 1979 Berardus
408 1934 505 1979 lanium
524 1933 593 1993 quod
606 1932 669 1979 abba
686 1934 825 1982 secundus.

146 1993 166 2042 S
182 1994 275 2053 cripsit
289 1994 359 2040 enim
373 1994 452 2053 gratis
464 1995 520 2042 ritae
534 1995 594 2055 qaia
605 1997 709 2055 praemia
721 1999 820 2059 qurerlt.
870 1996 873 2003 '

145 2055 169 2106 G
184 2057 320 2115 tegorium
336 2069 438 2114 nosces,
451 2056 483 2103 de
497 2058 613 2104 versibus
626 2058 666 2105 his
677 2061 844 2110 catinensem.

144 2118 169 2167 G
185 2121 314 2165 rammata
326 2118 347 2164 si
363 2117 457 2177 relegis
471 2132 527 2179 qum
540 2122 597 2166 sunl
610 2123 715 2168 exordia
736 2122 806 2170 dicti.

145 2178 165 2228 S
181 2181 323 2241 eripiorem
337 2179 453 2228 Christus
466 2195 543 2242 quem
558 2182 635 2229 donet
651 2184 773 2232 scarrdere
784 2186 884 2233 caelum.
897 2203 908 2227 u

148 2269 259 2325 subtus
275 2270 427 2340 imaginem
437 2268 598 2325 Farfeusem
613 2274 740 2341 Deiparae
751 2275 881 2345 Virginis
894 2274 941 2330 hic

115 2339 261 2410 depictam
277 2339 384 2410 legitur
395 2348 423 2395 et
439 2342 600 2410 proximum
616 2344 752 2399 disticon.

143 2446 289 2495 Presbileri
299 2446 401 2495 PETRI
417 2449 477 2494 suni
487 2447 541 2496 haec
554 2449 692 2508 primordia
704 2450 772 2510 libri,

145 2507 244 2558 Soldos
256 2522 369 2570 namque
383 2510 472 2557 decem
491 2525 535 2570 pru
553 2512 628 2558 cartis
647 2513 739 2572 optulit
753 2514 816 2575 ipse.

149 2589 306 2659 Prologum
325 2590 436 2661 hegesia
462 2590 583 2645 fideliter
606 2593 780 2648 reddentium
805 2594 857 2649 hoc
881 2593 941 2650 loco

115 2677 195 2743 duxi,
212 2682 245 2732 ut
259 2683 405 2732 constaret
416 2678 451 2733 de
466 2680 639 2748 antiquitate
658 2695 690 2736 ac
710 2682 874 2738 sinceritate
887 2684 943 2738 do-

116 2770 316 2821 cumentorum
329 2765 403 2821 unde
412 2766 562 2823 collectum
579 2768 751 2825 fuitneenou
765 2772 799 2827 de
809 2772 941 2841 Gregorii

115 2854 280 2910 Catinensis
292 2854 444 2924 diligentia
461 2857 488 2911 in
503 2858 629 2928 siugulis
641 2866 773 2914 accurate
785 2867 813 2914 et
823 2861 944 2916 fideliter

116 2942 325 2999 descrihendis.
342 2944 397 2998 Nee
411 2944 536 3000 otiosum
547 2944 607 3001 fore
621 2947 746 3002 arbitror
761 2948 869 3003 indicia
883 2963 944 3018 pro-

999 784 1068 867 urbe
1080 788 1161 854 juxta
1174 791 1321 846 ecelesiam
1331 788 1424 847 'treats
1436 794 1555 849 llhdlAE
1571 809 1681 865 semper
1696 798 1820 866 virginis

999 855 1118 911 habitat.
1137 862 1168 913 lit
1184 866 1244 929 post
1270 877 1367 931 parma.
1384 864 1471 918 llulta
1486 872 1578 919 autem
1595 867 1630 921 de
1644 867 1741 922 eodem
1758 868 1820 924 viro

1001 934 1133 1008 narrante
1148 933 1303 987 venerabili
1325 942 1403 1002 patre
1426 935 1583 990 heleuterio
1597 939 1711 1005 agnovi.
1726 939 1776 1008 qui
1792 941 1821 993 et

1002 998 1076 1052 huuc
1093 1002 1276 1058 familiariter
1293 1013 1416 1067 noverat,
1431 1012 1458 1060 et
1472 1007 1534 1075 ejus
1549 1007 1644 1062 verbis
1657 1008 1715 1063 rita
1737 1008 1820 1064 fldem

1001 1070 1150 1150 prebebat.
1164 1075 1214 1128 llic
1231 1075 1326 1143 itaque
1338 1076 1509 1131 uenerabilis
1522 1092 1604 1147 ysaac
1619 1085 1700 1134 ortus
1720 1093 1754 1135 ex
1772 1080 1822 1134 bi-

999 1140 1068 1194 talra
1092 1155 1145 1196 raon
1172 1142 1237 1212 fuit,
1255 1148 1302 1200 sed
1328 1149 1450 1215 primum
1470 1148 1504 1201 de
1526 1150 1609 1218 syriae
1632 1151 1762 1219 partibus
1784 1151 1819 1206 ad

998 1211 1172 1277 spoletanam
1200 1216 1296 1271 urbem
1319 1220 1407 1273 veuit·
1429 1220 1554 1274 Prudens
1577 1222 1665 1276 lector
1685 1221 1819 1277 animad-

997 1289 1084 1348 verte,
1109 1299 1171 1353 quae
1196 1286 1312 1343 fuerunt
1334 1288 1491 1344 Gothorum
1518 1297 1643 1360 tempora
1665 1292 1755 1361 prima
1777 1291 1819 1347 rel

998 1367 1060 1475 quae
1075 1355 1276 1423 llornnnorum,
1295 1361 1463 1430 priusquam
1488 1361 1589 1416 hitalia
1606 1363 1706 1433 gentili
1723 1362 1820 1433 gladio

1009 1426 1123 1480 eruenda
1150 1430 1318 1484 traderetur.
1345 1435 1461 1487 llonstat
1484 1433 1575 1501 igitur
1596 1435 1731 1503 quoniam
1755 1439 1821 1490 aute

998 1494 1106 1562 praefati
1118 1498 1320 1567 gloriosissimi
1332 1503 1478 1573 pontilicis
1489 1517 1543 1559 uon
1556 1505 1696 1560 modicum
1709 1512 1821 1572 tempus

996 1567 1144 1649 corallitum
1155 1578 1198 1625 est
1212 1576 1416 1628 monasterium
1431 1575 1517 1629 istud.
1537 1591 1586 1644 pro
1599 1590 1631 1630 eo
1643 1577 1717 1646 quud
1734 1588 1821 1630 vene·

998 1639 1100 1693 rabulis
1124 1644 1266 1698 memoriae
1294 1645 1406 1699 laetatum
1431 1660 1513 1714 ysaac
1538 1645 1674 1711 collegam
1698 1645 1822 1702 scillicet

996 1711 1172 1766 sanctissimi
1189 1714 1275 1782 liujus
1287 1715 1415 1769 blnnachi
1430 1717 1710 1772 tarmentiihbbatis.
1725 1730 1779 1770 nou
1791 1729 1821 1772 se

995 1783 1103 1835 vidisse
1116 1798 1155 1835 ss.
1170 1786 1346 1851 temporibus
1358 1787 1488 1841 extitisse
1500 1788 1664 1856 descripsit.
1676 1789 1722 1841 sed
1737 1788 1819 1855 prio-

997 1852 1078 1906 ribus
1092 1854 1206 1908 illorum
1215 1856 1557 1925 Gothorumternporibus
1566 1856 1655 1912 fuisse
1666 1856 1817 1911 manifesta

997 1924 1135 1979 relatione
1152 1926 1296 1993 professus
1310 1935 1362 1981 est.
1380 1930 1448 1982 Nam
1462 1930 1557 1997 priora
1569 1930 1727 1983 Gothorum
1743 1932 1820 1982 tem-

997 2008 1073 2064 pora.
1091 2003 1122 2049 ut
1137 1998 1232 2051 serius
1243 1998 1347 2065 coniici
1363 2005 1463 2067 potest,
1479 2005 1510 2054 ut
1526 2000 1554 2052 in
1571 1999 1819 2069 scriptisChroni·

996 2080 1035 2120 cac
1052 2067 1179 2122 historiae
1191 2068 1285 2123 Orosii
1305 2071 1461 2138 Presbyteri
1476 2071 1626 2138 reperitur.
1640 2070 1690 2124 llla
1702 2068 1821 2124 fuerunt

997 2137 1111 2206 quaudo
1128 2146 1262 2209 regnante
1276 2140 1419 2195 hrchadro
1436 2142 1605 2208 imperatore
1621 2154 1678 2209 quo
1694 2147 1820 2208 tempore

996 2208 1165 2264 hrrrln·osius
1178 2212 1252 2278 apud
1275 2211 1477 2265 Mediolanum.
1495 2212 1635 2265 llartinus
1651 2224 1716 2264 sero
1735 2211 1820 2277 cujus

997 2280 1141 2351 gloriosus
1156 2282 1254 2335 extitit
1274 2284 1424 2337 transitus.
1439 2295 1455 2336 a
1468 2283 1582 2336 harmini
1598 2282 1730 2349 passione
1745 2291 1821 2334 anno

996 2363 1138 2404 ceccaum.
1161 2353 1254 2405 atatis
1273 2366 1331 2406 sua
1345 2367 1421 2408 aurio
1433 2366 1531 2406 cxxxi.
1557 2353 1743 2420 Episcopatus
1755 2362 1821 2405 vero

997 2436 1075 2475 xxva.
1089 2424 1116 2474 in
1129 2422 1308 2491 galliisapud
1321 2431 1448 2478 turonos.
1458 2431 1486 2478 et
1494 2425 1569 2491 apud
1577 2423 1715 2477 Bethleem
1727 2421 1822 2476 fliero-

997 2493 1822 2562 aymus.quiexpletisaer.vitauaunisadllhristummigra·

996 2565 1047 2617 rit.
1062 2562 1139 2617 velut
1149 2565 1242 2618 sidera
1250 2565 1408 2619 radiabant.
1422 2566 1597 2635 liadagasius
1607 2579 1653 2620 rex
1661 2564 1820 2619 Gothorum

997 2635 1046 2703 qui
1064 2637 1170 2688 virtute
1180 2643 1207 2687 et
1222 2641 1323 2690 tratura
1333 2636 1472 2691 barbarus
1482 2644 1552 2703 erat,
1562 2643 1594 2690 et
1609 2636 1704 2690 scitha
1715 2634 1821 2689 habens

998 2745 1093 2785 secum
1107 2745 1178 2785 ccxc.
1200 2734 1337 2787 hominos.
1356 2734 1448 2803 primo
1461 2734 1570 2788 italiam
1581 2733 1746 2788 ‹levastavit
1762 2733 1822 2786 ita-

999 2816 1052 2870 que
1067 2810 1129 2869 post
1144 2811 1278 2871 regnante
1295 2805 1381 2858 fratrc
1396 2807 1458 2873 ejus
1475 2805 1596 2859 honorio
1611 2804 1755 2858 halaricus
1772 2807 1838 2857 rex'

998 2875 1155 2926 Gothorum
1174 2876 1287 2928 liornam
1306 2877 1419 2929 irrrasit.
1440 2883 1604 2944 partemque
1614 2876 1675 2943 ejus
1688 2878 1752 2944 igne
1763 2886 1821 2927 ere·

999 2944 1096 3011 mavit,
1127 2958 1187 2998 vrru
1219 2946 1244 2999 k.
1273 2948 1408 3014 septemb.
1439 2960 1514 3001 arrno
1543 2947 1721 3000 corrditionis
1757 2944 1821 3012 ejus

119 3029 191 3087 ferre
202 3032 315 3100 peritiae
327 3033 433 3101 prioris
443 3033 524 3088 illius
536 3034 740 3106 chronologia
754 3038 944 3105 quoChroni-
959 3028 982 3086 C
999 3026 1069 3067 Μ·
1085 3028 1138 3068 ¹¹¹¹·
1156 3030 1188 3069 ³⁰
1204 3016 1250 3070 ¹¹³⁰
1267 3031 1304 3070 Ἠ·
1320 3024 1382 3087 past
1395 3031 1480 3088 ‘luam
1493 3016 1584 3072 suerat
1596 3018 1625 3071 ⁵¹¹
1638 3030 1698 3071 (Μ
1713 3017 1820 3084 ingres·

117 3133 167 3175 con
183 3119 320 3175 farfense
329 3133 362 3174 ex
375 3121 476 3176 iisdem
488 3123 668 3179 documentis
679 3125 788 3178 archivi
802 3133 829 3179 et
841 3125 944 3181 biblio

117 3209 203 3264 thecae
218 3208 421 3280 colligebatur.
432 3210 585 3266 Undecimo
595 3213 944 3268 enimsaeculoaeraechri-

118 3296 217 3353 stianae
245 3311 310 3354 eum
338 3298 485 3370 scriberet,
508 3309 594 3370 atque
617 3301 776 3358 illustraret
801 3303 941 3374 originem

120 3387 297 3454 monasterii,
325 3384 404 3442 felici
440 3389 512 3444 satis
544 3395 648 3445 conatu
673 3391 828 3459 explicavit
856 3399 942 3462 atque

119 3471 255 3528 distinxit
271 3474 399 3529 involuta
419 3477 572 3546 caeteroqui
588 3484 616 3531 et
637 3477 759 3533 obscura
781 3479 940 3534 Gothorum

121 3566 244 3631 tempora
262 3563 301 3616 ita
316 3568 347 3617 ut
361 3563 436 3618 inter
452 3565 575 3634 aequales
595 3580 664 3621 suos
677 3567 815 3622 excellere
832 3568 861 3623 iu
882 3573 943 3624 arte

122 3649 323 3721 chronologica
345 3651 486 3706 rideatur.
506 3652 599 3721 Quare
614 3668 648 3707 ex
672 3654 780 3723 regulis
803 3657 896 3726 prima
915 3663 943 3712 ct

122 3740 201 3794 tertia
213 3739 335 3794 critices
347 3744 504 3809 temporum
517 3743 602 3811 paulo
612 3749 677 3798 ante
687 3745 856 3800 (constitutis
867 3760 944 3814 opau-

122 3825 190 3882 seuli
208 3829 498 3899 praecedentiscapire
508 3830 534 3900 d,
547 3845 611 3886 cum
624 3833 753 3888 iduotum
770 3835 818 3902 sit,
833 3847 940 3903 nempe.

124 3916 193 3972 inter
208 3919 388 3988 proximiora
405 3925 486 3976 aetate
504 3934 537 3976 ac
554 3921 615 3976 loco
630 3923 799 3978 documenta
816 3922 864 3977 illa
883 3937 944 3978 esse

124 4007 305 4078 preferenda,
330 4022 392 4078 quac
414 4022 463 4078 per
486 4010 602 4065 idoneos
629 4013 707 4067 viros
728 4025 761 4066 oc
781 4012 944 4082 disciplinae

123 4106 279 4172 temporum
297 4103 404 4171 peritos
426 4102 509 4158 nobis
528 4103 739 4166 ministrentur,
756 4104 945 4172 consequitur

124 4196 151 4245 ut
170 4192 262 4246 istius
281 4191 416 4247 Chroniei
433 4198 577 4247 auctorem
601 4206 656 4246 non
683 4193 760 4261 parvi
782 4191 944 4247 faciendum

124 4278 272 4334 uobiscum
294 4283 421 4335 sentiant
440 4286 581 4350 quotquot
595 4293 629 4335 ex
654 4282 782 4350 proxime
798 4281 945 4336 referendo

999 3099 1056 3138 sus.
1070 3087 1224 3154 beprredata
1236 3087 1308 3142 Urbe
1321 3103 1452 3155 egressus
1465 3096 1516 3142 est.
1529 3102 1594 3143 cum
1612 3084 1822 3142 iucarnationis

997 3156 1148 3210 dominica
1162 3166 1294 3228 ageretur
1312 3173 1406 3214 arturus
1421 3173 1528 3214 dacaru.
1547 3166 1615 3214 turre
1636 3159 1721 3212 etiam
1745 3155 1819 3224 apud

996 3229 1214 3297 ypponiregium
1232 3228 1463 3287 fulgentissimus
1474 3232 1620 3298 totiusque
1631 3228 1749 3283 florebat
1761 3228 1822 3280 lla-

998 3298 1086 3365 gister
1114 3299 1244 3352 ltcelesise
1269 3302 1457 3369 rtrrgusrinns.
1486 3301 1570 3354 tertio
1593 3301 1686 3367 ipsius
1714 3296 1821 3351 civita-

998 3368 1035 3420 tis
1051 3369 1212 3423 obsidionis
1225 3385 1299 3424 anno
1316 3385 1410 3425 meuse
1423 3386 1461 3424 rr.
1472 3378 1574 3425 etuas.
1590 3373 1656 3422 rita
1666 3371 1693 3422 in
1705 3367 1820 3422 Christo

997 3439 1115 3507 (perierit.
1128 3440 1235 3494 Deinde
1247 3448 1346 3510 agente
1359 3441 1679 3511 prasulatumllomanae
1690 3435 1822 3491 Ecclesia.

997 3509 1076 3563 leone
1092 3524 1107 3563 a
1121 3512 1267 3579 genserico
1283 3514 1368 3566 llorna
1385 3518 1464 3579 rapta
1480 3517 1529 3564 est.
1556 3517 1703 3577 postquam
1727 3507 1821 3576 primo

997 3592 1056 3632 earn
1072 3581 1198 3634 alaricus
1213 3584 1354 3635 invaserat
1370 3596 1400 3636 u.
1422 3583 1480 3647 jam
1505 3581 1566 3634 vice
1589 3580 1711 3647 expletis
1736 3576 1770 3631 ab
1786 3589 1820 3631 ee

999 3656 1123 3717 tempore
1145 3665 1211 3704 ιιιιιι.
1240 3665 1333 3706 scurra.
1360 3653 1557 3706 attenuatione
1580 3652 1642 3718 eins
1667 3662 1715 3704 ιιι.
1733 3655 1819 3717 atque

998 3733 1047 3774 rut
1073 3729 1100 3774 et
1121 3721 1156 3773 ab
1180 3724 1377 3777 incarnatione
1391 3725 1457 3777 Chr.
1474 3724 1563 3776 eeuch.
1584 3734 1636 3775 ru.
1663 3723 1727 3775 Post
1744 3719 1769 3772 h.
1789 3732 1816 3773 u.

999 3792 1175 3858 temporibus
1185 3796 1291 3863 agapiti
1309 3808 1386 3863 papae
1396 3795 1496 3848 antrod
1511 3794 1631 3847 arninicae
1643 3790 1822 3846 incarrnatio-

999 3865 1044 3917 nis
1066 3876 1198 3917 oaxrrru.
1216 3866 1294 3935 gothi
1323 3865 1419 3919 urbem
1444 3866 1598 3933 possident.
1625 3864 1756 3917 universa
1773 3872 1823 3928 per

998 3935 1151 3988 circuitum
1165 3935 1379 4003 direptionibus
1391 3945 1418 3991 et
1428 3936 1571 3989 incendiis
1580 3935 1741 3989 absumunt.
1754 3931 1823 4000 qui-

1000 4006 1053 4059 bus
1066 4007 1201 4075 guittigis
1217 4008 1351 4077 regnabat
1377 4007 1437 4075 Quo
1454 4015 1579 4075 tempure
1592 4007 1621 4060 in
1633 4003 1822 4083 tirientey'u87

1001 4079 1131 4131 tinianus
1158 4080 1323 4147 irriperabat.
1340 4080 1464 4149 (lenique
1489 4086 1571 4146 captu
1594 4077 1716 4147 guittige
1741 4073 1821 4143 gothi

1003 4149 1184 4205 hildebaldum
1214 4152 1397 4205 constituunt
1420 4163 1521 4215 regent.
1542 4149 1592 4218 qui
1614 4149 1700 4202 etiam
1725 4143 1822 4226 eodem

1001 4235 1075 4274 aranu
1093 4222 1253 4288 perimitur.
1271 4233 1298 4276 et
1312 4220 1547 4288 regnurnaeeepit
1562 4219 1687 4273 Errrrius.
1706 4229 1756 4285 qrri
1774 4225 1824 4267 aec

1001 4294 1068 4346 dum
1085 4306 1159 4346 aranu
1183 4293 1294 4362 expleto
1308 4293 1468 4363 jugulatur.
1486 4299 1554 4345 trrnc
1578 4289 1634 4345 sibi
1653 4291 1681 4343 in
1704 4296 1822 4356 regnum

124 4370 278 4438 specimine
294 4368 377 4424 illius
391 4371 498 4442 ingenii
517 4372 573 4425 aim
588 4384 620 4425 ac
633 4369 808 4426 soliditatem
829 4372 988 4440 perspe-I)
1006 4365 1163 4433 prauhciunt
1178 4366 1325 4419 lirrrluilam
1339 4363 1387 4433 cyrri
1399 4362 1659 4425 dicebaturl'otila,
1673 4361 1721 4429 qui
1739 4354 1822 4410 undi-

125 4465 192 4515 ctam
219 4460 343 4515 babeant
368 4461 398 4515 iu
420 4468 484 4530 apte
508 4460 671 4531 colligendo
693 4467 720 4516 et
743 4463 945 4518 constituendo

124 4560 286 4604 commensu
303 4555 471 4618 temporum,
486 4563 541 4604 non
558 4551 620 4604 sine
638 4551 768 4617 prudenti
785 4552 947 4606 haesitatio-

126 4637 167 4692 nis
180 4637 350 4692 testimouio
365 4635 412 4691 ubi
427 4643 502 4692 certa
515 4638 550 4692 ad
560 4639 778 4692 asseverandum
792 4646 946 4709 exacteque

125 4725 318 4781 dedolendum
333 4735 500 4798 argumenta
514 4727 595 4782 illum
608 4726 780 4781 destituunt.
798 4728 845 4782 Sic
855 4728 946 4799 igitur

129 4813 149 4868 is
164 4813 322 4871 perscribit
341 4815 376 4870 de
399 4815 492 4884 prima
507 4812 676 4870 fundatione
693 4817 857 4871 monasterii
875 4818 946 4872 Far-

127 4903 222 4961 tensis.

158 5024 171 5054 ι
194 5003 328 5074 Legimus
343 5005 437 5058 tamen
452 5003 481 5057 in
497 5003 648 5058 autentica
664 5003 891 5059 constructionis
907 5004 948 5059 il-

128 5073 182 5130 lius
208 5074 374 5144 prohaemio.
410 5075 484 5142 (ised
510 5088 526 5128 a
549 5075 725 5142 temporibus
756 5076 945 5130 homanorum

128 5150 292 5215 priusquam
303 5144 408 5200 llitalia
421 5145 522 5215 gentili
532 5146 627 5216 gladio
638 5144 765 5200 ferienda
777 5147 946 5215 traderetur,

128 5222 180 5273 tres
206 5217 264 5270 viri
292 5217 327 5271 de
350 5217 426 5270 siria
453 5217 640 5285 advenerunt,
670 5217 782 5272 scilieet
803 5231 896 5286 ysaac,
920 5225 948 5272 et

127 5289 254 5355 toaunes,
267 5293 355 5356 atque
370 5289 539 5344 Laurentius
554 5302 619 5342 cunr
635 5302 685 5342 sua
702 5302 836 5359 germana
851 5303 949 5344 sorore

129 5372 261 5415 susanna.
283 5360 323 5413 ile
342 5373 463 5429 quorum
485 5360 577 5428 prrinro
599 5360 720 5415 duorum
749 5360 848 5414 beatus
877 5362 948 5429 Papa

128 5429 291 5502 Gregorius.
304 5432 354 5500 tyni
368 5443 383 5483 a
399 5429 480 5484 beato
492 5438 570 5499 petro
584 5430 681 5486 extitit
697 5436 775 5486 lari.
792 5437 820 5485 et
835 5445 882 5500 per
895 5445 950 5486 ran-

130 5513 192 5557 num
205 5501 364 5556 herminius
377 5503 600 5557 iucarnatiouies
614 5515 687 5556 uetur.
704 5517 867 5572 mensesque
882 5516 900 5556 x
912 5507 951 5557 at·

130 5585 181 5641 que
192 5573 257 5627 dies
268 5585 317 5626 xx.
343 5571 403 5627 ind.
426 5585 455 5626 u.
479 5586 521 5628 ιιι.
536 5586 603 5628 non.
625 5581 681 5629 oct.
708 5587 736 5628 ιιι
753 5575 950 5643 pontificatum

130 5652 170 5701 est
182 5651 361 5716 assumptus.
386 5647 543 5716 imperante
563 5646 672 5717 tyberio
694 5655 826 5720 augusto.
846 5647 894 5702 Sic
919 5647 950 5702 lu

1002 4450 1056 4505 que
1070 4438 1198 4491 exercitu
1208 4437 1326 4492 collecto
1339 4449 1440 4489 rursus
1453 4438 1612 4488 rrrrirersam
1632 4430 1760 4486 hitaliam
1776 4427 1824 4481 itt-

1001 4510 1087 4562 vadrt.
1108 4508 1262 4577 urbemque
1278 4507 1420 4560 obsessam
1438 4519 1554 4574 perant.
1568 4503 1821 4580 diesrntroicruht.

1001 4579 1178 4647 ternpnrlbus
1194 4578 1286 4647 sigilii
1310 4591 1385 4645 papa
1408 4583 1435 4630 et
1453 4575 1607 4644 justiniani
1630 4574 1821 4640 imperatoris.

1001 4651 1112 4705 scilicet
1141 4656 1204 4717 post
1226 4648 1435 4702 irrearnationrs
1458 4647 1610 4700 dominicae
1635 4656 1724 4696 aranos
1749 4640 1821 4721 Dal..

1000 4722 1060 4775 lud.
1079 4735 1142 4774 xrrr.
1158 4721 1193 4773 ab
1207 4720 1349 4774 archadio
1366 4719 1462 4787 itaque
1477 4730 1551 4787 rege,
1574 4713 1706 4783 usquead
1732 4714 1825 4791 justr-

1000 4806 1066 4845 num
1080 4792 1235 4860 juniorem.
1253 4790 1306 4845 sub
1328 4804 1384 4857 quo
1405 4802 1502 4842 narses
1519 4792 1706 4841 homanorum
1730 4788 1824 4851 patra-

1001 4864 1061 4916 tius
1074 4877 1136 4916 curn
1153 4864 1231 4917 totila
1246 4862 1402 4915 artavissinro
1413 4862 1564 4930 gothorum
1577 4857 1718 4910 dimicans
1739 4863 1824 4904 eum-

1002 4947 1056 5004 que
1083 4946 1220 5000 superans
1255 4931 1397 5001 edrrgarit.
1416 4932 1483 4983 anari
1514 4934 1580 4982 surrt
1609 4923 1822 5002 fereuaxruu.

1004 5004 1099 5058 Priora
1116 5009 1181 5056 iton
1199 5009 1323 5069 tempora
1343 5003 1501 5054 Gothorum
1517 5001 1654 5065 ceperunt
1669 4997 1825 5063 imperante

1002 5075 1122 5128 valente.
1137 5075 1250 5141 cyrrtaada
1267 5073 1332 5125 item
1343 5071 1428 5124 (teithi
1448 5072 1615 5139 pergentem
1630 5067 1794 5120 hrrurmrum
1808 5076 1825 5119 a

1003 5145 1119 5201 sedibus
1135 5145 1261 5212 propriis
1276 5141 1398 5210 expulsi.
1418 5144 1539 5195 transito
1552 5136 1682 5193 llanubio
1696 5136 1825 5215 fugantes

1003 5232 1018 5272 a
1043 5216 1157 5284 putrefacto
1182 5215 1312 5285 principe
1333 5215 1543 5281 suscipiuntur.
1561 5212 1628 5264 Nam
1646 5205 1824 5276 terrrporrbus

1004 5289 1190 5342 ralrrrrtiniani
1224 5287 1404 5354 imperatoris
1440 5286 1515 5338 inter
1538 5281 1635 5337 traciae
1664 5280 1738 5360 liures·
1758 5291 1823 5332 cum

1004 5360 1193 5413 communiter
1210 5359 1379 5411 lralritarent.
1408 5355 1447 5410 ibi
1461 5357 1547 5410 divisi
1569 5359 1644 5408 sunt.
1665 5349 1823 5431 Prrdrgern.

1005 5444 1068 5485 earm
1094 5431 1299 5498 suprascriptis
1323 5430 1498 5497 ostrogothis
1514 5427 1620 5483 vocatis
1644 5419 1821 5480 rrrrentalem.

1005 5502 1155 5556 hlieeruus
1170 5516 1235 5553 vero
1250 5514 1314 5554 ιιιιιιι
1326 5514 1378 5553 suo
1389 5505 1513 5554 exercito
1524 5499 1570 5552 eui
1584 5491 1752 5552 vocabulum
1764 5501 1826 5546 ertit

1005 5571 1181 5645 guisigothis
1194 5571 1224 5624 lt.
1242 5573 1271 5624 P.
1286 5571 1489 5625 occidentalem
1500 5572 1670 5638 optinentes.
1686 5563 1749 5617 ¹1³3ss
1759 5575 1825 5617 lero

1005 5643 1149 5713 prolixius
1164 5644 1344 5697 narravimus
1364 5647 1394 5695 ut
1411 5640 1506 5708 priora
1522 5640 1674 5711 gothorum
1697 5640 1824 5701 tempora
