3892 6136
377 281 600 340 arsionibus
620 284 706 340 vlits
724 282 808 339 bont.
829 282 927 339 PONT.
946 311 978 324 -
998 283 1025 337 S.
1047 282 1253 340 ANACLETUS.

1597 285 1667 346 4430

90 407 296 476 superstionis
311 407 522 478 impendittqui
535 408 727 464 necillicirra
741 404 954 474 cu-Aregulas
987 418 1073 475 supra
1111 407 1286 462 constitutas
1318 411 1346 462 in
1384 411 1523 479 opusculo
1559 410 1588 466 44
1618 422 1671 498 ca·⁴

90 492 190 548 porum
204 479 293 548 deest)
303 481 464 548 scripserit,
479 488 507 535 et
520 481 636 547 scribat,
651 494 683 535 ac
699 479 788 549 signi·

90 549 127 604 ιιιι
156 550 230 615 dies,
258 550 365 618 quihus
388 551 417 605 in
444 565 556 606 carcere
587 550 661 606 beati
686 549 788 604 iratres

90 620 118 675 ιιι
147 621 390 675 immortalitatem
417 621 549 690 gloriosa
581 623 682 677 mortis
706 624 787 676 exitu

90 697 126 753 ιι,
142 698 171 746 et
186 691 366 746 celebrentur
387 692 461 748 bica
479 693 562 748 nobis
574 693 747 761 oblationes,
760 701 788 746 et

94 762 159 826 aad
171 764 455 819 commemorationes
467 778 576 827 eorum,
593 778 656 834 quae
671 765 729 819 cito
744 777 788 817 vo

97 833 786 903 borninoprotegente,celebrabimus.»indicavi

90 917 115 959 m
125 917 245 959 numero
259 902 292 958 48
307 903 485 969 praelationis
498 907 527 960 in
541 908 665 976 primum
679 913 786 961 tomum

89 975 129 1044 ιι,
156 989 239 1044 quam
256 975 450 1044 praelationem
466 978 490 1032 si
512 977 600 1032 lector
614 978 695 1033 adire
707 977 787 1047 velit,

93 1059 221 1112 numero,
235 1051 296 1100 tum
312 1050 556 1116 consequentibus
574 1050 608 1104 ad
624 1046 669 1117 32,
691 1047 788 1118 perci-

90 1130 136 1172 am
153 1118 261 1186 injuste
278 1118 412 1186 rejiciam
431 1119 528 1175 critici
544 1121 713 1185 severiores,
728 1120 788 1173 Do-

104 1200 138 1243 ac
159 1189 340 1257 Pearsonius,
357 1189 583 1261 chronologiam,
603 1191 738 1261 martyria
759 1194 788 1244 et

90 1258 218 1329 omplnra
244 1260 372 1328 priorum
391 1260 557 1330 pontificum
582 1262 784 1319 Romanorum.

90 1345 96 1384 ι
114 1331 259 1401 catalogos
271 1331 367 1399 quarti
383 1331 481 1387 saeculi
498 1346 531 1387 ex
544 1333 725 1388 documentis
743 1332 785 1386 in·

90 1400 219 1456 ilem-inae
234 1402 378 1467 Ecclesiae,
394 1402 461 1458 licet
475 1415 507 1457 ea
523 1416 577 1458 non
595 1410 788 1459 memorentur

90 1471 222 1536 rsebinm,
239 1471 280 1526 vel
299 1474 373 1541 apud
387 1473 547 1543 Scriptores
566 1475 689 1530 Eusebio
707 1474 788 1533 anti-

92 1556 176 1611 ;cum
189 1543 309 1613 ipsemet
318 1543 670 1613 EpiscopusCasariensis
681 1545 788 1614 optime

90 1626 142 1669 aon
155 1613 247 1668 luisse
257 1615 388 1669 universa
404 1617 562 1685 perscripta
574 1616 610 1671 ab
620 1618 786 1687 llegesippo,

90 1697 139 1748 aeo,
158 1698 174 1738 a
192 1685 336 1739 Clemente
358 1686 563 1756 Alexandrino,
587 1687 733 1758 aliisque:
760 1692 788 1742 et

844 477 902 545 pite
911 475 938 530 2.

877 547 904 601 8.
924 547 1070 604 Discussis
1085 547 1274 617 opinionibus
1297 550 1492 619 praejudicatis
1510 554 1667 622 Pearsonii,

842 618 986 683 Doduelli,
1001 632 1157 689 eorumque
1175 621 1306 685 editoris,
1323 629 1473 678 convertor
1491 624 1525 678 ad
1539 625 1666 681 Anacleti

843 697 979 759 tempora,
996 695 1024 744 et
1039 690 1190 745 historiam
1205 692 1443 761 comprobandam
1457 707 1490 748 ex
1508 695 1570 763 ipso
1584 697 1668 751 Euse-

843 759 902 818 bio,
916 761 965 829 qui
985 760 1058 815 libro
1081 775 1123 823 ιιι,
1140 775 1200 827 cap.
1219 760 1261 829 45,
1279 764 1401 818 scribit:
1418 784 1430 815 ι
1445 765 1526 820 hnno
1540 766 1666 834 ejusdem

844 831 959 899 imperii
976 830 1343 903 (Domitianilduodecimo,
1359 835 1542 904 bnenclelus,
1558 839 1668 893 exactis

844 901 872 954 in
892 902 1063 971 Episcopatu
1074 903 1159 957 annis
1169 904 1331 971 duodecim,
1344 918 1537 961 successorem
1549 908 1670 978 reliquit

842 972 1023 1028 Clementem.
1041 992 1054 1022 u
1075 975 1136 1031 buo
1157 973 1300 1029 affirmat:
1319 976 1442 1044 primum
1462 983 1515 1042 est,
1534 979 1667 1035 duoden-

845 1043 936 1098 nalem
954 1044 1150 1114 episcopatum
1162 1045 1289 1100 anacleti
1307 1047 1413 1115 pariari
1425 1061 1490 1103 cnm
1502 1049 1669 1104 duodecen-

844 1115 892 1168 nio
918 1115 1099 1180 Domitiani,
1121 1114 1242 1171 alterum
1267 1121 1320 1184 est,
1343 1118 1481 1174 hnacleto
1492 1121 1668 1176 successisse

841 1183 1012 1240 Clementem
1034 1186 1063 1240 in
1081 1186 1248 1256 episcopatu
1263 1187 1399 1256 Romano,
1422 1202 1497 1245 anno
1513 1188 1547 1245 42
1565 1192 1668 1247 bomi-

843 1256 926 1310 tiani.
944 1256 1106 1312 &cundum
1132 1257 1184 1312 hoc
1208 1270 1363 1329 negamus:
1383 1261 1507 1328 primum
1523 1260 1595 1317 illud
1611 1263 1667 1317 ad-

843 1327 998 1397 mittimus,
1028 1329 1075 1383 sed
1101 1327 1186 1396 paulo
1210 1328 1295 1385 aliter
1318 1344 1351 1386 ac
1377 1336 1485 1387 statuat
1508 1332 1663 1389 Eusebius.

841 1398 911 1452 Nam
928 1413 992 1453 curn
1008 1399 1158 1470 catalogis,
1172 1406 1200 1454 et
1214 1413 1279 1456 cum
1301 1401 1425 1470 picturis
1448 1402 1575 1458 basilicas
1590 1405 1668 1460 Pau-

843 1467 910 1523 linae
936 1469 1094 1526 tribuimus
1107 1470 1243 1527 anacleto
1262 1472 1341 1527 sedis
1365 1475 1495 1529 itomanae
1515 1487 1606 1531 annos
1623 1473 1665 1542 42,

842 1545 870 1594 et
889 1548 1022 1610 praeterea
1039 1555 1149 1596 menses
1169 1543 1276 1611 decem,
1295 1545 1458 1613 etquidem
1477 1544 1531 1600 snb
1548 1545 1669 1615 imperio

841 1611 998 1666 Domitiani
1011 1612 1040 1666 in
1050 1627 1107 1681 quo
1117 1613 1341 1669 consentientem
1354 1615 1490 1671 babemus
1500 1616 1667 1672 Eusebium.

842 1682 893 1736 llic
914 1689 1007 1738 tanam
1024 1684 1116 1753 pariat
1141 1683 1265 1752 primum
1291 1685 1405 1755 imperii
1431 1687 1600 1756 Domitiani,
1618 1688 1669 1758 qui

90 1755 222 1811 lectorem
240 1763 360 1824 moneat,
378 1759 543 1813 altemanis
559 1758 665 1826 titulis,
679 1772 712 1814 ac
725 1771 781 1815 cm
802 1752 900 1827 Bluit
920 1767 983 1808 aerae
1005 1753 1178 1809 Christianae
1200 1751 1246 1820 82,
1272 1770 1337 1810 cum
1366 1757 1459 1825 primo
1483 1759 1668 1827 episcopatus

90 1827 262 1897 rcomplura,
275 1828 503 1898 ascriptoribus,
517 1828 560 1884 vel
575 1830 709 1885 districta
722 1830 788 1886 levi·
841 1824 989 1892 hnacleti3
1014 1837 1065 1880 nos
1091 1839 1156 1881 vero
1181 1825 1299 1881 initium
1325 1828 1453 1883 anacleti
1469 1829 1670 1898 componimus

89 1899 289 1968 praetermissa,
304 1898 402 1969 colligi
420 1905 447 1954 et
462 1900 642 1969 comprobari
658 1902 697 1956 ita
710 1901 788 1956 scri-

93 1982 133 2023 ,ιι
146 1969 215 2024 hist.
230 1970 304 2024 Eccl.
319 1983 381 2038 cap.
397 1967 446 2025 2ὃι
470 1973 536 2026 ιιι
552 1972 657 2027 Paulus
670 1973 787 2042 quidem

90 2041 790 2109 rpiteuuncatus‚Petrusverocrucihxustuisse

90 2111 204 2179 Nerone)
227 2116 361 2182 regnante
376 2113 539 2168 traduntur.
567 2114 656 2182 Quam
673 2115 789 2184 quidam

90 2194 158 2237 inem
175 2181 288 2237 abunde
300 2182 471 2239 confirmant
485 2184 559 2239 Petri
583 2184 722 2254 Paulique
736 2199 792 2240 no-

90 2253 211 2322 asignita
241 2262 432 2323 monumenta,
450 2270 513 2324 quae
537 2256 567 2309 in
594 2254 674 2310 urhis
698 2257 792 2311 Rornae

90 2325 139 2379 riis
154 2325 310 2379 etiamnum
333 2326 477 2380 visuntur.
496 2346 509 2375 ι
530 2325 660 2382 Ostendit
679 2340 793 2397 quoque

90 2394 192 2451 obandi
208 2397 370 2452 methodum
384 2397 526 2464 placuisse
538 2398 616 2467 Caio,
629 2399 690 2453 viro
699 2398 794 2453 catho-

90 2480 185 2522 rersus
208 2467 359 2522 Proculum
382 2468 624 2538 cataphrygarum
642 2476 793 2538 patronum

90 2539 107 2593 li
137 2537 190 2593 sub
220 2538 355 2606 pontilice
376 2538 554 2608 zephyrino,
578 2554 643 2594 cum
664 2541 791 2595 diceret:

90 2622 144 2665 'ero
159 2609 354 2678 apostolorum
378 2616 483 2678 tropaea
498 2624 612 2680 possam
628 2612 791 2666 ostendere.

90 2694 120 2736 ve
144 2680 173 2735 in
201 2680 379 2744 Vaticanum,
397 2682 457 2736 sive
478 2682 512 2736 ad
534 2682 693 2737 Ostiensem
721 2683 795 2736 viam

100 2750 180 2810 libet,
201 2759 352 2807 occurrent
371 2751 425 2806 tibi
443 2758 547 2821 tropaea
567 2766 666 2808 eorum
682 2753 732 2823 qui
746 2767 798 2808 ec-

100 2821 178 2878 illam
195 2821 394 2878 fundaverunt.
412 2842 425 2872 u

90 2929 247 2999 retiaque
277 2936 374 2985 nostro
400 2930 521 2994 utimur,
548 2931 575 2985 si
606 2931 797 2988 Romanorum

93 3012 139 3056 nm
153 3006 290 3069 tempora,
315 3007 403 3071 gesta,
422 3003 568 3072 martyria,
582 3004 731 3058 anotariis
743 3006 799 3058 Ec-

90 3071 209 3126 nandata
221 3071 338 3136 litteris,
350 3073 442 3127 incisa
456 3073 647 3128 marmoribus
655 3080 683 3129 et
693 3073 800 3130 locula-

102 3150 256 3211 martyrum
283 3141 366 3198 affixa
388 3157 444 3198 una
468 3159 532 3199 cum
549 3145 691 3214 sanguine
714 3159 798 3214 quem

90 3219 138 3271 int.
159 3220 190 3269 ut
208 3214 290 3269 testis
313 3214 440 3282 locuples
454 3222 497 3270 est
511 3216 693 3282 Prudentius,
709 3215 800 3271 malu-

90 3290 207 3354 peterea
223 3285 331 3340 nostris
347 3286 511 3354 tabulariis,
528 3286 684 3356 diptychis,
698 3294 798 3342 eorto-

90 3354 235 3426 catalogis,
253 3355 393 3421 basilicis,
406 3358 512 3424 tltrrlis,
528 3363 609 3412 aelate
619 3357 750 3425 proxima
762 3356 798 3410 ab

92 3426 299 3498 egerebantur
312 3425 451 3494 fundatis,
465 3428 586 3495 ornatis,
601 3429 724 3497 depictis
742 3443 799 3498 pu-

90 3498 797 3568 ua3quarnexpiscariabEutycblonlexandrino,

99 3567 197 3624 saeculi
220 3570 370 3638 scriptore,
394 3576 492 3625 secuto
507 3582 556 3624 nes
567 3571 604 3625 tio
619 3583 702 3639 quem
716 3578 799 3624 vetu-

90 3658 104 3704 ι,
140 3642 322 3707 suppositum
354 3653 371 3695 a
397 3642 561 3707 Pearsonio‚
591 3653 623 3694 aa
649 3640 798 3707 Doduello,

89 3723 157 3779 ique
173 3710 441 3767 rationibuscontra
455 3713 617 3767 Graecorum
632 3724 665 3765 ac
682 3712 801 3765 balino-

90 3780 187 3836 nnium
202 3782 329 3837 calculos
343 3783 573 3851 respondentem.
590 3783 687 3851 Neque
704 3781 799 3849 aliter,

90 3849 230 3907 iacturum
245 3853 664 3923 luisseconstatllegesippnm,
676 3852 802 3908 Clemen-

90 3923 287 3988 exandrinum,
315 3930 401 3994 atque
423 3924 594 3980 Eusebium:
619 3937 740 3994 quorum
771 3924 801 3979 in

90 4007 185 4049 reum
208 3995 358 4051 tradantur
377 3994 450 4050 laeta
473 3995 621 4064 complura
645 3995 724 4049 unici
744 3995 800 4050 viri

90 4065 146 4120 rnio
157 4065 338 4134 comprobata
372 4067 609 4136 uemapostolicae
618 4067 696 4121 aetati
711 4066 803 4134 proxi·

90 4136 270 4202 redivissent,
287 4147 338 4192 aut
352 4082 383 4192 he
404 4143 483 4192 erent
509 4138 618 4207 (qualia
640 4139 675 4192 de
697 4138 804 4192 loanne

92 4204 208 4261 ohabet
227 4153 451 4263 Eusebiuslffist.
464 4209 542 4263 Eccl.
562 4209 617 4263 lib.
638 4223 679 4272 ιιι,
692 4221 753 4277 cap.
768 4205 804 4262 23

90 4288 195 4333 necnon
206 4278 241 4333 de
251 4278 320 4333 aliis
334 4279 474 4347 apostolis
486 4281 584 4334 eodem
599 4279 673 4334 libro
684 4293 745 4349 cap.
758 4276 802 4346 38,

90 4360 166 4403 reone
180 4362 245 4419 cap.
270 4347 314 4415 32,
337 4350 439 4419 hisque
459 4350 617 4415 similibus)
641 4350 731 4405 multo
756 4349 805 4404 lu-

90 4434 98 4473 ι
126 4419 306 4476 admississet
335 4420 396 4485 illa,
427 4436 489 4490 quae
521 4422 685 4476 testimonio
714 4426 805 4476 coetus

90 4503 114 4545 ae
142 4491 172 4544 ia
208 4492 333 4560 publicis
361 4491 488 4562 ejusdem
518 4493 627 4547 tabulis
656 4491 805 4546 describe·

90 4667 240 4739 inquiunt,
261 4671 420 4727 recitantur
439 4672 554 4743 publica
575 4671 747 4726 auctoritate
763 4670 806 4725 le-

90 4771 92 4790 .
115 4740 230 4795 variare
247 4745 399 4811 postremis
420 4745 500 4800 curis
524 4743 628 4798 saeculo
650 4743 805 4812 superiori,

90 4825 92 4860 ι
116 4810 243 4879 Traiani,
266 4819 317 4869 ant
338 4815 457 4870 Adriani
482 4815 608 4881 nomina,
632 4826 664 4868 ac
681 4819 805 4880 tempora

111 4881 297 4951 pontificibus
316 4887 448 4955 apposita
477 4887 506 4940 in
531 4884 692 4954 superioris
713 4885 806 4964 atatis

90 4964 147 5021 ins,
162 4961 303 5023 expuncta
314 4963 342 5010 et
358 4961 515 5025 permutata
534 4961 602 5012 sunt
618 4957 647 5009 in
664 4958 807 5009 recentio-

93 5021 150 5077 lloc
164 5023 257 5093 ipsum
269 5040 335 5081 vero
347 5027 521 5096 comprobat,
532 5041 630 5083 curam
643 5026 672 5080 in
684 5027 808 5080 Romana

90 5106 111 5148 a
131 5106 277 5164 nunquam
302 5098 453 5153 dimissam
474 5099 634 5168 castigandi
652 5095 809 5166 posteriora

89 5162 252 5220 lacodicum
267 5167 302 5223 ad
315 5168 396 5223 iidem
409 5169 592 5238 autographi,
603 5173 654 5224 aut
668 5166 809 5222 vetustio-

90 5279 91 5286 ,
117 5234 245 5303 ejusdem
268 5239 395 5293 archivis
419 5239 558 5295 custoditi
573 5246 601 5294 et
625 5236 809 5306 comparandi

90 5304 200 5375 criptis,
228 5320 260 5362 ac
284 5310 491 5366 traditionibus
517 5311 569 5365 aeri
593 5309 756 5378 apostolici,
778 5320 811 5361 ac

89 5374 183 5431 iorum
194 5377 442 5435 documentorum.
456 5383 523 5435 Nam
533 5391 812 5458 errorcsamanuen-

99 5459 133 5501 ac
154 5449 365 5517 descriptorum
392 5459 568 5519 praevertere,
598 5457 648 5506 ant
673 5450 812 5516 impedire

90 5516 211 5573 idatum
225 5527 284 5575 est:
304 5536 503 5591 recognoscere
523 5535 597 5585 vero,
615 5526 812 5588 atqueernen-

90 5601 111 5642 rc
124 5590 277 5645 restituere
288 5606 428 5660 germanae
442 5593 558 5648 lectioni
570 5592 604 5646 ad
615 5591 678 5659 ey’us
687 5588 818 5658 diligen-

90 5660 224 5714 iertinet:
243 5676 327 5731 quam
348 5677 399 5718 nos
414 5669 622 5730 consectamur,
639 5660 736 5715 labore
757 5671 812 5714 raon

90 5742 104 5785 o
117 5731 275 5786 vetustiora
297 5734 384 5802 hujus
397 5734 532 5789 Ecclesia
547 5737 729 5788 monumenta
743 5743 816 5786 con-

842 1909 906 1950 cum
927 1895 1013 1951 tertio
1037 1896 1151 1965 imperii
1167 1897 1336 1964 Domitiani,
1354 1900 1403 1968 qui
1421 1896 1479 1954 luit
1499 1913 1593 1956 annus
1607 1914 1670 1955 aerae

842 1965 951 2021 Christi
963 1962 1009 2035 84,
1029 1979 1045 2021 ι
1068 1980 1124 2036 qua
1138 1972 1217 2036 parte
1232 1969 1403 2025 assertionis
1416 1976 1520 2025 nostrae
1533 1971 1671 2027 dissentit

844 2036 995 2093 Eusebius.
1010 2038 1101 2104 Hujus
1122 2044 1214 2092 mmen
1233 2038 1365 2094 historici
1387 2040 1496 2108 lapsum
1513 2055 1547 2097 ex
1562 2056 1671 2098 conso·

845 2107 904 2162 lum
917 2107 1084 2163 nominibus
1100 2122 1245 2179 perperam
1256 2110 1292 2165 ab
1303 2124 1337 2166 eo
1353 2111 1518 2182 intellectis,
1532 2114 1580 2168 sed
1598 2119 1672 2168 recte

846 2180 1026 2248 consignatis
1045 2180 1119 2247 apud
1145 2187 1308 2236 nostrorum
1333 2183 1498 2238 Latinorum
1515 2183 1659 2253 catalogos

848 2250 888 2303 ita
910 2250 1098 2321 detegendum
1125 2256 1269 2319 putamus.
1286 2253 1409 2323 Uterque
1433 2267 1527 2309 annus
1546 2252 1583 2308 82
1597 2261 1625 2310 et
1638 2225 1674 2309 84

848 2321 1006 2377 Domitiani
1030 2323 1152 2390 primus,
1179 2336 1211 2377 ac
1229 2324 1332 2379 tertius
1351 2327 1486 2395 signatur
1504 2324 1674 2381 consulibus

849 2392 1008 2447 ordinariis
1025 2395 1176 2447 Domitiano
1201 2398 1226 2447 rt
1240 2394 1343 2447 Sabino
1358 2413 1367 2461 ;
1387 2409 1450 2450 narn
1466 2409 1542 2450 anno
1555 2393 1592 2451 82
1604 2410 1674 2465 ape-

851 2469 973 2518 ruerunt
987 2463 1129 2518 Kalendas
1143 2465 1273 2519 ianuarii
1287 2468 1457 2520 basilianus
1473 2468 1540 2521 Vlll
1554 2473 1579 2522 et
1598 2470 1675 2522 Titus

850 2535 960 2588 Florius
974 2533 1093 2589 Sabinus
1104 2554 1112 2588 ι
1125 2535 1176 2603 qui
1190 2536 1323 2591 consules
1335 2536 1469 2607 leguntur
1482 2537 1511 2593 in
1529 2538 1676 2607 lapidibus

851 2605 972 2659 vetastis
986 2607 1061 2674 apud
1079 2605 1259 2672 Panrinium,
1277 2609 1306 2661 in
1318 2607 1420 2673 Fastis,
1437 2615 1464 2663 et
1479 2609 1554 2678 apud
1570 2610 1679 2665 Grute-

852 2689 915 2730 rum
932 2673 985 2730 lol.
1000 2674 1036 2732 68
1052 2688 1078 2729 n.
1097 2672 1122 2742 4,
1139 2682 1252 2732 etanno
1265 2675 1301 2732 84
1313 2678 1449 2735 Kalendis
1463 2680 1594 2735 ianuarii
1609 2694 1679 2751 pro-

852 2752 1000 2801 cesserunt
1031 2748 1203 2800 Domitianus
1230 2749 1255 2801 X
1280 2754 1306 2803 et
1328 2751 1359 2802 T.
1389 2751 1519 2805 Aurelius
1547 2749 1677 2816 Sabinus,

854 2817 882 2871 in
894 2818 1015 2887 antiqua
1031 2818 1224 2887 inscriptione
1238 2819 1348 2890 legendi
1363 2822 1438 2890 apud
1453 2820 1631 2878 Almeloveen
1648 2824 1679 2878 in

853 2900 905 2944 sua
929 2886 1097 2958 pretatione
1115 2891 1150 2945 ad
1166 2888 1265 2944 Fastos
1290 2904 1368 2946 num.
1385 2888 1427 2946 44.
1448 2892 1548 2963 Elegit
1563 2894 1678 2963 quidem

851 2960 934 3027 juxta
947 2958 1103 3015 Eusebium
1120 2973 1153 3014 ac
1172 2966 1286 3016 nostros
1299 2962 1417 3018 Latinos
1438 2962 1593 3020 hnacletus
1608 2979 1679 3034 pon-

855 3029 925 3084 tilen
940 3043 1052 3086 annuos
1067 3031 1219 3085 duodecim
1233 3029 1271 3099 (et
1285 3032 1400 3101 quidem
1414 3032 1533 3103 solidos)
1548 3034 1602 3090 sub
1623 3036 1682 3090 im-

856 3101 935 3169 perio
943 3101 1100 3156 Domitiani
1117 3114 1258 3169 ;qoorum
1270 3102 1381 3171 primns
1392 3103 1497 3159 incidit
1508 3105 1537 3159 in
1548 3105 1683 3161 eonsules

855 3172 1051 3227 Domitianum
1075 3177 1103 3224 et
1122 3170 1269 3226 Sabinum.
1285 3173 1337 3228 Sed
1353 3175 1521 3230 consulatus
1539 3175 1575 3229 ah
1589 3177 1678 3231 Euse-

856 3240 903 3297 bio
917 3249 1082 3309 assumptus
1093 3239 1151 3296 fuit
1163 3243 1320 3297 Domitiani
1334 3258 1383 3298 viu
1396 3258 1461 3299 cum
1474 3245 1564 3313 priori
1577 3246 1683 3301 Sabino

855 3325 888 3367 ea
904 3319 987 3382 gente
999 3311 1096 3367 Flavia
1105 3311 1215 3368 Christi
1230 3310 1266 3367 82
1276 3330 1284 3382 3
1296 3313 1324 3368 in
1341 3315 1450 3369 nostris
1463 3328 1529 3371 vero
1541 3315 1681 3388 catalogis

854 3383 1024 3446 consulatus
1038 3383 1195 3438 Domitiani
1213 3397 1310 3439 acum
1326 3384 1418 3440 altero
1436 3385 1543 3443 Sabino
1555 3400 1590 3443 ex
1600 3396 1683 3459 gente

854 3453 972 3510 Aurelia
998 3454 1107 3509 Christi
1126 3451 1162 3508 84
1189 3455 1215 3510 is
1243 3459 1286 3510 est
1315 3455 1365 3524 qui
1390 3456 1564 3513 attribuitur
1590 3459 1684 3528 primo

855 3525 986 3580 Paschati
1003 3524 1058 3580 suh
1080 3525 1232 3581 llnacleto:
1253 3525 1364 3581 biennii
1379 3525 1542 3584 differentia
1557 3530 1684 3585 interce-

855 3596 950 3664 dente,
977 3608 1067 3666 eaqne
1100 3596 1218 3651 suborta
1242 3609 1277 3650 en
1303 3597 1500 3654 similitudine
1533 3602 1682 3656 nominum

858 3667 1011 3737 utriusque
1036 3666 1177 3735 consulis,
1201 3667 1240 3721 ita
1258 3667 1378 3724 indicati
1397 3671 1426 3723 in
1442 3670 1535 3725 Fastis
1549 3672 1684 3740 anonymi

856 3737 1029 3793 bucheriani
1053 3738 1128 3807 apud
1154 3738 1313 3808 Norisinm,
1331 3739 1463 3796 videndis
1483 3746 1546 3811 post
1561 3742 1684 3813 epochas

855 3808 1128 3877 Syromacedonnm.

857 3905 927 3952 Anni
1051 3905 1121 3953 Anni
1341 3906 1478 3960 haldan.
1511 3909 1583 3958 AElns
1615 3911 1684 3963 Anni

858 3966 936 4015 Urbis
1048 3966 1120 4029 Cycli
1373 3969 1446 4018 Eoris
1510 3972 1590 4021 Lunae
1623 3972 1685 4024 Chr.

881 4030 926 4076 835
959 4029 989 4077 37
1006 4028 1156 4077 Domitiano
1173 4029 1206 4078 Vl
1220 4032 1245 4079 et
1264 4029 1361 4079 Sabino
1376 4031 1453 4080 Meri,
1527 4033 1572 4083 ix.
1638 4037 1669 4085 82

880 4091 926 4139 836
958 4091 987 4138 38
1008 4092 1154 4139 Domitiano
1167 4092 1202 4141 lX
1219 4094 1244 4140 et
1261 4093 1330 4140 lauro
1380 4093 1463 4144 Mero.
1522 4094 1583 4146 XXI
1641 4100 1671 4148 83

883 4153 928 4201 837
961 4152 1224 4203 39BDomr'tr'urroX
1234 4157 1258 4203 et
1269 4153 1364 4203 Sabino
1380 4155 1441 4205 ιον.
1535 4159 1569 4208 ll.
1641 4160 1670 4208 84

896 4242 1070 4310 imposuisse
1097 4247 1192 4325 autem
1221 4241 1345 4325 Eusebio
1373 4243 1587 4330 homonymiam
1614 4264 1688 4308 con-

860 4313 956 4369 sulum
970 4327 1019 4381 per
1029 4314 1281 4370 anachronismum
1296 4314 1408 4370 brenmr
1419 4317 1628 4388 colligimusea
1639 4322 1690 4378 do·

860 4384 1003 4440 cumentis
1024 4384 1169 4452 Romanis,
1197 4384 1396 4442 tribuentibus
1412 4386 1442 4442 in
1458 4391 1588 4461 catalogo
1601 4392 1688 4449 Libe-

821 4455 944 4551 Driano
954 4456 1086 4511 consules
1102 4457 1348 4524 postremosCleto
1362 4470 1439 4526 papae
1447 4458 1644 4517 Domitianum
1659 4479 1688 4519 rx

862 4532 890 4581 et
904 4525 1008 4581 Rufum
1024 4526 1133 4582 Christi
1148 4525 1184 4580 83
1200 4527 1315 4595 imperii
1328 4528 1487 4582 Domitiani
1508 4532 1684 4588 secundum:

863 4610 936 4667 quos
952 4597 1080 4665 proxime
1103 4596 1254 4664 excipiunt
1273 4598 1455 4652 Domitianus
1471 4612 1490 4653 x
1508 4606 1537 4655 et
1550 4600 1685 4671 Sabinus,

863 4668 971 4723 nostris
982 4667 1011 4722 in
1023 4666 1161 4737 catalogis
1173 4667 1312 4736 assignati
1330 4668 1447 4723 exordio
1461 4669 1600 4737 anacleti,
1612 4686 1688 4732 anno

862 4741 948 4794 tertio
970 4737 1082 4793 labente
1102 4737 1217 4807 imperii
1243 4738 1418 4793 Domitiani:
1441 4740 1524 4808 culus
1547 4745 1687 4801 consula-

862 4816 909 4865 tus
922 4821 971 4862 vnr
986 4820 1051 4863 cum
1064 4807 1169 4863 Sabino
1183 4820 1248 4863 cum
1263 4807 1303 4862 sit
1318 4808 1429 4876 primus
1442 4809 1568 4881 imperii,
1581 4815 1688 4873 subse·

863 4880 913 4950 qui
928 4891 1074 4948 nunqnam
1086 4884 1178 4947 potest
1190 4879 1306 4933 tertium
1324 4879 1438 4947 imperil
1454 4880 1598 4952 signatum
1610 4900 1683 4943 coss.

862 4952 959 5006 eodem
972 4951 1134 5018 imperatore
1148 4951 1302 5003 Domitiano
1312 4950 1339 5004 X
1354 4956 1379 5003 et
1392 4950 1504 5007 sabano.

897 5019 928 5075 9.
946 5022 1061 5076 asserto
1075 5020 1166 5092 igilur
1179 5019 1298 5075 exordio
1311 5019 1440 5075 dnacleti
1450 5021 1498 5078 die
1511 5038 1549 5080 vn
1565 5027 1687 5098 Septem·

866 5091 927 5146 bris
950 5090 1018 5146 anni
1043 5089 1078 5146 83
1101 5091 1154 5160 (uti
1180 5104 1266 5160 supra
1287 5090 1462 5217 explicatum
1490 5093 1547 5152 luit
1562 5098 1590 5153 in
1608 5102 1687 5158 notis

864 5161 1007 5217 Chronolo
1029 5162 1083 5217 icis
1097 5176 1176 5217 num.
1194 5160 1219 5231 l)
1232 5163 1301 5218 anni
1333 5159 1361 5229 2,
1377 5175 1486 5220 menses
1497 5164 1540 5237 40,
1556 5174 1585 5225 et
1597 5169 1687 5228 diesi

865 5234 925 5299 sedi
938 5233 984 5302 eju
1022 5245 1064 5287 em
1086 5232 1189 5288 tributi
1206 5234 1236 5288 in
1250 5232 1373 5301 picturis
1391 5233 1531 5305 Paulinls,
1546 5245 1574 5295 et
1589 5241 1619 5297 in
1631 5244 1688 5299 Ca-

865 5303 979 5375 talogis,
1011 5304 1177 5375 pertingunt
1200 5303 1233 5359 ad
1256 5304 1332 5359 diem
1348 5301 1391 5365 43.
1416 5303 1486 5361 lalii
1510 5309 1619 5367 Christi
1641 5312 1686 5386 96,

866 5373 1036 5431 consulibus
1051 5374 1165 5429 Valente
1177 5381 1205 5430 et
1218 5375 1324 5440 vetere,
1344 5373 1451 5445 quibus
1464 5377 1551 5434 iidem
1564 5385 1656 5441 catelo
1679 5389 1688 5443 i

866 5447 1015 5515 assignant
1034 5445 1182 5500 exordium
1210 5445 1345 5512 Eraristi,
1361 5453 1389 5500 et
1413 5447 1568 5506 Eusebium
1592 5467 1689 5513 corrr-

867 5524 947 5588 gunt‚
963 5517 1014 5586 qui
1029 5515 1090 5571 loco
1101 5516 1224 5570 Eraristi
1235 5529 1428 5572 successorem
1439 5519 1575 5579 anacleto
1586 5526 1693 5586 tribuit

866 5589 1046 5643 Clementem.

904 5659 991 5713 Error
1008 5655 1125 5713 Eusehii
1141 5657 1171 5713 in
1189 5657 1241 5714 hac
1260 5658 1386 5715 secunda
1400 5662 1559 5720 assertione
1570 5666 1694 5726 demon-

870 5733 1021 5785 straturex
1032 5728 1126 5800 ipsius
1138 5729 1233 5786 libris.
1244 5731 1313 5786 Nam
1325 5729 1401 5786 libro
1412 5744 1454 5801 nr,
1470 5746 1532 5803 cap.
1542 5733 1562 5793 2
1571 5739 1693 5796 scribit:

90 5812 129 5871 ee,
152 5806 181 5856 et
207 5802 321 5871 publica
352 5803 524 5860 auctoritate
552 5803 708 5875 proposita,
733 5803 817 5871 juata
868 5801 940 5855 Post·
955 5800 1036 5855 Pauli
1067 5802 1193 5870 Patrique
1230 5803 1396 5872 martyrium
1425 5804 1538 5875 primus
1574 5811 1710 5863 scelests

125 5888 243 5945 Prraot.
270 5891 403 5949 CXXVll.

1541 5889 1588 5948 ab
