3884 6126
217 275 270 334 nia
617 278 664 333 AD
681 276 897 333 ndnsinsitlll
916 272 1173 331 PROLEGOMENA
1192 276 1280 332 EDIT.
1301 276 1517 334 Πολ-Μία
1867 278 1911 339 llll

222 401 547 472 ndeiibusqmecunque
566 402 600 457 ad
621 401 818 457 sustinendam
835 402 921 456 vitam
939 413 1041 456 neces·
1055 399 1181 459 Acausa
1209 402 1258 470 qui
1281 401 1398 457 sibimet
1417 400 1631 470 objiciebantur
1650 399 1688 483 (ll.
1706 402 1790 458 llunc
1814 406 1913 487 pariter

217 475 295 530 saria
314 482 419 528 essent.
444 472 494 527 ubi
518 474 645 541 pontium
672 485 722 541 pro
746 472 890 528 catholica
911 471 966 527 fide
992 472 1041 526 in·
1097 472 1258 540 pontiilcem
1271 473 1377 542 estqui
1391 471 1642 541 asseritPhilippo
1654 483 1822 542 imperatori
1836 480 1912 546 pani·

219 544 410 602 sectationum
428 544 617 598 incommodis
632 550 813 599 vexarentur.
1097 543 1214 597 tentiam
1238 544 1412 614 injunxisse,
1438 557 1521 612 quem
1543 542 1733 613 antiquorum
1757 558 1816 601 non
1841 549 1911 616 pauci

253 616 418 671 Eleutherio
433 614 567 681 pontilice
582 616 614 667 D.
630 616 754 669 irenaeus
766 613 967 681 Lugdunensis
982 613 1040 683 epi·
1095 612 1270 669 Christianis
1293 619 1454 670 accensent.

218 700 323 756 scopus
339 690 461 740 testatur
474 684 510 754 (u)
522 685 598 754 quod
615 685 648 740 ad
667 685 772 740 incitas
790 685 937 755 redigendi
951 697 1038 740 causa
1132 685 1198 740 Post
1212 684 1330 740 Fabiani
1346 685 1458 741 obitum
1474 685 1586 739 vacavit
1599 689 1699 740 sancta
1713 686 1798 743 sedes
1818 689 1911 746 sexde-

218 758 248 813 in
263 757 420 826 provinciis
434 755 633 811 hareticorum
645 768 678 810 ac
688 755 939 811 schismaticorum
954 756 1040 811 auda·
1095 754 1151 810 cim
1168 768 1278 811 menses
1292 769 1356 811 cum
1372 755 1507 820 dimidio,
1526 754 1562 810 ob
1578 768 1719 812 summam
1736 758 1912 826 imperatoris

217 829 303 894 ciam,
328 835 413 898 atque
442 827 617 895 impediendi
634 827 792 894 quominus
814 828 1040 895 depravarentur
1094 825 1911 898 Deciisavitiam,qui,Cypriauoteste(mhimperiiauxx

218 913 319 968 mores,
346 899 418 953 itum
442 894 500 954 iuit
519 898 552 953 ad
576 897 765 965 apostolicam
785 898 878 953 sedem
901 903 1039 966 tanquam
1095 894 1166 965 lum,
1190 910 1275 966 quam
1293 897 1454 968 pontillcem
1471 897 1500 952 in
1528 895 1600 951 Urbe
1615 897 1703 953 Roma
1726 899 1828 957 miuus
1847 915 1912 975 aqna

216 968 423 1028 doctrinaesibi
437 968 608 1024 concredita
620 975 806 1038 sequestrem,
823 967 899 1025 unde
911 967 1039 1040 integer-
1093 974 1169 1023 esset
1183 981 1285 1037 passus
1306 968 1353 1039 (n).
1377 970 1434 1023 lloc
1455 968 1609 1023 viduitatis
1624 981 1685 1023 sua
1706 974 1838 1039 tempore
1862 974 1913 1030 llo-

218 1044 291 1096 rima
306 1045 403 1095 manat
416 1039 450 1093 ad
472 1044 600 1109 posteros
616 1051 666 1110 per
681 1051 858 1095 summorum
874 1039 1040 1095 successio·
1094 1051 1177 1094 mana
1190 1039 1271 1095 sedes
1285 1053 1317 1095 ea
1332 1038 1454 1109 praebuit
1474 1037 1644 1109 vigilantia,
1667 1043 1857 1098 auctoritatis
1870 1056 1913 1099 ar-

216 1127 280 1169 nem
292 1111 473 1182 pontillcum:
484 1109 770 1181 quodqueconstanti
780 1110 908 1164 omnium
919 1110 1041 1179 opinio-
1093 1109 1247 1180 dentisque
1257 1110 1348 1166 studii
1361 1109 1535 1172 testimonia,
1552 1122 1615 1178 qua
1626 1122 1809 1167 communem
1821 1115 1913 1171 decent

216 1198 252 1240 ne
262 1182 422 1254 singularis
433 1193 464 1235 ea
474 1189 503 1236 et
511 1194 644 1249 suprema
655 1180 736 1235 sedes
744 1181 903 1236 constituta
914 1179 969 1236 luit
980 1188 1040 1236 tan·
1095 1186 1249 1250 parentem,
1258 1181 1439 1237 Christianos
1449 1186 1505 1235 ιιιιι
1518 1179 1614 1235 Roma
1626 1194 1712 1251 quam
1726 1181 1799 1238 aliis
1812 1184 1842 1240 in
1856 1186 1911 1243 Pro

217 1268 302 1326 quam
317 1258 483 1322 perpetuum
497 1265 529 1306 ac
544 1250 796 1322 praeclarissimum
809 1260 1036 1321 monumentum,
1093 1252 1200 1306 vinciis
1221 1252 1364 1324 degentes,
1389 1250 1509 1320 optimis
1523 1263 1623 1321 regens
1637 1251 1786 1309 consiliis.
1811 1257 1910 1312 luxerat

216 1324 298 1381 nullo
318 1336 444 1392 unquam
467 1327 592 1392 tempore
612 1322 740 1378 futuram
765 1325 794 1376 in
811 1322 937 1377 Ecclesia
952 1323 1036 1378 iidem
1093 1336 1228 1391 sponsum
1241 1324 1393 1392 opperiens
1407 1322 1481 1392 leges
1495 1322 1627 1377 condidit
1641 1323 1796 1393 salutares,
1811 1339 1874 1397 qua
1885 1328 1909 1383 lx

215 1395 302 1453 aliam
319 1400 421 1464 prater
435 1407 494 1448 eam
511 1408 596 1463 quam
612 1394 735 1462 apostoli
752 1393 945 1449 tradiderunt.
1092 1393 1234 1449 catholica
1249 1394 1376 1449 Ecclesia
1392 1391 1510 1448 luerunt
1525 1390 1712 1461 promulgata
1726 1393 1772 1465 (o).

252 1465 443 1528 Montanistae,
466 1478 587 1533 quorum
608 1465 698 1534 pestis
712 1464 897 1536 grassabatur
918 1466 948 1521 in
969 1465 1037 1520 Asia
1129 1464 1378 1520 verumenimvero
1402 1463 1515 1518 tametsi
1537 1462 1579 1517 nil
1601 1463 1776 1521 intentatum
1801 1467 1907 1537 tyranni

217 1538 272 1594 iter
294 1538 329 1593 ad
352 1535 478 1593 eamdem
503 1536 597 1590 sedem
624 1536 793 1604 instituunt,
822 1536 1037 1592 communionis
1093 1534 1307 1605 reliquerintut
1319 1534 1625 1604 supremielectionem
1636 1535 1788 1603 pontilicis
1800 1538 1907 1608 impedi

216 1609 374 1734 ditiomata
394 1607 589 1676 impetraturi,
613 1611 645 1661 ut
660 1604 802 1676 quibusve
818 1605 853 1660 ab
873 1608 1039 1678 aggressio-
1094 1612 1166 1670 rent,
1181 1606 1333 1662 Cornelius
1349 1612 1442 1661 tamen
1464 1606 1498 1661 ad
1521 1604 1597 1659 Petri
1613 1605 1792 1676 cathedram,
1806 1621 1905 1679 nempe,

216 1680 247 1735 ni
271 1694 304 1736 us
327 1690 389 1734 sese
414 1677 453 1731 ita
476 1675 677 1741 defenderent;
703 1684 730 1732 et
757 1690 854 1747 reapse
879 1677 1037 1733 catholicos
1094 1676 1375 1747 utCyprianiverbis
1393 1682 1466 1740 utar,
1477 1676 1512 1731 ad
1524 1675 1679 1731 sacerdotii
1693 1674 1906 1736 sublimation-

216 1749 387 1806 simulantes
401 1747 591 1804 obtinuerunt
604 1746 649 1818 (b).
663 1748 699 1802 nt
711 1747 835 1816 demum,
851 1745 951 1804 lraude
967 1748 1035 1805 illo·
1052 1748 1172 1826 Bgium
1188 1754 1232 1803 est
1254 1756 1368 1803 evectus
1388 1746 1435 1818 (p).
1458 1748 1489 1801 ln
1505 1746 1583 1801 huuc
1605 1745 1770 1816 pontiticexn
1791 1749 1904 1806 schisma

218 1835 280 1878 rum
307 1820 427 1890 detecta,
459 1819 629 1889 pontil'exet
654 1818 776 1875 traditas
802 1819 941 1888 epistolas
970 1819 1038 1876 iecit
1093 1815 1901 1944 excitavitbiovatianus,quiluitgrimusantipapassun

217 1888 812 1960 irritas,etanathemanefariiscapitibus
825 1890 943 1945 indixit.
957 1891 1038 1947 llunc
1092 1888 1547 1960 schismate,quodpleurumque
1582 1895 1601 1954 t,
1618 1886 1753 1945 baresim
1769 1891 1824 1946 iste
1838 1903 1900 1947 con·

217 1963 312 2033 ipsum
333 1960 499 2017 Pontificem
521 1961 635 2016 misisse
652 1961 771 2016 tradunt
785 1961 819 2015 ad
840 1961 956 2030 lllajoris
971 1963 1039 2017 Bri-
1089 1957 1778 2029 lunxit3doccnsquodlapsospostbaptismurn
1791 1961 1899 2017 Eoeleda

217 2034 323 2088 tannia
346 2034 446 2104 Regem
467 2032 541 2088 duos
559 2031 706 2157 Evanffielii
725 2045 910 2101 pracones,a
930 2032 1038 2101 quibus
1094 2031 1280 2087 reconciliare
1312 2043 1369 2085 non
1390 2035 1490 2098 potest,
1514 2042 1605 2099 neque
1622 2029 1657 2086 ad
1683 2033 1897 2089 communiones

217 2104 291 2159 idem
317 2110 471 2176 gentesque
495 2116 592 2159 omnes
616 2104 641 2157 si
665 2103 673 2157 i
699 2102 823 2159 subdita
842 2103 1036 2159 Christianam
1092 2115 1238 2158 sacrorum
1285 2101 1486 2170 mysteriorum
1524 2100 1685 2170 admittere,
1725 2105 1895 2172 quamn-vn

214 2174 297 2230 fidem
313 2176 502 2244 susceperint.
1091 2174 1203 2228 eosdem
1220 2172 1342 2228 maxime
1358 2173 1529 2241 peniteret,
1545 2184 1609 2226 cum
1631 2171 1709 2228 Deus
1725 2171 1755 2229 id
1767 2173 1895 2243 judiciuin

252 2244 382 2300 Pontifex
393 2246 513 2300 victora
527 2245 1035 2302 fideliumcommunioneCoriarium
1090 2243 1147 2299 sibi
1165 2244 1249 2299 unice
1265 2243 1459 2311 reservaverit,
1477 2254 1567 2313 neque
1588 2240 1640 2297 hac
1656 2242 1687 2297 in
1703 2256 1735 2299 re
1749 2257 1829 2300 suani
1843 2256 1895 2299 cun

214 2315 393 2371 Theodorum
408 2317 537 2382 removit,
553 2318 673 2387 ejusque
683 2315 843 2372 doctrinam
858 2317 1035 2373 condemna·
1090 2315 1149 2370 alio
1161 2316 1221 2371 ullo
1231 2315 1430 2370 auctoritatem
1439 2311 1705 2369 communicaverit.
1723 2311 1893 2382 Quamobrem

215 2386 257 2442 vit
270 2385 312 2458 (c).
329 2386 431 2441 Eadem
446 2387 491 2441 usi
505 2385 620 2441 fortuna
636 2394 717 2442 erant
730 2387 865 2444 florinus
879 2393 908 2443 et
922 2388 1034 2443 blastus
1088 2386 1241 2442 Cornelius
1270 2385 1452 2466 congregavit
1478 2383 1615 2438 adversus
1642 2396 1709 2439 eum
1740 2384 1892 2453 concilium,

213 2457 348 2515 Ecclesia
362 2457 495 2512 liomana
512 2457 687 2527 presbyteri:
704 2470 861 2527 eorumque
878 2461 987 2514 erroris
1001 2471 1035 2513 ac
1088 2458 1208 2528 ejusque
1232 2456 1333 2511 haresr
1350 2468 1383 2511 ac
1404 2455 1561 2511 schismate
1580 2453 1791 2525 condemnatis,
1813 2456 1892 2526 ipsun

214 2528 548 2591 schismatisocoasione,
559 2527 792 2584 contendentium
803 2528 941 2583 celebrari
953 2542 1034 2598 opor·
1088 2541 1242 2598 secumque
1263 2527 1420 2582 sentientes
1440 2537 1540 2581 omnes
1563 2523 1600 2579 ab
1621 2524 1760 2582 Ecclesia
1779 2539 1893 2582 mirmu-

214 2605 273 2655 tere
287 2600 393 2655 Pascha
405 2598 628 2668 quartadecima
644 2597 712 2652 luna
726 2600 821 2653 ilartii
833 2612 897 2653 cum
913 2600 1030 2669 ludais,
1088 2599 1174 2653 nione
1189 2598 1326 2667 sejunxit.
1337 2596 1375 2668 (q)
1385 2595 1475 2665 Cujus
1490 2593 1658 2664 latitudicii
1673 2596 1843 2654 universalis
1853 2596 1893 2651 Eu
1933 2636 1935 2643 .

213 2669 252 2742 (d)
262 2682 434 2740 quacunque
444 2666 733 2735 illuddieobtipisset
744 2667 940 2736 hebdomadis,
952 2684 1032 2726 cons
1085 2669 1181 2725 clasiae
1198 2667 1333 2739 prnsules
1348 2668 1505 2737 participes
1519 2663 1599 2736 lacti,
1616 2668 1752 2724 unanimi
1766 2679 1890 2725 comensi

212 2741 296 2798 tituit
307 2740 407 2796 Victor
418 2739 537 2795 omnino
549 2743 692 2793 servatum
707 2737 744 2792 iri
756 2738 798 2792 Pii
814 2740 1032 2807 pradecessonis
1084 2752 1183 2795 omnes
1194 2740 1222 2794 id
1237 2738 1404 2809 probarunt.

212 2812 357 2868 decretum
381 2812 416 2866 de
441 2808 610 2865 celebrando
640 2809 776 2863 Paschate
801 2810 849 2864 die
880 2812 1029 2867 Dominica
1118 2810 1280 2881 Cyprianus
1293 2807 1326 2881 (r)
1339 2822 1404 2864 vero
1422 2820 1478 2878 pra
1499 2805 1658 2862 caterisin
1675 2807 1889 2880 pseudopontid-

212 2881 506 2953 quartamdecimam
533 2879 608 2934 luna
632 2879 761 2947 proxime
784 2887 974 2951 consequente
999 2882 1029 2937 in
1084 2893 1143 2935 cem
1174 2882 1279 2951 stylum
1311 2879 1476 2946 distrinxit,
1507 2876 1728 2935 luculentisstne
1755 2880 1889 2938 osteudens

212 2955 349 3009 universo
362 2952 593 3008 Christianorum
608 2948 685 3005 orbe.
701 2949 777 3005 Asia
788 2950 929 3006 duntaxat
941 2953 1029 3008 illino
1084 2952 1171 3020 quod,
1183 2966 1246 3007 cum
1257 2952 1434 3006 unamlesus
1443 2948 1576 3004 Christus
1591 2948 1749 3006 Ecclesiam
1759 2959 1888 3019 unumque

211 3024 253 3080 ris
275 3024 414 3094 episcopi,
442 3021 589 3079 studentes
616 3020 820 3076 consuetudini
846 3021 882 3076 ab
910 3023 1029 3078 Aniceto
1083 3022 1204 3077 omnino
1223 3022 1418 3091 episcopatum
1442 3019 1615 3087 instituerit,
1637 3021 1726 3089 cnjus
1746 3020 1887 3094 iunguntur

209 3095 344 3164 pontillce
357 3094 493 3162 tolerata,
511 3105 588 3148 nora
602 3090 669 3147 huic
685 3091 740 3172 legi
757 3091 881 3148 Victoris
897 3100 1028 3149 recusant
1054 3117 1064 3142 ι
1084 3105 1201 3149 munere
1211 3092 1300 3147 variis
1311 3093 1339 3146 in
1352 3090 1670 3161 provinciisdispertiti
1683 3093 1885 3161 prasnlcsqua·
1933 3128 1935 3143 ι

206 3178 243 3220 ue
254 3165 449 3233 obtemperent
460 3162 502 3235 (e).
518 3163 610 3231 Quare
625 3162 754 3232 pontilex
766 3163 946 3219 anathemate
961 3165 1029 3220 illos
1082 3178 1146 3219 rum
1168 3178 1237 3219 cura
1254 3164 1354 3219 iisdem
1381 3161 1540 3229 incumbit3
1557 3174 1682 3232 cumque
1696 3162 1830 3220 elaotusa
1858 3170 1884 3213 ue
1932 3180 1935 3216 ι

207 3237 304 3291 statim
319 3241 506 3305 percusserat,
520 3233 576 3288 nisi
589 3234 619 3287 b.
631 3234 1024 3291 lrenausiotumavertisset.
1083 3235 1274 3306 inauguratus
1298 3235 1322 3289 is
1338 3231 1426 3290 luerit
1447 3233 1495 3288 coi
1518 3233 1594 3288 Deus
1616 3233 1795 3290 universalis
1813 3171 1881 3300 baffia
1929 3248 1935 3287 ι

205 3306 294 3374 Quam
310 3311 385 3362 recte
408 3306 599 3362 Asiaticorum
613 3303 798 3373 disciplinam
815 3305 867 3359 hac
879 3305 908 3361 in
922 3319 953 3360 re
965 3320 1026 3375 pro·
1081 3305 1215 3361 Ecclesia
1231 3305 1355 3430 refimen
1369 3302 1587 3370 commendavit,
1602 3308 1631 3358 et
1647 3316 1698 3372 per
1709 3317 1795 3375 quern
1807 3302 1881 3360 onias
1929 3326 1935 3360 ι

207 3377 332 3433 scribere
349 3376 475 3447 pontifex
494 3375 639 3446 cogitarit,
654 3375 798 3430 Nicanum
816 3383 912 3444 postea
925 3378 1025 3432 conci·
1080 3383 1109 3430 et
1122 3377 1259 3446 conjunct
1274 3389 1290 3431 o
1303 3375 1432 3442 ejusdem
1446 3373 1549 3429 existit
1560 3373 1707 3441 Ecclesia,
1724 3383 1877 3446 nequaquan
1927 3390 1935 3432 ι

204 3445 277 3503 lium
292 3448 473 3518 apertissime
485 3444 743 3514 demonstravitls).
761 3446 862 3501 Eadem
876 3449 1026 3503 occasione
1081 3445 1142 3503 ileri
1158 3452 1194 3503 ab
1208 3447 1267 3503 alio
1280 3452 1399 3517 poterat,
1417 3445 1475 3500 nisi
1491 3443 1677 3500 schismatica
1690 3447 1821 3514 societas,
1928 3464 1935 3503 r

203 3516 443 3589 locupletissimis
468 3521 631 3573 sanctorum
661 3516 775 3571 Patrum
803 3518 1026 3574 auctoritatibus
1080 3520 1216 3587 quoniam
1233 3518 1275 3573 nil
1292 3523 1393 3588 prater
1411 3515 1568 3571 humanum
1587 3521 1711 3585 saperet,
1726 3517 1820 3575 eaden

205 3591 368 3646 ostenditur
381 3589 417 3661 (p)
429 3596 528 3645 contra
541 3602 625 3658 quam
642 3585 735 3655 aliqui
749 3588 940 3644 recentiorum
955 3603 1026 3645 sen·
1079 3594 1150 3645 tuna
1164 3591 1206 3646 uti
1222 3602 1277 3659 qua
1289 3587 1383 3644 solent
1394 3586 1550 3642 schismata
1564 3592 1721 3656 oporteret,
1738 3600 1801 3658 qua
1811 3583 1874 3652 mli·

200 3659 292 3728 tiunt,
304 3661 380 3730 quod
394 3659 429 3714 ab
439 3658 604 3729 apostolica
612 3657 691 3712 sedis
703 3661 904 3714 communione
912 3660 1022 3715 secludi
1079 3673 1140 3715 mas
1155 3659 1269 3731 quidem
1286 3664 1400 3727 repente
1427 3655 1526 3713 turbas
1548 3654 1672 3713 iaciunt.
1686 3664 1719 3714 at
1739 3651 1872 3734 propediem

203 3731 321 3795 perinde
348 3735 393 3785 est
410 3734 497 3799 atque
521 3727 556 3782 ab
585 3727 718 3783 Ecclesia
738 3729 886 3784 catholica
913 3732 1024 3785 unitate
1078 3737 1169 3786 ruunt
1183 3745 1216 3786 ac
1235 3730 1443 3785 dissolvuntur.
1459 3729 1526 3784 Post
1540 3725 1600 3784 bac
1613 3727 1793 3785 demonstrat
1802 3736 1872 3782 reat·
1924 3750 1935 3789 ι

197 3801 333 3855 amoveri.
1076 3814 1140 3857 nem
1167 3815 1216 3872 per
1237 3800 1319 3856 iidem
1344 3805 1372 3855 et
1391 3797 1561 3854 charitatem
1580 3811 1647 3853 cnm
1672 3799 1872 3867 Ecclesiam
1923 3807 1935 3861 ,··

234 3869 413 3940 zephyrinus
427 3867 575 3923 damnavit
589 3867 710 3923 hareses
721 3870 884 3933 Marcionis,
896 3872 1019 3939 Praxeae,
1076 3873 1225 3944 coniungi,
1252 3872 1300 3942 qui
1325 3883 1341 3924 a
1363 3871 1488 3925 llomano
1507 3868 1642 3939 pontince
1660 3870 1702 3925 sit
1720 3871 1869 3940 disjunctas.
1923 3900 1933 3907 -

197 3937 509 4006 Sabelliialiorumque
524 3939 734 4005 hareticorum,
750 3940 779 3994 in
793 3941 1022 4010 quosdeolama-
1076 3955 1176 4012 nempe
1200 3942 1249 4013 qui
1275 3940 1404 4013 pontiflci
1428 3941 1591 3997 earumdem
1613 3939 1759 3998 virtutum
1782 3932 1870 3994 vinculo

196 4009 239 4063 vit
251 4009 447 4066 Tertullianus
458 4007 513 4079 (lt),
527 4012 576 4079 qui
593 4009 759 4079 propediem
770 4012 896 4066 blontani
909 4013 1020 4068 delira·
1076 4012 1275 4070 indissolubili
1287 4027 1321 4068 ac
1335 4012 1525 4083 perseveranti
1534 4023 1590 4068 non
1600 4012 1739 4068 adhaeret.
1750 4012 1868 4068 Poslrtdl

197 4079 465 4151 mentaprolessus,
487 4080 614 4134 eamdem
637 4079 800 4149 implicitus
824 4080 1019 4139 damnationis
1074 4085 1226 4140 Romanam
1253 4082 1409 4140 Ecclesiam
1425 4082 1552 4139 declarat
1574 4080 1734 4139 habendam
1754 4085 1869 4138 ιιιιιιι
1918 4098 1927 4103 ·

195 4153 337 4206 sententia
352 4158 404 4208 est.
423 4164 506 4221 quam
524 4151 554 4204 in
570 4149 766 4205 haeresiarcha
779 4151 860 4206 illius
874 4156 1017 4209 vesaniam
1074 4168 1159 4225 quam
1171 4155 1295 4210 radicem
1310 4162 1337 4210 et
1350 4160 1466 4210 matrem
1478 4153 1608 4209 omnium
1623 4153 1821 4221 aeclesiarum,
1832 4157 1869 4202 lh

194 4219 323 4289 pontifex
340 4220 547 4290 pronuntiavit.
570 4217 645 4287 Quin
667 4221 754 4274 etiam
772 4221 970 4280 Tertullianus
987 4224 1017 4296 (ι’)
1074 4239 1129 4296 que
1143 4226 1178 4281 ab
1192 4227 1255 4295 ipsa
1269 4225 1328 4282 ullo
1342 4231 1423 4296 pacto
1438 4223 1647 4280 abscedendum
1660 4237 1735 4281 esse.

193 4291 269 4346 idem
295 4291 395 4364 rigidae
420 4290 545 4368 nimium
570 4291 741 4345 innocentia
764 4298 889 4348 assertor
910 4294 1013 4365 lactus,
1107 4299 1210 4352 Sancto
1236 4298 1328 4352 eidem
1353 4297 1498 4367 episcopo,
1524 4301 1556 4351 ut
1579 4307 1676 4351 rerum
1702 4294 1865 4351 humanam·
1913 4304 1935 4345 ι

191 4373 255 4416 cum
271 4360 398 4419 eiiutiret
412 4358 615 4417 fornicationis
627 4367 655 4415 et
668 4362 805 4417 adulterii
821 4365 943 4420 crimina
958 4380 1014 4422 ma·
1072 4367 1245 4424 vicissitudo
1259 4373 1311 4432 est,
1334 4380 1421 4424 causa
1441 4368 1554 4422 demum
1572 4379 1622 4435 pro
1637 4378 1671 4422 so
1690 4365 1755 4436 ipso
1770 4356 1866 4422 dicendi

186 4431 252 4501 jora
266 4446 328 4488 esse
343 4447 426 4504 quam
444 4431 552 4501 quibus
564 4431 674 4487 absolvi
689 4431 725 4487 ab
739 4433 866 4490 Ecclesia
882 4435 1012 4494 homines
1072 4440 1129 4494 luit
1139 4445 1236 4495 contra
1248 4444 1335 4509 caput
1348 4438 1420 4494 illud
1435 4436 1656 4492 insanissimam
1670 4434 1866 4494 nominatoria

189 4504 312 4571 possint,
334 4516 426 4574 neque
444 4501 480 4557 ab
502 4503 638 4572 opinione
657 4503 809 4573 recederet,
837 4505 895 4563 luit
917 4485 1052 4565 denuoD
1070 4518 1275 4580 natum,quem
1290 4509 1465 4565 nefariorum
1479 4508 1627 4563 manusad
1637 4507 1863 4580 carthaginenses

187 4574 403 4631 condemnatus.
575 4645 580 4656 ι
1068 4582 1162 4637 sedem
1187 4583 1234 4637 sui
1262 4580 1323 4636 loco
1351 4578 1505 4650 provehere
1532 4576 1717 4635 moliebatur.
1742 4584 1825 4648 duan
1842 4567 1862 4620 ln
1933 4638 1935 4643 .

223 4645 366 4701 callixtus
378 4649 582 4714 quatuorannr
597 4651 756 4715 temporum
769 4647 913 4716 jejunium
929 4649 1011 4705 insti·
1065 4653 1292 4722 expostulatoria
1313 4651 1348 4706 ad
1371 4649 1536 4706 cornelium
1559 4648 1685 4718 epistola
1706 4648 1736 4705 id
1761 4641 1863 4722 apprldl

188 4716 245 4772 tuit
258 4715 299 4787 (j).
316 4714 458 4771 Fabianus
473 4715 557 4770 latam
571 4716 600 4771 in
614 4717 748 4771 niricano
760 4719 885 4774 currcilio
901 4727 1011 4776 senten·
1065 4723 1243 4849 queriturssl
1257 4722 1332 4791 quod
1345 4720 1531 4777 schismatica
1545 4718 1596 4776 illa
1611 4732 1644 4775 ac
1658 4719 1778 4777 scelesta
1788 4721 1862 4775 stcll‘

186 4787 256 4842 tiam
278 4789 417 4844 adversus
431 4787 576 4841 Privatum
594 4787 758 4843 hareticum
774 4790 1007 4863 confirmavittlr).
1064 4800 1108 4850 tas
1123 4796 1202 4864 impu
1224 4794 1283 4849 enti
1300 4793 1370 4847 adeo
1382 4805 1432 4847 ore
1450 4790 1550 4857 luerit,
1568 4791 1650 4846 atad
1666 4791 1729 4847 divi
1749 4787 1862 4846 petria·

184 4858 683 4939 hdeumdemOriqenessuamlldei
695 4858 899 4927 professionem
911 4863 1006 4935 misit;
1063 4866 1205 4929 thedram,
1226 4865 1260 4920 ad
1285 4865 1415 4918 omnium
1438 4861 1598 4931 principem
1624 4843 1865 4936 balatarum&
1916 4868 1935 4887 ’-

185 4929 365 4999 quinetiam,
377 4928 565 4985 nonnulliutr
576 4928 1009 5002 tradunthistorici,adaposto·
1061 4936 1235 5006 episcopalis
1248 4935 1372 4991 unitatis
1387 4935 1529 5004 originem
1541 4932 1718 4989 temeritatis
1729 4930 1870 5004 atqnertl‘
1918 4992 1921 4997 ,

183 4997 268 5054 licam
290 5000 383 5055 sedem
409 5012 439 5056 se
460 4998 593 5067 contulit,
621 5012 733 5055 errores
751 5013 846 5056 coram
872 5002 1005 5060 diluendi
1060 5009 1205 5077 pudentia
1218 5019 1278 5061 sua
1293 5005 1430 5062 nuntium
1445 5004 1559 5060 mittere
1572 5003 1797 5072 nondubitarit‚
1811 5001 1873 5053 apl·
1919 4982 1935 5057 Ι,

228 5249 243 5302 b
270 5250 345 5304 Tert.
364 5247 414 5302 lib.
430 5248 494 5303 adv.
511 5249 592 5303 Prax.
1092 5254 1127 5325 (hl
1145 5255 1172 5310 S.
1188 5255 1270 5325 Cypr.
1287 5269 1332 5325 op.
1347 5251 1392 5311 59.

226 5336 239 5374 c
267 5318 330 5375 Lib.
352 5317 457 5375 Pontii.
480 5319 559 5375 Beda
575 5318 605 5374 ln
622 5332 648 5375 vr
667 5319 766 5376 mundi
779 5323 855 5377 atat.
877 5322 957 5381 lidon
971 5325 1001 5381 in
1091 5324 1120 5397 (l)
1138 5326 1240 5381 Euseb.
1256 5326 1327 5381 ilisa.
1339 5340 1378 5395 vx,
1391 5324 1434 5381 la.

177 5389 283 5446 Cbron.
1101 5395 1136 5467 m)
1149 5397 1177 5452 S.
1192 5397 1275 5466 Cypr.
1292 5411 1337 5466 ep.
1352 5396 1399 5453 55.

213 5460 253 5816 ἦ)
270 5460 439 5517 Theodoret.
455 5460 550 5517 haret.
567 5462 634 5517 Fab.
651 5461 704 5519 lib.
718 5477 749 5518 ιι.
1100 5468 1128 5539 ιι)
1146 5468 1227 5538 Apud
1242 5468 1338 5524 eumd.
1352 5481 1396 5538 ep.
1409 5465 1437 5522 8.

216 5175 254 5391 {a}
272 5177 299 5232 S.
316 5178 389 5233 iren.
412 5175 431 5231 l.
450 5188 495 5246 in,
508 5191 533 5232 c.
549 5175 577 5232 3.
1092 5180 1125 5255 (ι’)
1143 5181 1205 5238 Lib.
1219 5184 1300 5241 Ponl.

224 5548 237 5585 e
265 5531 370 5587 Pontii.
388 5532 552 5588 inviolare.
1099 5538 1123 5610 o)
1143 5541 1195 5607 ld.,
1210 5552 1254 5609 ep.
1271 5536 1316 5595 ab.

212 5676 239 5745 (p
267 5671 371 5728 Rollin.
383 5673 457 5757 illst.
474 5673 580 5757 l.·1l,c.
596 5671 624 5729 6.

209 5745 241 5888 ιιιι
258 5743 609 5884 ιιιιῖῗῗιιιι.ιιιὲιῗέιίιιιιιίιιίι
620 5814 719 5874 ruric.

1142 5680 1245 5737 Euseb.
1259 5679 1332 5737 llisl.
1347 5695 1387 5746 vr,
1402 5678 1447 5739 35.

1136 5752 1318 5894 ιιιιιιιιὲιιιὸιιιι
1335 5751 1380 5810 ιιι

264 5601 367 5657 Euseb.
381 5618 396 5658 v
410 5603 484 5659 Hisl.
500 5617 526 5657 c.
541 5599 578 5658 Ἠ
590 5606 618 5657 et
629 5616 689 5674 seq.
1145 5609 1217 5666 ibid.

1085 5616 1117 5895 l

1095 5837 1108 5877 s
