3892 6136
29 3940 32 3945 ·
118 3918 252 3973 nationes
267 3917 408 3988 quinque.

115 324 184 384 isti
722 324 901 383 hrthsttstt
924 320 1196 381 emttdrhtcautt
1748 315 1795 373 let

231 463 345 533 scopos
356 465 421 533 per
434 447 570 514 diocese
585 447 657 516 loco
672 467 809 515 anenno
826 453 863 514 12
877 461 903 513 ⁸.
923 449 1106 527 Quietiora
1123 447 1278 532 sepultos
1292 451 1343 513 est
1352 447 1460 529 jnoto
1475 460 1601 528 eorpus
1614 442 1709 509 beati
1721 435 1821 518 Petri

176 560 213 622 10
231 559 271 623 in
285 558 446 623 Vaticano
463 576 486 624 ,v
507 558 591 622 Ides
604 556 733 637 telios,
757 562 790 624 et
811 558 956 625 cessooit
975 558 1189 641 episcopatus
1215 557 1287 623 dies
1307 574 1368 618 xn.
1384 554 1475 618 bHic
1502 569 1544 617 ex
1570 553 1696 633 rogatu
1714 551 1821 615 beata

181 711 185 722 .
234 663 394 728 Praxedis
426 662 594 728 dedicavit
622 665 797 728 ecclesiam
823 664 984 729 Thermas
1012 663 1133 727 Novati
1159 663 1196 727 in
1223 663 1296 726 vico
1331 660 1468 725 Patriuii
1505 660 1541 723 in
1574 659 1749 722 honorem·
1768 675 1824 721 44-

235 773 319 836 roris
347 788 417 835 suae
447 773 572 834 sancta
599 773 816 851 Potentianae,
845 771 903 835 ubi
924 774 959 835 et
984 770 1094 834 multa
1120 770 1208 834 dona
1226 769 1360 849 obtulit,
1381 768 1439 833 ubi
1459 766 1583 844 saepius
1608 764 1817 828 sacrificium

237 879 378 946 Domino
413 878 555 942 offerens
597 879 824 959 ministrabat,
867 879 934 941 imo
964 879 997 942 et
1031 876 1157 942 iontem
1201 877 1362 962 baptismi
1398 874 1547 939 construi
1582 872 1677 953 fecit,
1716 890 1823 936 manu

234 1004 297 1050 sua
321 984 495 1050 benedixit
513 989 546 1050 44
568 986 786 1068 consecravit,
807 988 840 1051 et
862 986 988 1049 multos
1017 985 1190 1049 venientes
1212 985 1254 1049 ad
1276 984 1376 1049 fidem
1399 981 1588 1064 baptizavit
1612 980 1652 1044 in
1680 979 1820 1045 nomine

235 1091 424 1157 Trinitatis.

692 1190 938 1257 cATaLOGUs
959 1191 1037 1257 SUB
1057 1187 1237 1254 LIBERIO.

655 1340 699 1396 lia
726 1339 843 1396 editione
869 1341 996 1398 Eucherii
1024 1344 1049 1396 et
1074 1338 1270 1396 schelestratii.

274 1504 354 1568 Pius
364 1503 465 1566 annis
476 1501 614 1583 viginti,
626 1502 800 1567 mensibus
810 1505 965 1583 quatuor,
975 1500 1092 1565 diebus
1105 1499 1230 1580 viginti
1246 1515 1324 1562 uno.
1343 1498 1420 1562 Fuit
1432 1497 1643 1579 temporibus
1661 1499 1825 1564 Antonini

235 1610 286 1674 Pii
313 1628 334 1673 a
361 1610 538 1674 consulatu
570 1609 659 1674 (ilari
688 1611 723 1672 et
749 1610 859 1673 Severi
890 1624 997 1691 usque
1027 1607 1158 1673 duobus
1188 1606 1363 1687 Augustis.
1396 1604 1463 1668 Sub
1491 1605 1603 1686 hujus
1632 1605 1828 1687 episcopatu

232 1717 336 1783 hater
347 1717 421 1798 ejus
440 1719 578 1782 Hermes
593 1715 718 1780 librum
738 1717 881 1797 scripsit,
900 1717 936 1781 in
952 1734 1017 1799 quo
1035 1715 1218 1780 mandatur
1229 1714 1484 1794 contineturque
1509 1712 1600 1795 quod
1620 1714 1655 1778 ei
1674 1715 1827 1798 praecepit

224 1828 377 1907 angelus
387 1842 466 1888 cum
480 1826 573 1889 venit
593 1824 723 1888 adeum
738 1824 775 1886 in
793 1823 915 1888 habitu
928 1825 1085 1905 pastoris.

264 1977 353 2033 lectio
373 1975 491 2045 outolopi
499 1975 652 2040 liberiani,
667 1976 799 2047 suppletis
812 1977 928 2045 lacunis,
938 1975 1107 2032 restituendo
1126 1991 1159 2031 ea
1177 1979 1259 2031 anteo
1271 1973 1393 2031 dodariis
1403 1974 1434 2028 in
1445 1970 1560 2029 Aniceto
1572 1987 1678 2044 sapen

272 2118 353 2182 Pius
368 2117 508 2198 444448,
525 2117 699 2181 mensibus
709 2121 740 2198 4,
755 2117 873 2184 diebus
887 2120 917 2181 3.
935 2115 1013 2181 Fuit
1027 2113 1235 2198 temporibus
1249 2113 1412 2179 Antonini
1427 2113 1646 2178 sconsulatu
1664 2112 1784 2179 Rufini
1800 2115 1826 2177 et

176 2229 214 2289 45
235 2225 393 2302 Quadrati
406 2243 513 2307 usque
528 2225 666 2306 Orphito
679 2229 712 2290 et
727 2227 839 2290 Prisco

168 2372 396 2430 Addicmentnm
414 2375 538 2445 cotalopo
565 2378 730 2447 oppositam,
758 2379 790 2431 nt
816 2373 936 2437 uidetur,
963 2371 1002 2429 44
1023 2371 1204 2443 supplendam
1229 2373 1356 2428 44444444
1367 2372 1491 2444 posint
1509 2375 1700 2443 apparentem
1724 2373 1756 2427 in
1780 2371 1826 2427 toto

911 2463 1031 2519 Aniceti.

276 2585 346 2651 Sei
357 2587 465 2668 iujos
476 2589 673 2672 episcopatu
683 2587 798 2670 freter
809 2587 916 2668 injus
927 2584 1069 2649 Hermes
1082 2583 1208 2649 librom
1217 2584 1370 2666 scripsit,
1384 2583 1424 2648 in
1438 2601 1502 2667 qno
1515 2585 1720 2650 mundetur
1733 2583 1825 2651 conti

237 2696 415 2775 neterque,
432 2696 519 2776 qood
533 2695 566 2759 ei
581 2696 743 2777 pracepit
757 2692 914 2776 onycino,
930 2709 1006 2756 cem
1018 2693 1113 2756 oenit
1127 2693 1173 2758 44
1190 2709 1265 2756 eom
1279 2692 1319 2758 in
1338 2691 1459 2758 1444444
1472 2691 1649 2773 postoris.

703 2843 841 2890 NO'I’ULAE
853 2842 1060 2888 Melpomenes
1081 2842 1243 2887 rosunum

184 2977 288 3044 agn,
303 2975 377 3037 tub
402 2980 468 3036 lior.
489 2994 537 3035 on.
554 2975 615 3037 idi.

775 3093 916 3159 VARIAE
935 3091 1177 3157 LEOTIONES.

167 3220 253 3296 ,44444
272 3222 432 3280 Foirottttm
457 3236 491 3278 en
516 3220 605 3277 codice
632 3222 723 3292 ltepio,
749 3221 888 3277 Honorino
954 3217 984 3279 A
998 3217 1115 3273 Aniceti.
1140 3217 1220 3285 4444,
1251 3215 1299 3273 444
1323 3220 1378 3273 444.
1402 3216 1465 3271 llac
1496 3214 1702 3273 desiderantur
1730 3209 1765 3273 in'
1781 3231 1822 3284 ns,

453 3298 478 3349 et
493 3293 605 3349 Theano
995 3302 1081 3360 444444
1090 3290 1128 3345 44
1138 3305 1227 3345 uocem
1238 3287 1404 3345 Trinitatis.

149 3420 232 3477 Nun.
260 3416 304 3483 44,
321 3419 370 3474 tin.
390 3416 418 3483 4,
439 3431 506 3474 444.
531 3415 574 3475 ll.
598 3417 638 3474 ibi
657 3424 781 3489 tenpore
805 3419 870 3475 hnt.
886 3417 941 3474 Pil.
1137 3395 1693 3468 ΛΡΜΗο444444444443444444444444444-

116 3490 168 3576 tin
183 3488 210 3555 l,
227 3491 302 3576 quud
317 3491 342 3547 44
355 3490 518 3561 preceperit
529 3490 560 3546 h.
574 3491 622 3545 lin.
637 3488 664 3553 5,
679 3498 710 3546 ut
724 3491 840 3574 Pascha..
853 3492 902 3544 tiu.
912 3486 941 3557 t,
1031 3508 1093 3563 gin,
1110 3504 1137 3574 p,
1152 3507 1228 3576 tat,
1241 3518 1331 3561 annos
1351 3502 1394 3560 ty,
1410 3502 1822 3576 yyn,3s,1bhuyus‚gyg49„g

115 3559 193 3619 ¹0⁰¹&
210 3564 306 3619 ΗΜ
326 3575 358 3618 ¹⁵⁰
378 3568 427 3618 ³¹¹¹
452 3568 493 3618 ¹¹¹·
516 3563 566 3617 ²²²¹·
588 3559 615 3628 9»
646 3558 838 3644 1044404444
865 3576 889 3618 ⁸·
914 3574 938 3617 θ·
1013 3581 1040 3638 S.
1062 3581 1179 3646 ivonem,
1197 3579 1297 3633 Decrel.
1312 3577 1359 3630 lib.
1381 3589 1418 3636 ιιι,
1442 3573 1819 3646 cupientissimus.

115 3578 424 3718 4444144444
448 3647 503 3689 ⁰⁰V
519 3633 548 3689 ¹¹¹
572 3634 679 3718 uapore
697 3647 807 3716 sororis
829 3647 888 3690 ⁵¹¹ae
911 3633 940 3688 S·
995 3651 1106 3716 occasi,
1120 3650 1214 3705 οιιιι.
1233 3654 1300 3706 nes.
1313 3649 1362 3702 44.
1375 3645 1684 3721 tepescentem
1696 3647 1820 3705 -444-

115 3703 308 3774 Pudenttanae,
323 3711 351 3761 44
366 3703 437 3760 ι4ιι4.
454 3702 533 3760 olfer.
551 3711 736 3766 ministrant,
759 3705 808 3759 uhi
824 3710 852 3760 et
872 3703 891 3759 l.
908 3703 935 3759 h.
995 3725 1065 3780 yayys
1085 3721 1186 3778 absum
1206 3737 1224 3775 a
1247 3721 1413 3775 pymnyynyg
1441 3733 1518 3788 mg,
1544 3722 1613 3775 gem
1652 3738 1672 3777 a
1696 3722 1780 3791 4,,4,
1800 3724 1820 3774 ,y

115 3778 302 3844 consecrarit,
312 3776 487 3832 etconstitui
499 3774 612 3843 facitu
624 3789 708 3831 tuanu
720 3789 771 3831 sua
782 3775 936 3832 benedixit.
997 3795 1141 3852 pangam,

115 3849 143 3901 44
156 3846 263 3902 multus
273 3846 381 3902 renad
394 3845 414 3901 l.
426 3845 502 3916 bapt.
528 3846 557 3901 44
578 3860 605 3901 n.
626 3848 673 3903 Tr.
699 3847 752 3902 llic
775 3845 843 3902 lecit
864 3848 941 3904 ordi·
1155 3881 1240 3952 Apud
1260 3882 1370 3937 Pernam
1384 3895 1418 3935 ,ω
1435 3879 1523 3935 ,Μία
1537 3879 1674 3936 cavensi·

1031 3991 1094 4044 lin.
1121 3985 1147 4051 4,
1161 4001 1193 4044 ex
1219 3993 1296 4058 patre
1316 3986 1420 4044 444444
1442 3985 1529 4043 tratre
1554 3987 1702 4045 Pastoris.
1728 3988 1776 4043 lin.
1799 3982 1822 4040 i·

336 4059 380 4113 Ec
393 4058 482 4113 codiee
495 4058 607 4114 Theano
623 4059 718 4114 attero.
996 4061 1071 4117 44444
1086 4072 1227 4126 annosus,
1246 4073 1281 4114 m.
1306 4072 1360 4127 ιιιι,
1378 4059 1441 4115 dies
1461 4072 1507 4121 ιιι,
1523 4058 1577 4113 lin.
1590 4057 1618 4127 3,
1641 4074 1660 4115 4
1681 4058 1821 4118 consulatu

996 4132 1071 4187 Clari
1086 4139 1114 4187 et
1132 4131 1227 4187 Severi
1244 4131 1357 4186 veteris.
1372 4130 1421 4185 tin.
1436 4128 1464 4198 5,
1478 4143 1544 4186 cum
1559 4132 1657 4187 venit.
1675 4133 1727 4188 lin.
1742 4129 1783 4200 44,
1797 4129 1821 4184 44

152 4201 215 4256 lin.
227 4197 255 4270 5,
270 4200 303 4256 44
313 4199 431 4257 Pascha.
449 4201 497 4255 tin.
516 4197 559 4271 45,
575 4199 637 4256 4444
654 4196 696 4256 44.
707 4202 866 4272 ilicinoipit
881 4200 944 4258 4444
998 4203 1225 4259 honoresororis
1237 4217 1296 4259 sua
1309 4207 1413 4259 4444444
1424 4202 1613 4259 Potentianae.

781 4364 810 4427 N
812 4364 903 4428 OTAE
921 4365 1154 4430 VARIORUM.

435 4485 620 4543 BLhNCHlNl
996 4490 1118 4572 catalogi
1131 4490 1281 4546 lectionem
1289 4490 1424 4560 expansis
1434 4489 1703 4560 calumniatribus‚
1711 4502 1822 4565 quarnn

117 4608 193 4652 4444
213 4605 421 4651 4444444444
451 4608 483 4650 44
506 4607 720 4650 4444444444
748 4607 873 4652 marton
897 4611 944 4653 ut·
996 4562 1822 4706 ffigfflffiffiffi{12}sssssssszsriis¹¹v²ietffigfflffrgffi¹ossy

329 4678 441 4722 mum
460 4679 495 4721 Μ’
513 4679 635 4721 “Nm
650 4679 728 4722 ΡΜ·
998 4703 1026 4760 44
1041 4704 1211 4774 praestantis,
1225 4705 1345 4761 sinistra
1354 4718 1418 4760 tero
1435 4705 1586 4761 exhiberet
1594 4707 1822 4778 supplementum

152 4772 247 4830 Lectio
259 4771 385 4844 Catalogi
400 4772 544 4829 liberiani
564 4773 677 4830 lacunis
699 4773 943 4846 frequentioribus
997 4782 1061 4846 apte
1076 4777 1252 4846 respondens
1265 4781 1326 4831 tum
1337 4776 1429 4846 spatio
1444 4776 1628 4845 lacunarum,
1651 4783 1715 4835 tum
1737 4775 1822 4848 operis

116 4845 302 4917 cognoscitur
312 4844 447 4914 impedita
463 4844 530 4900 abll
552 4846 618 4916 gine
633 4848 667 4901 44
679 4846 839 4903 Callistum.
859 4851 942 4905 Lacu·
996 4848 1155 4916 contextui,
1167 4854 1195 4903 et
1208 4848 1315 4903 litteris
1329 4847 1547 4916 superstitibus,
1561 4855 1626 4903 turn
1639 4851 1717 4922 stylo
1730 4858 1823 4905 44444

117 4931 219 4975 aarum
236 4916 334 4971 hiatus
344 4916 500 4986 aliquando
512 4861 696 4987 4544444444
705 4919 815 4985 priores
830 4925 940 4976 444444
997 4920 1039 4976 ris
1052 4920 1143 4976 catalo
1166 4920 1185 4987 4,
1205 4924 1265 4975 444
1280 4920 1354 4974 veris
1370 4918 1532 4975 rationibus
1546 4920 1766 4992 chronologia.
1780 4919 1822 4972 44-

115 5003 216 5045 versus
236 4988 364 5057 alicujus
388 4988 537 5056 periocha,
560 5001 625 5044 cum
644 4989 758 5044 nornine
784 4991 940 5060 pontilicis,
958 4981 982 5042 Β
998 4991 1071 5047 44444
1083 4935 1163 5061 quoti
1169 4990 1291 5047 dixerim
1300 4991 1446 5060 suppletas
1455 4990 1490 5046 ab
1504 4992 1822 5061 imperitodescriptors

116 5065 145 5117 44
156 5061 285 5117 numeris
300 5072 453 5124 annorum,
468 5060 621 5128 mensium,
636 5073 668 5114 ac
681 5060 805 5125 dierunt,
822 5076 894 5131 quos
911 5063 940 5117 44
998 5062 1125 5132 lacunas,
1142 5076 1187 5118 res
1203 5064 1264 5133 ipsa
1283 5063 1422 5118 ostendit.
1439 5064 1509 5118 Num
1523 5064 1677 5120 columnis
1690 5066 1779 5120 trium
1794 5061 1823 5115 le·

115 5133 282 5203 episcopatu
299 5130 324 5187 44
339 5137 524 5203 transegerat,
539 5137 572 5187 ut
588 5132 617 5186 in
632 5131 761 5201 4444444,
780 5133 940 5202 4444444444,
996 5135 1125 5191 4444444
1150 5140 1216 5190 4444
1249 5134 1349 5190 444444
1378 5134 1491 5204 4444444,
1519 5137 1657 5207 uuusqui
1682 5151 1717 5194 ue
1747 5133 1822 5192 lacile

115 5217 149 5259 44
169 5204 339 5276 zephyrino,
355 5202 514 5273 aliquando
529 5215 594 5258 vero
618 5203 742 5274 integris
765 5205 943 5261 remanenti·
997 5204 1149 5277 intelliget.
1171 5206 1246 5276 quod
1267 5205 1433 5277 ubicunque
1452 5206 1619 5277 descriptor
1643 5153 1697 5265 ifle
1711 5206 1821 5265 44444444

116 5273 171 5331 bus
179 5279 295 5333 nomine
305 5274 462 5346 pontilicis,
471 5286 504 5329 ac
514 5274 642 5330 numeris
652 5274 939 5343 memoratis,necnon
997 5289 1098 5333 nornen
1114 5276 1296 5347 imperatoris
1316 5278 1449 5333 iteratum
1462 5285 1528 5333 ante
1542 5290 1576 5335 ac
1600 5285 1671 5350 post
1685 5280 1820 5343 lacunan,

118 5344 296 5404 indicatione
313 5352 497 5416 4444444444
510 5346 622 5402 eosdem
639 5345 669 5402 44
681 5359 771 5402 annos
786 5347 941 5404 incidentis
996 5348 1155 5404 arbitratus
1169 5354 1212 5404 444
1228 5349 1312 5420 jungi
1327 5362 1408 5419 posse
1426 5349 1500 5405 4444
1515 5350 1674 5418 periochas
1695 5353 1822 5409 diseno-

116 5416 353 5486 deperditaerant
368 5419 398 5474 in
411 5416 583 5473 membranis
595 5418 710 5474 nomina
721 5419 883 5489 consulum,
901 5420 943 5475 in·
998 5434 1060 5476 rum
1075 5420 1242 5489 4444444444
1265 5435 1315 5489 per
1336 5419 1466 5476 lacunam
1493 5421 1658 5494 mutilatas,
1681 5426 1765 5496 quasi
1791 5421 1820 5476 44

116 5485 241 5543 ditantia
256 5491 407 5546 exordium
416 5501 450 5544 44
464 5487 547 5546 tinem
560 5490 673 5558 epocha
686 5490 812 5559 ejusdem
828 5491 942 5559 444444-
996 5492 1122 5547 eandem
1134 5493 1330 5561 pertinerent,
1347 5492 1520 5548 4444444144
1540 5496 1727 5552 successoris
1741 5494 1822 5552 attri-

117 5562 219 5626 444444
245 5560 320 5628 quod
337 5562 366 5616 in
380 5561 492 5617 hniceti
511 5560 641 5629 proximo
658 5561 806 5618 decessore
820 5563 941 5635 Hygino,
996 5561 1061 5619 buit
1073 5577 1150 5633 papa
1162 5564 1316 5620 decessori.
1332 5562 1426 5632 Quare
1437 5564 1660 5636 chronologiam
1676 5568 1821 5636 utriusque

119 5628 149 5685 in
162 5629 259 5685 sotere
273 5629 421 5688 decessore
444 5631 602 5697 Eleutheri,
628 5632 657 5686 44
673 5633 786 5689 Victore
802 5635 942 5706 zephyri-
996 5633 1147 5690 subvertit.
1165 5635 1194 5691 44
1209 5636 1238 5691 44
1254 5635 1372 5706 Soteris,
1385 5641 1414 5691 et
1432 5635 1580 5692 Eleutheri
1595 5638 1746 5707 periochis
1760 5637 1821 5694 red·

118 5713 186 5757 nunt
200 5705 342 5770 praeunte
355 5703 486 5762 evenisse
500 5704 693 5763 observamus.
713 5702 814 5760 Oculis
827 5706 855 5762 44
868 5705 942 5763 sub-
995 5706 1077 5764 ditur
1093 5705 1287 5762 manifestum.
1306 5709 1371 5763 Post
1386 5721 1497 5776 nomeu,
1514 5712 1575 5765 ete
1596 5711 1702 5768 ocham
1717 5709 1818 5769 Soteris

114 5772 171 5844 jeci
189 5772 219 5830 iu
233 5783 352 5829 numero
365 5772 479 5832 anirun
494 5777 615 5847 ejusque
634 5775 712 5832 notis
726 5775 940 5850 chronologicis
996 5778 1036 5835 lta
1047 5782 1245 5849 preservatum
1262 5796 1268 5833 :
1286 5778 1437 5835 Soterunn.
1454 5777 1465 5834 4
1480 5776 1551 5842 443
1638 5779 1734 5842 ileum
1750 5782 1817 5854 lege·

117 5857 182 5924 pag.
209 5838 271 5918 444,
291 5842 361 5906 dum
383 5844 536 5919 restituere
558 5852 680 5908 conatus
697 5861 762 5907 sum
777 5861 940 5921 germanum
979 5855 1047 5925 rat,
1062 5850 1314 5922 perempertus.
1332 5853 1467 5910 44444444
1490 5856 1640 5928 44.........,
1656 5855 1817 5927 eumenum
