3892 6136
398 303 558 364 HISTORIA
577 306 624 366 DE
645 307 732 367 vitis
748 307 833 367 uoti.
854 305 955 366 ioan.
975 336 1012 351 ·-
1028 309 1056 367 S.
1075 307 1244 366 CLEMENS.
1604 308 1675 370 4098

98 422 220 481 Galatas.
808 434 836 491 A
849 430 1035 504 approbante,
1056 432 1216 503 conditum,
1240 431 1288 487 iiic
1311 432 1440 488 omnium
1453 433 1672 505 Evangeliorum

98 496 296 566 Pbiiippenses
308 494 354 554 El.
850 500 956 559 lentem
965 504 1205 574 elustestimonic
1219 516 1253 558 ac
1266 503 1412 574 responsis
1423 505 1595 570 indicatum,
1611 507 1674 576 qui·

98 566 281 625 colossenses
467 588 470 594 ·
848 571 903 630 bos
914 575 943 630 iii
955 574 1192 644 scriptisveieiis
1202 588 1317 647 quoque
1327 575 1513 632 instrumenti
1522 588 1602 632 sacra
1613 589 1673 632 ora·

98 638 363 697 thessalonicenses
377 641 468 711 prima
481 641 526 700 iE.
848 645 912 701 cola
924 646 1051 717 librique
1065 647 1246 717 aperiuntur.
1262 647 1356 716 Quare
1375 647 1536 703 mirandum
1551 659 1607 703 ooii
1618 652 1673 717 est,

98 710 220 767 Tbessai.
244 714 385 769 secunda.
848 716 874 772 si
888 717 960 774 banc
994 719 1150 775 receneris
1162 716 1312 788 epistolam
1325 717 1459 775 Ecclesia
1471 718 1604 775 Romana
1618 731 1674 774 no-

98 781 273 840 Timoibeum
293 781 497 858 primocasu,
511 784 556 845 50.
848 789 951 845 minea
965 732 1107 846 glemente
1124 789 1158 846 ad
1174 788 1340 846 Corinthios
1360 789 1455 845 damin
1470 789 1607 859 providus
1623 789 1673 846 ille

98 853 167 909 Tim.
184 854 215 910 ll.
846 859 1010 931 descriptor
1023 862 1177 932 utriusque
1191 860 1364 917 Testamenti
1381 860 1411 915 in
1424 874 1457 917 eo
1471 861 1571 918 codice
1586 866 1672 919 retu-

98 924 196 981 litum.
846 930 1673 1005 stissimoquartisacoitappooeidamcomierit,eamque

98 995 298 1055 Philemonem.
847 1008 889 1060 tot
901 1004 931 1059 iii
949 1003 1086 1060 Ecclesils
1105 1002 1221 1075 publice
1233 1002 1349 1060 recitari
1366 1003 1532 1060 studuerint
1553 1003 1671 1060 illarum

98 1067 449 1141 neumasensium.
845 1075 972 1145 episcopi
993 1076 1091 1131 statim
1116 1086 1149 1130 ac
1172 1073 1319 1131 edebatur.
1345 1076 1442 1146 Neque
1456 1075 1534 1132 enini
1561 1080 1672 1146 poterat

376 1184 383 1210 i

98 1139 112 1194 i
129 1143 221 1210 prima
238 1140 264 1196 il.
280 1141 324 1211 30,
339 1144 345 1158 '
399 1140 443 1216 ta,
456 1139 502 1200 57.
845 1146 974 1202 exbiberi
985 1147 1188 1203 documentum
1202 1145 1349 1203 illustrius
1364 1148 1470 1216 recepti
1483 1159 1587 1203 census
1598 1148 1673 1203 Scri-

98 1210 111 1265 i
128 1213 254 1268 secunda
265 1211 308 1284 ll,
328 1212 376 1270 23.
845 1224 994 1288 pturarom
1012 1220 1227 1289 canonicarum,
1244 1230 1328 1289 quam
1346 1219 1418 1275 illud
1432 1219 1507 1288 quod
1524 1218 1672 1289 petebatur

98 1280 132 1338 ibi
148 1281 192 1350 ill,
210 1281 253 1357 il,
269 1283 314 1358 23,
333 1283 376 1342 30.
844 1288 879 1345 ab
894 1289 1106 1347 assertionibus
1119 1296 1147 1346 et
1159 1304 1214 1346 oso
1235 1289 1370 1346 Ecclema
1382 1289 1531 1346 caiuoiiea
1550 1296 1578 1347 et
1597 1302 1671 1360 apc-

98 1366 123 1410 e.
844 1360 1672 1431 stolica‚omuiumprestantissimaaoctoritatepollentis

98 1425 232 1497 calypsls.
844 1443 877 1487 ac
892 1432 1036 1503 principis
1062 1433 1272 1500 universarum,
1298 1433 1338 1489 ita
1362 1432 1517 1489 scribentis
1540 1446 1599 1490 aio
1618 1433 1670 1490 iilo

99 1510 186 1554 cuum
215 1499 307 1570 igitur
331 1502 384 1569 est,
416 1499 445 1556 in
469 1499 522 1556 iiac
551 1513 608 1557 uua
632 1500 788 1559 Clementis
843 1502 1013 1576 apostolico,
1029 1517 1086 1574 quo
1102 1503 1412 1576 loanneseiaogeiista
1432 1510 1580 1575 superstes
1597 1511 1669 1562 erat.

107 1570 260 1626 universos
284 1571 488 1642 propemodum
512 1571 604 1628 libros
631 1575 789 1632 canonicos
843 1575 923 1630 Hunc
936 1574 1032 1643 ipsum
1047 1575 1148 1632 divino
1162 1575 1288 1631 consilio
1303 1575 1358 1631 sub
1372 1579 1499 1632 extrema
1510 1576 1669 1633 Domitiani

98 1683 101 1694 .
125 1642 194 1697 liam
216 1641 261 1698 illi
278 1644 424 1712 perpauci,
440 1656 562 1712 quorum
577 1644 661 1700 verba
677 1646 788 1718 produ-
842 1651 970 1716 tempora
984 1648 1100 1702 Romam
1120 1644 1212 1702 luisse
1224 1646 1394 1717 perdoctum
1414 1649 1601 1719 cognorimus
1614 1648 1668 1720 (uti

98 1719 252 1783 {omentum
271 1714 401 1783 epistola
422 1728 478 1771 non
496 1715 672 1787 requirebat,
696 1716 787 1773 veluti
843 1716 1208 1788 perbibetTertullianusiz
1224 1731 1260 1773 ne
1272 1717 1385 1773 scilicet
1397 1718 1546 1788 quippiam
1559 1720 1670 1776 deesset

98 1783 191 1854 icum,
211 1785 457 1855 Paralipomenon,
472 1785 577 1856 Tabia,
592 1789 785 1856 canticorum,
801 1800 828 1862 B
845 1789 914 1844 liuic
932 1789 1064 1848 Romana
1079 1789 1222 1859 Ecclesia,
1236 1789 1295 1858 jam
1314 1796 1373 1846 tom
1389 1789 1502 1845 custodi
1515 1796 1545 1845 et
1556 1791 1669 1861 promi-

100 1860 128 1911 et
149 1856 283 1925 Epistola
295 1859 330 1913 ad
347 1858 472 1928 Galatas,
495 1859 529 1914 ad
542 1858 735 1928 colossenses,
751 1859 785 1915 ad
845 1861 942 1917 conda
964 1860 1039 1919 sacri
1066 1860 1175 1930 eloquit
1198 1873 1215 1915 a
1235 1861 1317 1916 Petro
1337 1865 1365 1916 et
1380 1860 1468 1918 Paulo
1483 1863 1620 1946 suscepti,
1632 1863 1668 1917 ad

98 1932 116 1983 it
128 1929 164 1984 ad
180 1927 384 1994 Philemonem,
400 1936 428 1985 et
439 1930 518 1986 iuda
534 1931 669 2003 apostoli,
680 1932 723 1988 iel
739 1930 785 1985 io·
842 1932 1079 2001 complementum
1089 1931 1362 1988 sacricanonlsScri
1384 1937 1525 2004 torarom,
1541 1946 1670 2003 proxime

98 1999 257 2071 ury'ugaii,
268 2006 295 2055 et
307 2001 457 2071 approbati
473 2015 537 2058 cum
553 2003 704 2073 proximis,
721 2014 788 2073 qua·
841 2003 1065 2062 claudendicom
1077 1947 1565 2077 librisaujosapostofidilecti,qut
1576 2006 1669 2060 Evan-

98 2069 191 2127 mlesla
210 2073 296 2126 etiam
310 2073 428 2128 iudaica
443 2073 552 2129 Earucb
573 2087 638 2130 cum
655 2073 786 2143 ieremia,
842 2075 912 2202 gelli
928 2078 1034 2134 fluenta
1054 2076 1090 2131 de
1104 2074 1248 2130 Dominicl
1271 2075 1395 2145 pectoris
1416 2074 1494 2131 toute
1509 2081 1665 2201 gemuerat.

99 2154 165 2199 cum
185 2142 308 2213 reliquis
323 2145 561 2213 sapientialibos,
571 2146 787 2218 paralipomena
866 2147 896 2202 ii
906 2150 982 2205 enim
995 2145 1031 2203 ab
1043 2145 1116 2202 Urbe
1128 2146 1271 2216 relegatus
1281 2146 1311 2200 iii
1323 2147 1447 2202 insulam
1460 2147 1511 2202 Pat
1534 2159 1593 2204 mos
1607 2151 1668 2202 tom

97 2213 138 2269 ris
153 2214 270 2285 Regum,
285 2216 401 2272 ludices
416 2230 479 2271 cum
494 2217 698 2285 Heptateonbo,
713 2224 742 2273 et
755 2217 785 2271 iii
841 2219 1026 2292 Euangeliou
1041 2230 1137 2286 suum,
1147 2222 1207 2273 tum
1218 2217 1419 2287 apocalypsim
1436 2218 1581 2274 mandavit
1597 2218 1670 2273 litte·

98 2297 128 2341 ua
143 2285 278 2355 Epistola
295 2287 503 2343 indicatacum
518 2289 630 2344 ceteris
645 2288 787 2360 apostoli·
841 2291 897 2347 ris.
917 2294 972 2347 Has
989 2302 1055 2346 nero
1078 2295 1173 2360 partes
1198 2289 1264 2345 ocii
1286 2289 1412 2344 Foedeiis
1435 2301 1583 2358 supremas
1608 2291 1671 2345 lio-

102 2354 233 2428 lortasse,
249 2363 277 2414 et
297 2358 341 2414 illi
361 2359 593 2428 producebantur
609 2362 638 2415 iii
655 2360 787 2431 partibus
842 2376 932 2419 maiia
943 2361 1077 2419 Ecclesia
1091 2359 1181 2416 luisse
1193 2360 1291 2415 statim
1303 2359 1483 2417 concreditas
1497 2373 1562 2417 cuni
1581 2367 1669 2417 cate·

107 2426 272 2497 Clementis,
283 2444 347 2500 qua
364 2431 447 2487 bodie
460 2430 672 2498 desiderantur,
689 2432 731 2489 oti
747 2432 790 2487 iu·
843 2434 885 2491 ris
905 2434 1015 2491 divinis
1030 2431 1139 2488 litteris
1162 2430 1298 2502 colligere
1319 2444 1472 2501 possumus
1486 2443 1519 2487 eii
1546 2438 1669 2515 martyre

98 2502 282 2556 monacisca
301 2501 385 2558 linem
409 2502 503 2558 adbuc
524 2502 656 2574 biaotes3
674 2503 716 2560 rel
732 2516 788 2573 op·
841 2507 974 2563 tostino:
991 2505 1071 2560 «Hic
1083 2503 1135 2573 (ait
1156 2503 1346 2573 Hieronymus
1358 2504 1394 2559 de
1407 2503 1512 2572 script.
1528 2503 1669 2560 ecciesia-

98 2583 122 2627 m
144 2571 264 2627 minime
281 2570 339 2628 luit
352 2586 385 2629 ec
399 2573 461 2629 loco
480 2576 599 2644 produci
620 2575 787 2631 testimonia
843 2577 936 2649 stieis)
956 2587 1022 2633 cum
1043 2576 1074 2630 iii
1089 2574 1160 2630 urbe
1183 2576 1270 2631 Ecma
1290 2573 1406 2631 baberet
1423 2573 1467 2636 τὰς
1486 2574 1621 2645 aruspicia,
1643 2579 1672 2632 et

98 2644 258 2712 apartibus
270 2644 428 2701 bibliorum
439 2660 448 2711 ·,
460 2658 524 2701 cum
536 2646 608 2701 satis
622 2647 788 2703 confirmata
844 2650 1021 2706 Crescentem
1035 2648 1185 2718 Cynicum,
1201 2646 1252 2716 qui
1269 2645 1505 2702 multaadversus
1523 2646 1670 2703 Cbristia-

98 2721 249 2786 gnosceret
263 2716 437 2787 exallegatis
452 2716 481 2770 E.
499 2717 638 2789 Clemens,
649 2718 716 2774 dum
732 2718 791 2772 ilo-
847 2735 899 2778 nos
914 2717 1138 2790 blasphemabat,
1153 2718 1347 2789 redargueret,
1362 2718 1508 2790 gulosum,
1523 2722 1552 2773 et
1567 2717 1670 2775 mortis

98 2785 209 2842 eclesie
223 2788 394 2844 nomineeas
415 2788 526 2844 litteras
542 2789 631 2845 daret.
648 2789 791 2858 Quantum
848 2793 995 2862 timidum,
1011 2789 1193 2860 luxuriaque
1211 2794 1239 2844 et
1264 2788 1420 2845 libidinum
1442 2794 1621 2858 sectatorem,
1635 2790 1671 2846 ad

98 2859 196 2913 imeoti
216 2858 274 2928 y‘am
300 2866 359 2915 tum
382 2859 494 2916 alierret
509 2862 641 2917 itomana
659 2860 793 2918 Ecclesia
847 2871 1004 2922 extremum
1017 2861 1117 2918 studio
1137 2861 1210 2931 eius,
1226 2865 1254 2916 et
1281 2860 1401 2917 insidiis
1426 2866 1579 2916 accusatus
1594 2862 1670 2946 quod

98 2940 126 2986 as
141 2928 697 3004 iiistabiliendocanoneScrlptuiarom
711 2933 793 2988 iotel·
845 2937 1030 2993 Christianus
1046 2937 1130 2999 esset,
1156 2945 1205 3001 pro
1218 2930 1333 2987 Cliristc
1358 2931 1527 3002 sauguinem
1551 2931 1639 2989 ludit.
1658 2951 1671 2982 r

102 3001 220 3057 satisei
238 3002 379 3073 Patribus,
395 3004 539 3073 precipue
551 3017 617 3060 vero
631 3017 665 3061 ei
686 3005 717 3058 E.
737 3004 792 3059 au·
847 3011 922 3065 inter
941 3010 1041 3062 camna
1067 3017 1134 3059 vero
1155 3002 1263 3071 scripta
1283 3003 1391 3058 iustini
1416 3003 1562 3074 martyris,
1579 3003 1674 3060 Roma

98 3072 126 3126 io
142 3072 327 3131 libroccntra
340 3075 491 3145 epistolam
501 3076 650 3132 Hamisbaei
661 3088 723 3147 cap.
735 3071 752 3130 l
764 3081 792 3131 et
845 3078 888 3141 τὰς
915 3076 1039 3149 aruspicia
1052 3074 1196 3141 habentis,
1214 3074 1403 3144 Hieronymus
1430 3078 1556 3130 recenset
1581 3074 1675 3131 inter-

98 3145 274 3271 rogantibus
302 3147 378 3202 enim
405 3160 458 3202 cur
485 3148 612 3203 crederet
639 3146 790 3219 Evangelio
805 3173 830 3238 Ο
847 3149 1034 3222 pretationem
1048 3145 1272 3215 apocalypseos:
1291 3146 1388 3213 Quam,
1406 3145 1512 3270 inquit,
1533 3147 1675 3227 intepre-

97 3255 105 3285 ,
157 3218 227 3287 arci,
248 3221 339 3301 Luca,
353 3219 488 3289 ioannis3
506 3231 561 3274 non
578 3220 705 3275 crederet
722 3231 789 3274 vero
846 3227 941 3277 tantur
959 3220 1084 3274 iustitias
1102 3220 1209 3284 martyr
1231 3219 1257 3269 et
1277 3218 1407 3285 irenaeus,
1424 3227 1446 3297 ‘a
1461 3222 1504 3270 tei
1523 3215 1635 3272 scilicet
1658 3230 1675 3272 a

98 3288 249 3360 Evangelio
263 3290 424 3359 bianicbai,
445 3290 630 3360 aliorumque
650 3291 793 3346 sectario-
846 3294 960 3350 tustino
970 3291 1111 3359 interpres
1120 3286 1367 3369 ejusdem'saeculi,
1382 3300 1431 3356 qui
1441 3285 1553 3357 legatus
1562 3287 1675 3370 Lugdu·

98 3360 207 3430 spondet
226 3374 257 3417 se
279 3362 388 3417 idcireo
413 3362 538 3432 primum
562 3361 636 3418 illud
653 3361 790 3431 recipere,
847 3367 946 3422 nensis
969 3361 1103 3419 Ecclesia
1122 3359 1156 3414 ad
1175 3356 1338 3429 pontidcem
1362 3356 1546 3414 Eleutberom
1560 3357 1674 3415 litteras

98 3446 104 3484 i
124 3430 251 3488 Ecclesia
275 3433 418 3489 eatboiisa
443 3434 581 3488 traditum
606 3433 662 3489 sibi
688 3432 793 3500 luerit3
849 3439 964 3494 Romam
980 3433 1109 3504 pertulit.
1124 3430 1235 3486 Suiitet
1249 3427 1555 3512 quiucolligantmuitc
1576 3436 1676 3486 matu-

98 3508 210 3559 iaotem
227 3508 400 3574 postremum
413 3504 466 3561 boc
484 3505 647 3574 llaoiciial,
668 3506 743 3576 quod
759 3502 794 3559 ab
850 3509 913 3565 rius
929 3511 1114 3563 memoratum
1125 3502 1252 3558 codicem
1268 3500 1457 3584 epistolarum
1471 3501 1675 3583 canonicarum

107 3574 249 3632 catbolica
266 3577 294 3632 id
311 3589 367 3632 non
384 3577 535 3646 acceperit.
555 3577 623 3646 Qua
635 3583 731 3633 autem
745 3588 796 3632 es-
850 3580 965 3636 nomine
979 3576 1105 3648 Apostoli
1119 3574 1149 3629 in
1162 3572 1286 3654 epistola
1297 3574 1401 3655 ignatii
1413 3576 1548 3656 martyris
1559 3573 1598 3656 'ad
1613 3573 1677 3657 Piit3

98 3646 153 3702 esia
170 3648 322 3717 catholica,
346 3649 395 3704 coi
411 3647 638 3704 sincerissimam
660 3651 733 3704 banc
745 3660 796 3703 sa·
850 3650 1011 3720 ladelpliios
1023 3660 1103 3704 uum.
1121 3643 1148 3715 5,
1164 3645 1227 3715 ejus
1248 3643 1389 3700 sciliceta
1411 3644 1526 3700 ostolici
1540 3659 1606 3713 iiri,
1623 3659 1675 3714 qui

98 3719 247 3776 itradenti
263 3719 344 3776 bilem
360 3718 498 3776 adbibere
510 3725 640 3792 cogatur,
656 3718 795 3776 etadba-
849 3736 905 3780 nou
922 3720 1004 3777 modo
1021 3719 1115 3775 iioma
1133 3722 1264 3773 versatus
1281 3719 1334 3782 est,
1351 3729 1366 3770 s
1427 3714 1456 3770 in
1477 3714 1672 3800 Urbemarty-

98 3789 137 3846 tis
156 3797 254 3860 aperte
282 3790 415 3848 monebat
437 3805 502 3848 cum
529 3791 587 3846 liae
607 3792 794 3862 praemitteret
849 3791 1134 3861 riumsubilt‚juita
1148 3789 1349 3858 Hieronymum
1365 3799 1441 3843 anuo
1454 3787 1568 3869 Trayaui
1582 3787 1677 3843 uode-

114 3880 127 3913 ι
153 3861 240 3918 Tenet
263 3863 299 3918 ab
315 3863 378 3933 ipsa
393 3863 459 3919 sede
484 3863 558 3919 Petri
579 3863 715 3935 apostoli,
744 3863 793 3919 cui
849 3855 1677 3991 cimoquareoonmodoanteannosbliabobitoloannis

98 3945 125 3989 is
139 3946 206 3990 cies
219 3949 286 3990 suas
303 3940 365 4005 post
378 3935 615 3991 resurrectionem
630 3948 711 3992 suam
735 3937 791 3991 Do·
849 3950 954 4008 evange
969 3936 1031 3992 ista
1044 3939 1075 3989 ut
1087 3931 1132 3987 ilii
1144 3930 1296 4003 colligunt,
1310 3929 1463 3986 pandectes
1478 3929 1527 3985 ille
1540 3929 1680 4000 apostoli-

98 4006 300 4073 ommendaiit,
313 4007 447 4078 usquead
470 4014 634 4076 presentem
650 4007 796 4078 episcopa·
850 4023 902 4065 ciis
914 4008 985 4064 Novi
997 4002 1309 4087 TestamentiEomana
1323 4001 1353 4056 iii
1371 4001 1494 4085 Ecclesia
1510 3999 1610 4084 luerit,
1626 4000 1674 4085 sod

98 4079 192 4132 cessio
204 4078 394 4136 sacerdotum.
411 4097 424 4129 i
441 4080 493 4133 His
515 4079 602 4135 etiam
623 4080 796 4148 respondent
850 4080 936 4137 etiam
960 4079 1036 4134 intra
1060 4078 1233 4133 decennium
1258 4086 1275 4128 a
1300 4073 1476 4129 dormitione
1496 4073 1624 4143 loannis,
1649 4087 1676 4129 si

104 4148 227 4217 protulit
240 4149 291 4205 lib.
304 4163 325 4205 ii
337 4151 373 4206 de
386 4152 480 4205 [tecti.
491 4150 597 4206 christ.
610 4150 698 4221 capti
720 4155 796 4205 aute·
852 4149 1016 4222 Hieronymi
1032 4146 1247 4231 chronologiam
1261 4144 1455 4229 sequamuriii
1471 4143 1592 4228 libiade
1603 4145 1679 4201 Scri·

98 4232 118 4273 ir
129 4221 254 4277 concilia
265 4223 510 4293 gerieraliacanon
524 4223 584 4278 inte
604 4236 634 4278 re
645 4191 797 4292 perlcsrs-
853 4219 1209 4294 ptoribosecclesiasticis,
1224 4216 1273 4273 obi
1284 4229 1345 4272 eam
1357 4215 1502 4301 retulitad
1514 4217 1603 4272 initia
1614 4218 1680 4273 Tra·

98 4238 794 4364 bellarminusmooeicmiroiersfibn,capati:
850 4295 926 4366 tani.
955 4295 1058 4350 Verum
1078 4292 1114 4347 de
1142 4291 1240 4347 codice
1268 4289 1491 4372 apostolicarum
1516 4288 1677 4373 litterarum

98 4362 795 4435 inicisaoiemscripiorisEcclesiarumpioriom
851 4365 926 4438 apud
951 4365 1095 4437 ignatium
1124 4365 1288 4432 memorato,
1313 4366 1356 4416 oti
1379 4358 1491 4444 Hiliius
1514 4372 1549 4415 ex
1572 4359 1680 4444 Grabio

98 4436 396 4492 arumaoctoritatem
420 4450 592 4507 sequamur:
625 4437 701 4492 inter
724 4449 797 4507 quas
851 4436 1055 4510 (Proiegomen.
1092 4440 1189 4491 censet
1217 4434 1279 4504 (nec
1309 4429 1430 4514 loitasm
1456 4430 1610 4513 immerito)
1638 4438 1678 4488 sit

98 4513 205 4578 esunt,
217 4521 280 4577 qua
291 4508 464 4577 apostolicas
474 4508 556 4563 sedes
571 4507 685 4574 babere,
699 4514 726 4565 et
738 4508 796 4579 epi·
853 4522 939 4582 penes
964 4507 1039 4565 alios
1069 4506 1224 4577 iudicium.
1247 4501 1337 4559 Nobis
1361 4501 1475 4584 abunde
1498 4498 1619 4557 subiciet
1641 4515 1677 4559 ex

98 4577 203 4648 mipene
217 4579 524 4637 meruerunt.Tenebit
536 4580 627 4652 igitur
643 4579 720 4637 bunc
733 4593 797 4636 mo-
812 4569 966 4640 Dlustioo
981 4583 1104 4649 martyre
1118 4582 1146 4634 et
1165 4578 1271 4631 irenaeo
1285 4586 1401 4629 censum
1418 4572 1679 4698 utriusqueTesia·

98 4648 254 4720 Scriptuiis
265 4652 424 4720 canonicis,
437 4655 469 4708 ut
481 4665 529 4707 eas
544 4665 607 4722 qua
615 4652 651 4707 ab
661 4652 797 4710 omuibus
853 4653 941 4711 menti
957 4650 1099 4709 librorum
1122 4653 1152 4704 ln
1175 4646 1307 4730 Romana
1324 4643 1462 4730 ‚Ecclesia
1477 4656 1522 4699 scr
1535 4656 1597 4727 niis
1611 4643 1676 4701 coi-

98 4725 156 4777 itoi
169 4721 308 4779 Ecclesiis
322 4723 485 4792 mtuolicis,
504 4726 651 4794 praeponat
669 4724 712 4780 eis
725 4737 797 4795 quas
852 4726 950 4798 ligere.
963 4724 1034 4780 cum
1050 4721 1126 4777 enim
1140 4719 1199 4776 doo
1216 4717 1261 4774 illi
1275 4720 1431 4787 scriptores
1449 4714 1520 4771 adeo
1534 4713 1673 4787 illustres,

98 4804 174 4849 iiico
189 4794 349 4864 accipiunt.
366 4797 394 4850 in
411 4796 454 4852 eis
476 4808 541 4852 iero
562 4809 625 4867 quae
646 4808 701 4852 ooo
715 4796 796 4851 aeci-
851 4805 880 4854 et
904 4797 1074 4865 interpretes
1087 4788 1296 4862 apocalypseos
1307 4790 1402 4872 Eomae
1416 4786 1532 4855 versati,
1550 4791 1577 4842 et
1599 4788 1675 4845 liuiic

106 4863 143 4920 ab
157 4865 302 4935 omnibus,
317 4874 522 4937 preponateas
538 4880 610 4939 quas
625 4866 723 4938 plures
736 4878 798 4952 gia·
852 4873 1027 4940 postremum
1046 4863 1117 4920 Nori
1141 4862 1314 4943 Testamenti
1344 4858 1451 4915 librum
1472 4856 1609 4943 baberent
1632 4859 1674 4914 ita

117 4936 266 5006 accipiunt
291 4939 335 4994 eis
363 4951 436 5009 quas
467 4942 618 5009 pauciores
641 4939 797 4995 minorisve
853 4930 1555 5016 perspectum,otpratercorticemlittereetiam
1568 4928 1677 4987 medul-

98 5007 154 5063 atis
167 5008 415 5066 Ecclesiaeteneot.
429 5012 610 5068 »Tutissime
621 5011 712 5083 igitur
725 5016 797 5083 pete·
851 5014 907 5070 iam
923 5008 1047 5080 spiritus
1059 5005 1117 5064 sibi
1134 5005 1269 5087 traditam
1285 5007 1397 5059 caeteris
1406 5001 1562 5086 aperirent,
1578 5002 1676 5057 maui-

103 5084 171 5135 uita
185 5081 312 5152 regulam
328 5082 530 5153 augustiniab
543 5083 595 5138 iias
612 5083 734 5139 Ecclesia
746 5084 797 5140 iio·
851 5083 955 5141 testum
979 5084 1022 5137 est
1055 5077 1253 5135 collectionem
1283 5073 1424 5147 integram
1458 5075 1674 5144 scripturarum

101 5164 143 5206 uae
165 5152 262 5208 eodem
289 5160 360 5210 teste
384 5168 471 5225 supra
486 5160 602 5210 cateias
625 5155 665 5210 ita
681 5158 797 5225 prastat
852 5153 1005 5223 utriusque
1030 5148 1157 5220 laderis,
1180 5146 1279 5204 statim
1295 5158 1328 5231 ac
1343 5145 1491 5230 edebatur,
1508 5145 1577 5201 liuic
1591 5159 1676 5229 'pra-

98 5229 143 5278 ate
166 5236 199 5279 ac
220 5225 435 5297 primuinque
457 5232 485 5282 et
498 5226 685 5291 apostolicam
701 5228 795 5284 sedem
850 5225 1037 5286 stantissimae
1060 5221 1191 5279 omnium
1213 5217 1346 5303 Ecclesia
1361 5216 1453 5275 luisse
1467 5216 1671 5274 concreditam.

98 5296 202 5350 meruit
223 5302 251 5351 et
275 5299 450 5367 apostolicas
479 5297 599 5370 litteras,
621 5306 653 5354 ut
676 5300 796 5370 proinde
849 5302 942 5371 Quare
969 5295 1022 5353 boc
1037 5294 1125 5351 etiam
1151 5304 1266 5348 nomine
1281 5289 1407 5375 eiusdem
1426 5294 1673 5374 auctoramentum
1732 5308 1734 5312 ³

98 5366 233 5423 loreiauc
245 5374 424 5425 uramentum
438 5371 567 5426 omnium
581 5371 794 5427 validissimum
849 5368 960 5428 divinis
975 5366 1062 5423 libris
1076 5360 1520 5448 internoscendiseiipetebatur3
1536 5372 1602 5415 cum
1612 5373 1672 5430 pam

98 5439 795 5512 iaccedere,quosiliadivinaeauctoritatisesse,
852 5450 912 5500 tuni
933 5437 1112 5496 Tertulliano
1138 5440 1210 5491 teste
1229 5432 1273 5506 (de
1292 5436 1455 5504 Proscript.
1475 5438 1571 5518 eontr3
1592 5431 1673 5504 ban,

98 5511 273 5568 macreditos
285 5512 458 5569 affirmaret:
476 5513 633 5584 prasertim
647 5526 711 5568 cum
734 5527 795 5570 me·
851 5529 913 5585 cap.
929 5510 973 5583 36)
985 5509 1053 5568 talis
1069 5507 1223 5564 baberetur
1238 5507 1364 5591 itomaua
1377 5506 1511 5574 Ecclesia,
1525 5519 1571 5560 em
1586 5518 1676 5561 ionio

98 5587 122 5638 it
139 5582 270 5640 bistcriae
285 5587 496 5643 Ecclesiasticus
506 5585 681 5651 conditores,
699 5584 751 5642 bac
763 5586 794 5655 ip
852 5596 1005 5643 nomniuiii
1017 5581 1135 5652 apostoli
1146 5594 1207 5635 cum
1221 5593 1354 5648 sospesne
1371 5593 1419 5634 suo
1430 5576 1628 5648 prosciderunt,
1647 5585 1677 5633 et

105 5654 188 5712 datas
210 5657 490 5728 Petriapostolornm
510 5655 651 5728 principis
666 5655 788 5742 litteras,
850 5659 970 5727 idcirco,
997 5660 1028 5711 ut
1049 5652 1156 5709 ibidem
1178 5651 1330 5737 sequitur,
1346 5651 1429 5735 tepent
1450 5649 1596 5736 propbetas
1614 5664 1676 5704 cam

97 5726 387 5799 liuaseplstolascum
401 5727 643 5800 reliquisdiilnis
654 5728 790 5802 scriptu.
847 5728 1011 5800 eeanpeiicii
1022 5729 1049 5782 et
1059 5724 1225 5796 propheticis
1244 5725 1343 5778 titteris
1354 5726 1457 5806 miscet,
1475 5726 1502 5777 et
1514 5721 1580 5778 inde
1590 5724 1675 5794 putot

98 5799 207 5856 isendas
217 5814 280 5859 esse
295 5815 349 5861 uos
358 5803 488 5872 doceant,
501 5800 627 5860 bicacta
641 5805 791 5873 apostolo.
845 5804 935 5875 pidem.
949 5798 1071 5857 axioma
1086 5796 1163 5855 euim
1175 5802 1220 5855 est
1240 5798 1334 5853 ratum
1354 5792 1486 5852 habitum
1500 5793 1592 5853 etiam
1605 5793 1676 5848 aiu·

98 5883 147 5929 ica
156 5873 327 5948 perscripta,
342 5875 390 5933 liic
404 5872 588 5947 Eiaiigeiium
597 5873 696 5948 itarcl,
707 5876 790 5944 Petro
844 5873 946 5943 brasio
960 5883 1046 5930 serio.
1064 5866 1102 5929 ET
1120 5868 1153 5927 in
1175 5866 1279 5944 psalm.
1302 5876 1413 5944 cxiiii,
1432 5857 1704 5943 esponeutttttoa.

111 5963 230 6024 Parnoi.
250 5964 386 6026 CXXVII.
1552 5944 1601 6006 ἣ
