3892 6136
1820 225 1875 287 atto

168 233 222 297 ata
560 235 606 295 xo
625 202 1125 297 xxxsrxsmm'rnonuaousxx
1146 233 1236 292 som.
1264 181 1479 291 ιιι-ιιι.

168 363 1038 436 cataBassi,ubietMassacandida,ctSylvacandida,perA
1089 364 1412 435 ancnsdeainapcnc,
1437 360 1764 430 alimoniamque
1793 359 1873 416 moda

169 435 998 507 pontificenattributacardinalicpiscopoPortuensisua·
1061 439 1149 491 sancti
1170 438 1312 491 Pancraiii
1334 437 1509 500 dictionem.
1527 436 1561 488 Bt
1588 434 1737 502 inquirito
1761 437 1874 487 sanctas

168 509 237 565 dent
250 507 414 562 memoratis
428 507 606 577 auctoribus.¹
622 514 653 563 ut
663 510 737 563 viam
753 508 913 564 Corneliam
925 508 998 564 diri·
1050 509 1194 563 Basilides.
1221 508 1381 565 Duodecimc
1396 509 1471 562 intra
1488 507 1583 561 Urbem
1594 506 1725 559 milliario
1739 505 1770 558 in
1785 510 1875 559 monte

168 577 997 704 gantinterAureliametPortuensemlt'erumsiActalau·
1051 579 1130 634 Galia
1142 583 1231 634 sancti
1248 582 1375 636 loannes.
1397 583 1422 632 et
1443 579 1555 633 Paulus.
1570 579 1600 632 ln
1624 577 1676 632 boc
1696 580 1778 631 textu
1792 575 1874 631 Wil-

188 655 234 704 ιιι
247 649 469 705 considerentur
482 656 598 719 attente,
612 656 640 705 et
656 650 716 708 loca
740 653 840 706 blassae
854 665 886 707 ac
908 651 996 722 Syivae
1052 649 1128 706 lelmi
1144 651 1338 721 interpunctio
1356 639 1505 706 manifeste
1528 648 1627 704 vitiata
1646 645 1743 703 turbat
1756 660 1875 703 sensum

1050 735 1083 777 ac
1098 723 1325 793 topographiam.
1341 722 1391 778 Sed
1408 726 1504 791 parata
1519 724 1562 774 est
1575 718 1723 774 restitutio
1738 718 1875 789 ςιιιιιι)

1051 792 1194 863 lectionis,
1225 808 1309 864 quam
1330 807 1426 849 crasso
1441 791 1593 847 admodum
1608 803 1704 846 errore
1730 789 1874 845 subvertit

1049 860 1874 931 editioFrancolurdensis,velcodexundeistadesumpta

1050 934 1116 992 tuit.
1132 938 1211 992 Mens
1226 942 1287 991 crat
1301 936 1463 1006 scriptoris,
1480 938 1588 1004 aporia
1604 931 1720 988 liurelia
1736 933 1874 1002 perviam

1048 1007 1245 1078 cognominem
1263 1007 1441 1077 procedentis
1451 1005 1485 1060 ad
1499 1018 1599 1075 aarum
1613 1004 1785 1073 Romanum,
1799 1016 1874 1059 cnu-

168 1083 258 1134 tatum
268 1091 301 1132 cx
310 1077 536 1148 diligentissimo
545 1079 716 1150 vestigatore
738 1080 994 1149 peritissimusju-
1049 1091 1157 1134 merare
1169 1085 1231 1148 post
1242 1082 1365 1148 quatuor
1374 1077 1510 1135 ecclesias
1522 1075 1675 1131 viciniores
1683 1075 1772 1130 etiam
1785 1075 1875 1145 quiu-

166 1150 220 1206 dex
232 1148 360 1204 omnium
373 1149 516 1204 sententia
528 1149 654 1220 babitus,
669 1150 698 1205 iu
711 1151 785 1208 libro
795 1151 996 1222 denuuaeduc-
1048 1154 1105 1204 tam
1120 1162 1154 1205 ex
1180 1150 1344 1220 pincionis,
1362 1164 1424 1220 quae
1452 1149 1480 1204 in
1508 1159 1659 1218 progressu
1674 1145 1729 1202 viae
1750 1145 1875 1202 Aurelia

168 1220 257 1284 tibus,
269 1226 329 1275 tum
340 1221 370 1274 in
385 1219 820 1293 iisouasinampliorlsmappae
831 1223 921 1294 igura
943 1235 994 1276 ac·
1047 1227 1214 1288 occurrunt,
1228 1228 1256 1276 et
1279 1222 1423 1289 memoria,
1450 1223 1500 1276 aut
1514 1217 1687 1275 coemeteriis
1703 1221 1872 1288 martyrum,

1048 1305 1180 1349 eorumve
1191 1293 1326 1376 reliquiis
1335 1293 1517 1348 decorantur.
1529 1289 1621 1358 Quare
1635 1287 1789 1359 prioribus
1800 1302 1874 1414 tiua-

1049 1368 1115 1419 tuor
1130 1365 1279 1420 recensitis
1292 1363 1407 1419 subdit:
1428 1365 1492 1418 otia
1503 1364 1601 1431 quinta
1611 1365 1721 1415 sanctas
1737 1360 1805 1415 Basi
1822 1360 1873 1414 'des

168 720 996 790 candidaeunacunpraediisproxinis,sanctaeltuananc-

169 793 994 864 mineidcircodonatis,quodbodiequeretinent,insimul

168 870 380 933 comparentur,
395 864 552 932 prasertim
573 864 603 919 in
617 866 862 921 emendatioribus
873 864 993 921 Tabulis

168 935 995 1006 chorographicisagriRomani,quasedidittumBabret·

169 1006 993 1077 tusV.C.ejusdempucagriaccaeterarumurbisantioui·

167 1297 265 1349 curate
279 1292 431 1347 admodum
445 1292 535 1348 incidi
547 1294 659 1349 curarit
671 1307 705 1350 ex
730 1294 925 1364 prestantium
939 1307 994 1348 an-

174 1366 365 1433 tiquariorum
388 1362 526 1435 sutfragia
549 1364 718 1421 Dominicus
732 1367 767 1421 tle
781 1365 905 1434 Rubeis3
923 1365 991 1434 bac,

169 1434 404 1505 inquam‚omnia
415 1435 439 1490 si
452 1434 646 1508 conterantur,
670 1450 751 1493 nemo
774 1450 830 1492 non
850 1437 993 1507 intelliget
1047 1435 1203 1490 duodecimo
1226 1441 1303 1489 caira
1324 1437 1419 1490 Urina
1442 1432 1502 1504 (seu
1517 1435 1593 1499 inira
1624 1431 1730 1495 Uriam,
1752 1437 1785 1487 ut
1807 1437 1875 1487 aas

169 1505 328 1575 perspicue,
361 1506 521 1562 Corneliam
549 1509 624 1563 viam
650 1521 684 1563 ex
705 1508 828 1564 Aurelia
852 1507 930 1563 bivio
956 1508 990 1563 ad
1048 1506 1099 1562 illa
1114 1505 1230 1574 terebat)
1251 1507 1391 1560 milliario.
1414 1504 1558 1574 completa
1585 1503 1751 1559 recensione
1775 1508 1875 1572 porta-

166 1577 320 1632 Tabcrnam
334 1577 439 1633 dictam
456 1578 500 1632 del
518 1580 658 1634 Pidacoisio
683 1594 769 1649 prope
789 1580 899 1635 vineam
920 1579 992 1634 Car·
1047 1592 1121 1639 rum,
1135 1586 1163 1634 et
1177 1580 1288 1634 viarum
1303 1587 1381 1633 extra
1397 1578 1497 1632 Urbem
1514 1575 1685 1632 caemeteriis
1699 1574 1872 1646 insignium,

169 1648 279 1717 pineam
295 1648 385 1704 altero
408 1649 444 1704 ab
468 1650 541 1706 Urbe
565 1651 659 1719 lapide
678 1652 761 1721 Juxta
784 1652 889 1708 ductus
910 1663 991 1722 aquae
1046 1649 1189 1705 transibat
1199 1651 1232 1705 ad
1247 1650 1438 1705 enumeranda
1451 1649 1621 1709 saitctaaiia,
1638 1653 1669 1703 ut
1695 1647 1757 1715 ipse
1778 1646 1874 1703 nomi-

165 1721 292 1788 trajana
314 1720 467 1790 Sabatina,
497 1736 548 1778 scu
567 1722 793 1792 Braecianensis,
819 1737 835 1778 a
858 1721 945 1778 Paulo
969 1721 1105 1804 VBnat,
1127 1722 1251 1778 Romana
1277 1720 1507 1776 intraambitum
1533 1732 1692 1783 murorum,
1708 1722 1738 1773 et
1763 1731 1873 1788 pomoe-

167 1792 427 1848 restitutorcdictae
441 1793 524 1863 Aqua
545 1795 640 1856 Pacis,
668 1795 849 1850 dextrorsum
879 1794 991 1849 ilecterc
1047 1792 1121 1848 rium
1136 1792 1221 1848 Urbis
1234 1793 1336 1861 posita.
1351 1792 1444 1861 Quare
1463 1803 1561 1846 noxam
1587 1789 1737 1859 periodum
1762 1788 1875 1845 cousti-

164 1875 263 1918 xersus
277 1863 501 1934 Triumphalem,
518 1878 550 1921 ac
565 1866 653 1937 dirigi
678 1865 712 1921 ad
737 1880 836 1938 agrum
866 1866 991 1921 carata·
1046 1868 1132 1919 tuunt
1146 1863 1196 1918 illa
1211 1863 1294 1919 verba
1307 1865 1340 1918 ln
1352 1868 1440 1917 monte
1453 1862 1533 1917 calio
1553 1867 1618 1915 sant
1632 1865 1769 1930 martyres
1789 1862 1871 1915 loan-

166 1948 250 1999 num,
267 1937 314 1990 sed
338 1937 378 1991 ita
396 1936 552 2004 proximam
574 1937 705 2009 progredi
718 1938 771 1992 vitu
798 1937 932 2005 Aurelia,
959 1941 991 1991 ut
1045 1950 1103 1999 nas,
1126 1940 1151 1989 ct
1170 1935 1314 1989 Paulasin
1333 1950 1384 1989 saa
1407 1935 1495 1996 domo,
1515 1948 1575 2002 aaa
1599 1935 1675 2000 stacta
1700 1936 1741 1988 est
1765 1933 1874 1987 ecclesa

164 2006 260 2060 eadem
276 2006 423 2072 Arenaria,
436 2013 464 2063 et
478 2009 622 2080 martyria,
643 2023 675 2065 ac
691 2009 852 2064 camaleria
874 2010 990 2077 utrique
1044 2010 1209 2075 postcomm
1222 2008 1475 2075 martyriametc,
1494 2002 1655 2075 quaeverba
1673 2003 1746 2059 male
1777 2003 1875 2059 iuclu-

165 2076 223 2130 ιιι)
238 2077 330 2145 aptari
353 2083 381 2131 et
395 2080 537 2149 assignari
566 2081 687 2150 possint,
705 2080 844 2136 Cornelia
867 2078 988 2147 scilicet,
1045 2083 1121 2132 serat
1136 2083 1232 2132 textus
1249 2078 1365 2146 periodo
1389 2075 1573 2146 praecedenti:
1590 2074 1773 2145 nequeenim
1794 2087 1873 2131 mons

166 2152 252 2217 atque
265 2146 404 2202 Aureliae:
422 2163 477 2204 non
490 2164 615 2207 secusac
639 2153 666 2206 in
681 2152 761 2207 lictis
788 2152 833 2207 SS.
862 2150 988 2219 Eusebii,
1044 2148 1161 2219 Coelius,
1176 2153 1204 2204 et
1220 2149 1324 2204 titulus
1338 2149 1384 2204 SS.
1399 2147 1518 2204 loannis
1538 2152 1567 2201 et
1587 2145 1678 2216 Pauli,
1703 2145 1739 2201 ad
1762 2144 1872 2202 Clirum

166 2223 195 2273 et
209 2217 364 2282 sociorum,
380 2220 528 2289 productis
539 2221 574 2278 ab
589 2223 731 2294 Aringbio
745 2223 796 2279 lib.
812 2237 842 2291 ιι,
859 2237 921 2292 cap.
945 2219 988 2289 to,

168 2302 196 2343 n.
222 2286 519 2359 amputationum
539 2294 615 2350 beati
635 2301 773 2365 martyres
799 2311 853 2349 aon
867 2296 943 2361 lcnpc
955 2292 989 2345 ab

167 2360 234 2415 arba
258 2363 341 2415 Romu
359 2364 490 2416 milliario
517 2371 591 2420 sento
613 2368 641 2420 in
667 2366 804 2421 Arenaria
822 2369 895 2419 inter·
917 2366 990 2417 citam

165 2432 309 2486 Aureliam
342 2438 367 2487 et
405 2437 614 2505 Triumphalem.
654 2437 829 2493 Consulatus
865 2433 989 2490 Fabtetti

167 2503 285 2572 Tabula,
304 2505 410 2561 inserta
425 2506 499 2562 libro
514 2510 548 2564 de
563 2509 790 2579 aqueductibus
805 2512 867 2577 post
887 2519 991 2561 uume-

167 2588 229 2629 rum
246 2572 307 2646 BBB,
325 2577 353 2631 in
368 2577 422 2633 tine
436 2578 653 2636 dissertationis
665 2580 805 2635 secunda.
831 2577 990 2646 Constabit,

166 2653 293 2714 exporta
308 2648 425 2702 Aurelia
447 2652 579 2721 Procopii,
602 2665 687 2722 otram
715 2649 881 2705 Willclmus
910 2654 991 2703 vocat

168 2717 330 2797 (taracham,
347 2725 374 2772 ct
389 2720 417 2773 S.
433 2722 515 2784 Petri,
534 2737 582 2792 per
595 2723 696 2778 vallem
723 2722 912 2777 adherentem
937 2719 992 2773 ba·-

166 2785 257 2841 sxlica
278 2789 420 2845 Vaticana
441 2804 457 2845 a
480 2795 646 2848 Bornccibm
665 2792 846 2861 appellatam,
874 2790 989 2860 perduci

166 2859 239 2912 uiam
260 2859 404 2914 castrellum
418 2863 521 2917 liccam
542 2864 746 2935 (assurgentem
761 2865 794 2918 ad
808 2863 896 2918 colles
910 2862 990 2918 occi-

166 2927 294 2984 dentales
314 2936 377 2999 post
391 2932 540 2990 basilicam
553 2936 580 2990 S.
599 2935 693 3004 Petri).
709 2934 836 3004 perduci,
861 2935 988 3004 inquam,

166 3001 240 3081 viam
260 3003 393 3055 aureliana
413 3020 510 3058 tecuam
524 3007 558 3060 ad
576 3007 697 3076 vestigia
713 3008 817 3061 veteris
829 3006 892 3074 viae,
906 3006 990 3073 cujus

167 3077 262 3139 portxo
277 3073 370 3128 adbuc
394 3074 501 3130 visitur
527 3084 670 3131 constrata
685 3077 767 3131 silice
789 3077 864 3132 inter
880 3077 989 3131 vincam

166 3141 332 3211 Carpincam
354 3152 381 3200 et
395 3145 548 3202 Castellum
568 3148 656 3218 Aquae
670 3148 763 3204 Paulm
782 3149 812 3202 in
827 3149 909 3202 vinea
932 3113 1029 3200 Bu-C

166 3225 252 3269 rana:
267 3220 296 3269 et
308 3216 342 3270 ad
358 3216 514 3272 Tabernam
540 3219 583 3274 dei
606 3220 749 3273 Pidccaltic
764 3218 910 3274 Aureliam
936 3231 991 3272 no-

166 3284 330 3341 tamdividi
357 3288 386 3343 in
411 3287 531 3359 bivium,
555 3292 638 3360 cujus
663 3291 733 3346 bivii
756 3291 901 3346 dexterior
926 3303 991 3359 pars

164 3355 345 3427 Briumpbali
363 3364 391 3414 et
415 3359 520 3417 Cassiae
552 3363 693 3432 tantisper
727 3364 864 3418 accedens
884 3361 991 3430 accipit

167 3440 268 3483 nomeu
288 3431 340 3484 cia
369 3433 510 3496 dentalia,
532 3433 652 3490 sinistra
672 3448 739 3490 vero
761 3434 866 3489 retinet
888 3444 988 3487 nomen

100 3515 105 3526 ·
164 3499 287 3554 dorsalia
303 3517 388 3566 noca,
413 3504 503 3560 donec
527 3519 679 3575 progressu
700 3503 775 3562 iacto
796 3519 845 3574 per
867 3503 988 3559 fundum

165 3570 211 3625 del
223 3572 394 3651 Boccareccic
411 3576 495 3644 juxta
510 3576 645 3633 Tabulam
670 3577 814 3632 Dominici
828 3576 862 3632 de
882 3574 990 3630 Bubeis

166 3647 311 3712 pertingat
322 3645 357 3700 ad
370 3647 506 3714 predium
530 3648 557 3703 S.
574 3649 683 3704 Bufinae
706 3647 848 3718 hodieque
867 3647 988 3707 dictum,

165 3713 347 3769 dextrorsum
364 3730 393 3771 se
406 3718 560 3774 extendens
571 3720 756 3775 versusviam
785 3718 945 3779 corneliam,
962 3721 990 3773 et

167 3784 368 3865 sinistrorsum
379 3787 413 3841 ad
429 3787 540 3855 Salvam
551 3789 714 3857 candidam,
730 3791 865 3845 tredecim
878 3788 991 3844 millia-

167 3853 249 3912 rxbus
262 3854 297 3910 ab
313 3855 382 3911 urbe
395 3857 528 3914 dissitam
542 3873 627 3929 prope
640 3861 750 3914 tonan
764 3861 907 3915 dirutum:
923 3860 989 3915 inde

165 3940 232 3982 vero
246 3926 363 3980 Aurelia
384 3943 454 3982 noca
469 3943 569 3986 versus
590 3935 705 3985 ueterem
727 3930 927 3987 sinistrorsum
944 3930 989 3985 si-

167 4002 253 4055 nuata
265 3997 356 4052 eidem
372 4001 594 4067 ostentandis,
611 4001 746 4071 jungitur
757 4016 856 4058 versus
866 4001 987 4057 fundum

167 4069 241 4124 delta
254 4069 393 4124 Bottaccia
407 4071 502 4128 tribus
515 4073 633 4128 circiter
648 4071 798 4129 milliariis
812 4073 947 4128 dissitum
973 4085 989 4127 a

167 4140 196 4196 S.
215 4142 324 4208 Rufina,
341 4145 368 4196 et
379 4154 395 4197 a
407 4143 590 4208 Pcrcurcccic,
607 4143 657 4200 ubi
673 4145 790 4199 Aurelia
805 4160 874 4198 noua
889 4156 989 4213 parum

165 4210 414 4282 disjungebatura
429 4214 560 4271 Cornelia
587 4215 768 4271 dextrorsum
782 4216 914 4270 tendente
925 4227 992 4269 xer-

167 4297 219 4339 sus
229 4283 314 4338 Caere.
332 4282 405 4338 idem
420 4285 570 4342 Fabrettus
583 4300 700 4342 numero
716 4283 765 4342 l00
774 4287 883 4343 laudati
895 4285 991 4356 operis

165 4353 202 4408 de
215 4353 620 4436 aquaeductibuspromiserat
635 4357 704 4425 iore,
720 4365 752 4413 ut
763 4360 820 4414 beo
834 4359 920 4414 dante
932 4357 991 4412 baec

168 4424 282 4495 plenxus
303 4434 455 4495 exponeret
472 4429 501 4483 in
523 4443 607 4499 opera
631 4431 688 4497 jam
709 4436 769 4485 tum
790 4431 931 4499 promisso
952 4433 990 4484 Be

166 4497 242 4566 Apro
263 4498 430 4570 suburbano,
455 4507 483 4555 et
506 4501 714 4556 suburbicaria:
737 4502 822 4570 cujus
845 4484 1031 4558 desideriaD

1044 2221 1143 2275 Scauri
1165 2227 1287 2288 erectus,
1304 2226 1332 2275 et
1357 2219 1528 2275 umbilicum
1558 2216 1644 2273 Urbis
1668 2217 1871 2287 propemodum

1044 2291 1197 2361 attingens,
1211 2291 1335 2346 indicari
1356 2303 1482 2362 unquam
1504 2294 1595 2360 potest
1617 2288 1777 2345 duodecino
1799 2290 1872 2344 intra

1047 2362 1144 2416 Urbem
1158 2363 1298 2416 millia-ric.

1080 2433 1195 2488 constat
1207 2433 1304 2501 ctiam,
1320 2432 1470 2488 lectionem
1490 2431 1552 2488 sota
1570 2431 1806 2502 interpunctione
1822 2443 1871 2487 suo

1047 2503 1108 2559 loco
1122 2505 1255 2559 restituta
1271 2505 1379 2576 integre
1397 2505 1534 2574 reparari,
1544 2503 1569 2559 si
1581 2503 1873 2560 observeturdistan-

1046 2575 1086 2630 tia
1101 2575 1294 2631 cancelariiS.
1310 2574 1448 2631 Basilidis
1462 2577 1508 2632 xia
1532 2575 1658 2643 Aurelia,
1680 2587 1767 2643 auam
1791 2574 1872 2643 Beda,

1046 2651 1073 2701 et
1088 2647 1148 2703 ido
1163 2647 1262 2702 suisin
1275 2647 1488 2719 martyrologiis
1499 2653 1643 2702 recensent
1653 2644 1796 2703 milliario
1813 2653 1873 2700 ter-

1046 2717 1200 2773 tiodecimo
1215 2718 1250 2773 ab
1264 2718 1348 2786 Urbe,
1366 2719 1408 2774 uti
1434 2718 1622 2774 observarunt
1637 2717 1749 2773 laudati
1771 2721 1874 2774 aucto-

1047 2802 1091 2844 res
1105 2789 1199 2843 ltomae
1209 2790 1412 2854 subterraneae,
1426 2789 1522 2846 eadem
1536 2789 1699 2845 testimonia
1719 2786 1875 2844 referentes

1046 2859 1097 2915 lib.
1116 2874 1146 2927 xx,
1163 2873 1222 2930 cap.
1242 2858 1285 2922 iti,
1302 2860 1366 2917 nii.
1378 2860 1667 2917 Enumerantbicum
1681 2859 1756 2915 Beda
1767 2858 1875 2916 Basili-

1045 2931 1095 2986 des
1110 2932 1193 3000 duos,
1221 2934 1357 3002 martyrio
1372 2933 1487 2989 allectos
1503 2933 1545 2988 ria
1566 2931 1700 2988 Aurelia:
1717 2930 1874 2987 basilidem

1046 3002 1100 3058 sub
1112 3003 1279 3074 Aureliano,
1294 3007 1377 3073 cujus
1391 3004 1496 3060 natalis
1511 3003 1746 3059 diescclebratur
1761 3016 1789 3057 ιι
1805 3001 1873 3059 idus

1044 3074 1135 3140 iunii,
1151 3089 1216 3131 cum
1230 3076 1316 3131 sociis
1329 3076 1462 3144 xrtpoue,
1475 3074 1614 3143 mandale,
1631 3080 1717 3144 atque
1733 3073 1805 3129 aliis
1827 3073 1874 3128 xi·

1047 3145 1131 3216 ginti,
1145 3153 1173 3201 et
1188 3147 1341 3202 basilidem
1356 3147 1488 3217 aiterum,
1503 3161 1567 3202 cum
1580 3144 1696 3216 cyrino,
1709 3144 1832 3215 Nabore,
1847 3151 1875 3201 et

1045 3217 1339 3274 Nazariocoronatum
1350 3220 1379 3274 in
1393 3218 1591 3287 persecutione
1598 3216 1770 3273 Diocletiani
1779 3217 1875 3286 pridie

1045 3287 1113 3343 ldus
1129 3289 1219 3344 lunii.
1243 3290 1365 3345 Secundi
1391 3291 1478 3359 nujus
1500 3289 1647 3358 Basilidis,
1670 3301 1704 3344 ac
1727 3288 1874 3345 sociorum

1045 3359 1142 3484 Bassia
1154 3360 1343 3430 consiguatur
1356 3362 1458 3432 quinto
1473 3359 1508 3416 ab
1523 3361 1596 3417 Urbe
1613 3359 1719 3429 lapide,
1742 3359 1784 3414 ita
1796 3361 1874 3416 scri-

1064 3435 1128 3484 cntc
1140 3431 1229 3486 Beda:
1247 3433 1390 3487 Romania
1404 3433 1521 3487 Aurelia
1531 3433 1662 3487 milliario
1673 3433 1770 3501 quinto
1777 3433 1874 3502 passio

1045 3500 1097 3557 SS.
1114 3503 1268 3569 Martyrum
1290 3504 1433 3566 Basilidis,
1458 3503 1563 3573 Carini,
1585 3503 1713 3566 Nabaris,
1733 3503 1853 3558 Nazarii
1864 3521 1870 3556 :

1046 3587 1161 3641 quoram
1178 3575 1313 3629 Nabcrem
1337 3580 1362 3630 ct
1381 3577 1532 3632 Notarium
1546 3575 1629 3629 simul
1649 3589 1709 3629 mm
1736 3571 1874 3642 ancona

1044 3650 1164 3712 martyra
1176 3646 1319 3700 transtulit
1336 3662 1353 3699 a
1377 3648 1460 3701 licina
1483 3648 1514 3699 in
1535 3645 1656 3701 Galliam
1673 3643 1874 3712 Gradapandtts

1044 3716 1170 3770 aletensis
1192 3719 1341 3786 episcopas,
1355 3720 1526 3786 permittente
1542 3718 1626 3772 Panto
1644 3732 1721 3787 papa
1739 3717 1872 3787 Romana,

1044 3802 1116 3840 anno
1135 3789 1282 3843 Bominica
1302 3790 1506 3843 incarnationis
1520 3785 1584 3860 765,
1610 3793 1676 3856 etc,
1691 3787 1741 3842 cui
1755 3788 1875 3859 astipu-

1046 3857 1142 3913 lantur
1167 3858 1370 3932 martyrologia
1399 3859 1527 3914 libebani
1549 3864 1578 3915 et
1601 3858 1730 3924 Notlteri,
1758 3857 1873 3930 aliique

1044 3929 1207 3998 scriptores.
1224 3931 1333 3986 Prioris
1350 3945 1416 3987 vero
1427 3931 1576 4002 Basilidis,
1592 3938 1619 3987 et
1634 3930 1780 3986 sociorum
1797 3936 1876 3985 nata-

1044 3999 1199 4063 lemdlem,
1222 4002 1362 4058 stlocum
1387 4003 1554 4058 certaminis
1577 4004 1617 4058 ita
1631 3999 1761 4058 referunt
1784 4000 1873 4057 iidem

1044 4070 1127 4136 Beda,
1151 4079 1179 4127 et
1193 4073 1254 4128 Ado
1269 4075 1303 4129 axi
1322 4087 1349 4127 xv
1378 4074 1446 4130 ldus
1468 4074 1559 4129 iunii.
1581 4075 1671 4129 anna
1691 4073 1739 4126 uia
1755 4071 1875 4126 Aurelia

1045 4144 1227 4198 tertiodecimo
1256 4145 1359 4198 natalis
1379 4151 1536 4200 sanctorum
1565 4144 1707 4206 Basilidis,
1733 4143 1873 4212 itipcdis.

1045 4220 1071 4272 et
1081 4214 1223 4270 Mandalis
1231 4216 1280 4269 sab
1289 4215 1441 4271 Aureliano
1449 4219 1611 4287 imperatore
1618 4216 1731 4270 Platone
1742 4215 1873 4284 praeside,

1045 4292 1070 4342 et
1080 4286 1197 4339 aliorum
1211 4289 1311 4354 aipinti
1323 4294 1485 4354 martyrum.
1496 4289 1560 4344 Pari
1576 4288 1612 4343 ab
1631 4285 1705 4343 Urbe
1728 4285 1875 4342 distantia

1047 4360 1077 4416 in
1089 4358 1217 4428 proxima
1238 4361 1284 4412 cia
1297 4358 1422 4414 Cornelia
1436 4366 1600 4415 excavatum
1616 4358 1738 4430 legimus
1758 4360 1876 4413 Arasa-

1045 4435 1128 4491 rinm‚
1144 4428 1193 4484 ubi
1209 4429 1341 4485 decollati
1356 4438 1384 4485 et
1394 4431 1503 4486 conditi
1516 4438 1584 4486 sunt
1598 4429 1718 4498 Uarius,
1734 4427 1873 4496 Audiiax,

1044 4509 1073 4561 et
1086 4501 1222 4572 noscam,
1241 4507 1272 4558 ut
1287 4516 1321 4557 ex
1343 4502 1493 4558 codicibus
1507 4501 1671 4559 eorumdem
1683 4499 1753 4556 licta
1770 4500 1870 4570 expri-

167 4583 230 4625 cum
246 4569 355 4625 cruditi
373 4576 533 4639 teneantur,
550 4580 672 4644 poscunt
694 4571 729 4628 ab
743 4572 906 4629 baeredibus
932 4572 988 4630 viri
1046 4573 1200 4643 mentibus,
1217 4575 1409 4642 Lateranensi,
1427 4573 1573 4635 Vaticano,
1591 4578 1620 4629 et
1628 4573 1657 4642 S,
1670 4570 1804 4639 Caciliae,
1818 4570 1874 4626 ad-

166 4639 334 4711 clarissimi,
351 4647 378 4697 et
393 4645 499 4713 optime
511 4645 546 4701 de
562 4645 668 4701 litteris
683 4645 789 4714 meriti,
804 4650 835 4701 ut
846 4645 989 4715 produca-
1045 4653 1145 4705 notant
1159 4644 1350 4715 sapelaudati
1363 4645 1477 4708 Bosius,
1492 4644 1658 4701 &veranus
1675 4649 1704 4698 et
1723 4642 1876 4714 bringbus

166 4717 215 4767 tur
230 4712 260 4767 in
273 4712 416 4782 publicam
433 4715 535 4783 lucem,
547 4717 573 4772 si
584 4715 657 4772 iortc
665 4717 813 4788 contingat
823 4717 851 4772 id
868 4714 989 4787 reperiri
1045 4720 1096 4776 lib.
1115 4731 1146 4788 ιι,
1162 4732 1224 4788 cap.
1241 4715 1285 4786 to,
1299 4729 1326 4771 n.
1342 4712 1369 4770 7.
1386 4718 1439 4772 Via
1454 4715 1580 4771 Cornelia
1589 4715 1811 4770 milliaribteriic
1822 4713 1869 4768 de-

166 4784 244 4840 inter
257 4784 367 4856 scripta
377 4787 503 4855 ejusdam
516 4787 635 4843 inedita.
1045 4793 1112 4845 amo
1124 4789 1163 4842 aa
1176 4790 1316 4858 Npmpisas
1329 4792 1391 4850 cata
1413 4789 1505 4842 Bassi.
1532 4787 1586 4843 Ubi
1608 4799 1673 4842 vcro
1700 4785 1875 4856 quarendus

201 4857 241 4912 Ex
262 4855 342 4914 bisce
362 4858 454 4930 igitur
477 4858 557 4914 Actis
579 4864 774 4930 martyruma
792 4858 885 4930 Basia,
905 4859 990 4915 Seve-
1045 4862 1085 4917 sit
1100 4860 1180 4926 iocus
1194 4858 1232 4911 ad
1245 4860 1384 4927 Npmpitas
1399 4864 1461 4913 caia
1475 4860 1565 4921 Bassi,
1586 4855 1767 4913 addiscimus
1778 4869 1814 4911 ex
1825 4856 1876 4910 Ta-

167 4940 245 4995 rano,
262 4934 289 4983 et
302 4929 372 4985 Arin
396 4930 444 4987 bio
459 4930 617 4999 productis,
632 4930 677 4986 SS.
701 4930 819 4996 listinae,
835 4945 868 4986 ac
879 4931 991 4986 Secun-
1045 4930 1123 4989 bulis
1134 4929 1244 4985 arcbivi
1258 4928 1386 4983 basilica
1396 4930 1554 4999 Vaticanae3
1569 4942 1641 5000 quas
1653 4942 1719 4984 cum
1731 4927 1879 4997 inspexis-

165 4997 220 5066 dae,
236 5011 286 5053 nec
298 4946 405 5057 nonsffi.
419 5002 513 5073 marii,
526 5003 653 5072 blartbae,
664 5002 799 5062 audifax,
812 5007 840 5058 ct
851 5002 988 5066 Abacum,
1045 5009 1089 5059 set
1109 5000 1286 5068 Grimaidus,
1314 5000 1420 5070 reperit
1444 5001 1473 5056 iu
1497 4998 1706 5058 donationibus
1721 4999 1750 5055 S.
1772 4997 1878 5054 Leonis

165 5067 192 5124 si
207 5080 525 5151 accomparenturcum
536 5075 730 5146 Tabulisbgri
741 5074 871 5142 Romani,
884 5078 912 5129 ct
924 5086 990 5129 cum
1044 5072 1156 5144 Quarti,
1174 5070 1361 5127 latifundium
1378 5072 1521 5128 dotabassi
1534 5073 1623 5127 situm
1648 5070 1755 5127 esseio
1780 5074 1878 5126 castro

166 5143 286 5208 scrxptts
300 5141 387 5197 editis
405 5142 440 5198 ab
461 5146 662 5201 eruditissimo
686 5152 791 5201 nostrae
811 5146 904 5200 aetatis
928 5145 991 5201 viro
1045 5146 1123 5202 dicto
1135 5145 1249 5197 Bacceic
1272 5147 1343 5197 teste
1362 5142 1524 5199 blartinello
1548 5145 1577 5199 in
1599 5156 1655 5200 sua
1673 5143 1762 5198 Roma
1792 5154 1877 5197 sacra

166 5210 307 5279 Babretto,
331 5213 459 5269 omnium
473 5216 697 5288 diligentissime
715 5219 922 5287 versatoatque
941 5217 990 5272 in·
1046 5230 1109 5288 pag.
1132 5210 1184 5271 327
1196 5231 1203 5268 t
1224 5214 1361 5284 Npmpba,
1384 5215 1490 5284 inquit.
1514 5216 1659 5272 Catabassi
1673 5219 1732 5269 aot
1752 5218 1880 5268 castrum

166 5287 243 5338 tento
257 5282 287 5337 in
298 5281 499 5354 perlustranda
512 5287 627 5358 regione
641 5285 855 5357 suburbicaria,
876 5288 991 5344 videtur
1044 5289 1165 5344 Bacceia
1183 5301 1201 5339 a
1221 5285 1253 5340 S.
1272 5285 1358 5339 lacae
1375 5291 1472 5354 quarto
1492 5288 1657 5342 monasteria
1678 5285 1776 5340 Sancti
1796 5285 1880 5339 blass-

167 5352 238 5435 milti
258 5353 421 5410 conilrmari
446 5355 557 5424 positus
582 5359 634 5414 xia
656 5357 804 5429 Cornelia,
830 5372 846 5414 a
869 5359 991 5415 vetustis
1046 5361 1108 5426 tini,
1124 5358 1259 5428 spectanti
1272 5357 1310 5410 ad
1320 5358 1461 5411 basilicam
1478 5359 1652 5425 vaticanam,
1671 5355 1779 5415 macti.
1824 5355 1881 5410 aad

166 5424 408 5493 inscriptionibus
437 5425 583 5483 indicatus
608 5428 701 5484 medio
726 5427 787 5485 loco
822 5429 897 5485 inter
917 5431 991 5484 amm
1046 5431 1124 5485 bodie
1139 5429 1296 5499 opulentam
1306 5433 1345 5483 cst
1353 5429 1490 5499 praedium
1506 5431 1653 5484 rabrcrum
1676 5423 1788 5484 terrae‘l
1825 5433 1881 5490 ‚at

168 5495 380 5564 Triumphalem,
403 5503 428 5553 et
446 5497 578 5553 Aurelios
598 5500 678 5569 duas,
698 5505 812 5555 ueterem
831 5517 863 5556 ac
881 5517 989 5572 nouam,
1045 5503 1138 5572 inquit
1157 5499 1325 5556 Grimaldas.
1346 5501 1382 5555 Et
1402 5498 1451 5555 iol.
1475 5497 1535 5569 iat,
1557 5512 1644 5573 agens
1657 5498 1695 5555 de
1709 5498 1835 5555 ecclesia
1849 5499 1879 5553 S.

166 5577 284 5648 necnon
301 5567 441 5627 indicatio
456 5570 587 5640 martyrii
602 5584 635 5627 ac
656 5572 811 5628 caemeterii
826 5578 989 5629 sanctorum
1045 5575 1070 5629 t.
1082 5572 1218 5643 calybitae
1230 5573 1289 5628 ait:
1305 5573 1349 5626 Bc
1362 5572 1450 5640 aenda
1469 5572 1529 5626 basi
1544 5573 1601 5627 lica
1612 5573 1755 5627 Vaticana
1762 5571 1882 5625 Bucceia

167 5635 216 5692 ιιι
227 5637 437 5707 descriptorum
451 5655 467 5698 a
490 5647 517 5699 te
529 5642 693 5715 designari:
712 5643 886 5714 quodetiam
900 5657 992 5716 appa·
1046 5648 1213 5713 aamupato,
1227 5648 1339 5712 nataae
1351 5645 1397 5697 cia
1409 5644 1535 5699 canalia
1549 5645 1627 5698 tertio
1640 5643 1744 5698 deciam
1754 5642 1792 5697 ab
1809 5641 1883 5699 Urbe

166 5705 283 5765 rebitex
294 5657 530 5772 adnotationibus
541 5714 870 5785 proximisadwtlieimt
882 5719 990 5773 textum
1046 5715 1178 5770 milliaria
1194 5714 1245 5768 buc
1260 5712 1395 5768 translata
1416 5714 1649 5786 mnantcmpora
1658 5713 1711 5768 SS.
1724 5718 1883 5783 nemorum

165 5778 305 5850 deporta,
319 5785 344 5836 ct
357 5783 402 5837 uia
416 5785 544 5840 Aurelia.
1046 5786 1142 5849 Marii,
1163 5784 1290 5849 Martia,
1310 5789 1335 5839 et
1354 5786 1474 5855 filiorum
1497 5786 1567 5855 ejas,
1593 5791 1624 5841 at
1643 5787 1740 5857 scipsit
1761 5784 1882 5840 iacchus
