3884 6126
64 298 107 355 lat
409 301 611 357 SCHELESTR.
641 303 794 359 dissidat.
819 302 864 356 DE
882 259 996 370 anaia.
1019 301 1104 358 ROll.
1136 301 1232 357 PONT.
1252 303 1419 361 CATALOG.

1713 312 1765 369 i98

60 426 197 481 trutinam
223 425 353 480 revocari
376 431 532 492 merentur,
559 432 590 482 ut
613 427 648 481 de
668 431 785 482 auctore
808 425 886 480 Libri
901 425 931 484 A
945 436 1010 499 tem,
1023 443 1078 499 qua
1090 429 1195 483 latinae
1212 430 1317 501 linguae
1331 430 1472 499 elegantia
1484 433 1639 490 excellebat
1654 450 1765 507 nequa-

58 511 235 568 loatitiralis
247 512 399 569 manifeste
409 521 540 571 constare
553 516 653 584 possit.
662 515 797 583 Quamvis
812 515 887 569 enini

55 600 224 656 lambecius
252 615 318 657 vere
339 607 448 658 asserat
472 598 604 672 primam'
614 603 743 658 historia
757 604 792 658 de
813 603 888 657 Vitis

54 691 248 745 Romanorum
267 691 435 759 pontificum
452 692 594 762 originem
609 693 636 746 S.
654 693 773 746 Damaso
799 692 887 746 inuito

52 792 107 833 esse
128 779 346 850 antiquiorem,
363 786 391 834 et
404 795 419 835 a
431 781 609 835 notariorum
624 782 650 835 S.
676 780 753 835 sedis
768 786 887 850 aposto-

52 867 108 921 licae
129 867 329 924 institutione
350 868 533 924 derivandam
556 868 794 938 repetentiumque
814 885 884 941 esse,

54 955 168 1026 probare
183 963 284 1011 tamen
299 969 355 1011 nou
372 970 486 1025 possum
499 957 574 1027 quod
590 957 745 1028 subjungit
760 957 806 1013 iiis
819 973 886 1014 ver-

53 1043 105 1100 bis:
131 1064 145 1096 e
169 1045 248 1100 Cum
274 1046 351 1100 enim
382 1045 483 1101 borum
506 1047 685 1103 notariorum
707 1049 884 1119 praecipuum

53 1145 151 1188 nunus
164 1131 265 1189 fuerit
278 1137 356 1205 gesta
367 1139 530 1191 sanctorum
548 1140 705 1206 martyrum
719 1137 845 1192 sollicite
857 1142 885 1192 et

53 1221 160 1276 curiose
174 1222 360 1292 perquirere,
374 1223 564 1294 etdiligenter
573 1224 708 1280 adnotata
719 1226 748 1279 in
759 1225 886 1281 Ecclesia

53 1310 216 1381 recondere,
243 1311 333 1367 simul
359 1313 529 1368 etiamtunc
554 1314 714 1369 necessario
739 1319 887 1383 eoeperunt

53 1399 131 1454 scribi
155 1400 235 1454 Vitae
246 1401 439 1456 Romanorum
457 1400 624 1470 pontificum
639 1402 730 1457 instar
743 1401 887 1471 simplicis

54 1488 330 1559 alicujusCatalogi,
346 1503 403 1558 quo
416 1490 615 1559 compendiose
639 1491 817 1545 iudicaretur
831 1505 886 1545 eu-

53 1577 147 1647 jusque
170 1591 294 1646 nomen,
313 1578 415 1647 patria,
442 1585 530 1647 pater,
554 1585 664 1648 tempus
688 1579 882 1648 pontificatus,

55 1666 262 1734 ordinationes,
277 1667 509 1737 constitutiones,
524 1667 621 1723 obitus
634 1681 666 1722 ae
681 1668 838 1738 sepultura,
855 1673 883 1723 et

944 534 1028 589 qaam
1045 534 1143 589 sapere
1161 521 1285 589 videtur,
1306 534 1428 590 cumque
1444 520 1598 578 uniformis
1613 523 1652 579 sit
1667 525 1696 579 in
1709 539 1765 580 om-

944 607 1030 663 nibus
1044 608 1209 677 pontificum
1228 609 1326 664 Vitisa
1340 610 1367 663 S.
1384 611 1464 664 Petro
1475 611 1614 679 apostolo,
1630 614 1763 681 usquead

941 697 1049 765 eosqui
1065 701 1144 752 sexto
1159 697 1201 751 vel
1217 697 1338 764 septimo
1353 698 1457 753 sacculo
1474 700 1617 769 sederunt,
1639 701 1766 755 omnimo

940 783 1089 854 colligitur
1106 798 1311 855 nequaquama
1327 786 1460 852 diversis,
1474 788 1522 842 sed
1536 787 1571 841 ab
1583 801 1639 844 ano
1650 790 1767 844 eodem-

941 886 996 942 que
1007 878 1132 941 auctore,
1145 875 1196 944 qui
1208 874 1416 943 posterioribus
1427 875 1542 930 succutis
1553 876 1766 944 vixitscripsit-

941 975 1006 1031 que,
1019 959 1109 1016 tuisse
1122 963 1323 1032 compositum.
1333 962 1426 1033 Atque
1439 963 1492 1018 iioc
1508 964 1625 1019 omuino
1635 965 1664 1019 in
1680 978 1765 1021 caasa

939 1046 1007 1118 fuit,
1040 1065 1097 1119 quo
1129 1052 1274 1106 communi
1302 1054 1493 1107 recentiorum
1516 1052 1658 1106 sententia
1684 1052 1766 1108 Liber

939 1137 1118 1193 Poiitiiiealis
1146 1139 1299 1195 anastasio
1326 1140 1550 1195 Bibliothecario
1579 1140 1647 1194 noui
1666 1140 1764 1196 saeculi

940 1226 1075 1294 scriptori
1096 1227 1225 1283 tributus
1240 1227 1307 1298 fuit,
1322 1229 1462 1284 utstatim
1478 1228 1648 1286 videbimus.
1668 1230 1765 1298 Neque

941 1314 1033 1396 igitur
1056 1315 1154 1371 licebit
1169 1317 1241 1371 milii
1266 1317 1426 1381 admittere,
1443 1318 1518 1387 quod
1539 1317 1705 1372 lambecius
1717 1316 1764 1371 his

940 1403 1035 1458 verbis
1054 1405 1209 1476 adjungit:
1226 1427 1238 1458 «
1255 1405 1307 1460 llic
1320 1419 1387 1476 ergo
1405 1406 1556 1477 catalogus
1572 1406 1621 1475 qui
1639 1405 1765 1460 licctdi-

939 1490 1030 1545 versis
1041 1492 1218 1561 temporibus
1232 1499 1260 1548 et
1272 1493 1420 1549 adiversis
1431 1493 1600 1549 auctoribus
1611 1505 1766 1562 compone-

941 1585 1029 1646 retur,
1046 1581 1146 1637 ordine
1160 1588 1263 1650 tamen,
1280 1588 1308 1637 et
1322 1582 1407 1652 stylo,
1431 1587 1462 1637 ut
1476 1583 1504 1637 iii
1519 1582 1641 1637 aliarum
1658 1581 1766 1636 solem-

940 1668 1191 1725 niumtabalarum
1202 1672 1421 1726 continuatione
1434 1671 1601 1740 plerumque
1611 1670 1671 1724 fieri
1681 1669 1762 1738 solet,

55 1755 167 1810 cessatio
191 1755 383 1824 episcopatus
416 1769 508 1826 iisque
531 1756 566 1811 ad
588 1757 796 1812 successionem
818 1756 881 1811 nori
898 1757 925 1819 B
941 1757 1048 1828 ubique
1061 1758 1118 1812 sibi
1129 1765 1190 1814 erat
1202 1759 1319 1814 struitis.
1333 1776 1346 1807 u
1363 1759 1499 1826 Quamvis
1517 1758 1597 1812 enim
1610 1757 1684 1812 idem
1699 1770 1765 1811 oin-

56 1842 204 1911 pontiiieis.
233 1843 444 1913 neamenim,
468 1843 572 1899 fatente
597 1844 755 1913 Lambeeio,
781 1845 883 1900 borum

57 1933 231 1987 rotomorum
247 1932 426 2002 praecipuam
442 1947 547 1988 muiius
571 1931 659 1988 fuerit
674 1938 751 2004 gesta
767 1940 885 1988 saucto-

57 2035 108 2075 rum
121 2026 291 2091 martyrum
307 2021 434 2077 sollicite
446 2028 474 2077 et
489 2023 603 2079 curiose
616 2024 790 2092 perquirere,
808 2021 885 2076 etdi-

56 2108 168 2180 ligenter
192 2110 335 2166 adnotata
358 2111 388 2165 in
416 2112 542 2167 Ecclesia
566 2112 726 2182 recondere,
752 2112 885 2181 sequitur

58 2199 162 2254 annino
184 2199 242 2255 lios
258 2200 389 2256 notarios
411 2201 584 2270 praecipuam
600 2215 712 2272 operam
728 2201 758 2255 iu
771 2200 885 2255 deseri-

58 2286 530 2359 bendisliomanorumpontiticum
542 2290 882 2361 martyriisimpendisse,

58 2378 159 2432 etiem
172 2376 228 2433 illa
248 2378 279 2433 in
291 2377 417 2434 Romana
428 2379 553 2435 Ecclesia
569 2381 741 2449 reposuisse,
757 2381 884 2448 adeoque

60 2465 130 2523 initio
157 2466 301 2522 Ecclesiae
328 2482 383 2523 uon
405 2468 564 2538 simplicem
581 2473 608 2523 et
623 2468 734 2523 brevem
757 2469 882 2537 aliquem

62 2554 227 2628 filologum,
243 2557 293 2612 sed
315 2558 455 2628 integram
480 2558 648 2627 pontificum
665 2565 821 2628 martyrum
834 2557 884 2612 lii-

60 2645 164 2698 storiam
181 2649 330 2699 exaratam
343 2644 443 2716 fuisse,
456 2660 519 2717 qua
530 2645 770 2701 subDiocletiano
786 2644 883 2701 forsan

58 2729 195 2800 deperdita
213 2731 284 2803 fuit,
296 2734 344 2788 viii
355 2734 431 2789 enim
446 2735 509 2804 ejus
520 2735 655 2790 memoria
667 2734 742 2803 apud
756 2741 883 2803 posteros

61 2820 145 2876 relicta
161 2823 313 2895 est,apud
328 2837 400 2893 quos
409 2829 501 2879 tamen
511 2824 649 2879 remansit
660 2823 753 2878 brevis
765 2823 881 2892 quidam

61 2908 203 2983 catalogus
224 2912 419 2968 Romanorum
445 2913 623 2983 pontificum,
642 2912 691 2982 qui
709 2927 764 2967 nen
789 2927 804 2966 a
824 2912 884 2966 Da-

63 3011 133 3070 aas),
150 3001 201 3056 sed
219 2999 257 3055 ab
274 3001 389 3056 bomine
414 3003 525 3072 privato
541 3011 666 3072 tempore
681 3001 787 3056 liberii
805 3014 883 3070 papae

63 3085 159 3143 baasi
188 3090 411 3159 praedecessoris
430 3093 613 3161 conscriptus
635 3090 704 3159 init,
735 3094 765 3145 ut
790 3083 921 3159 capiteC

64 3178 221 3242 precedenti
245 3180 396 3248 perspicue
410 3181 598 3236 ostendimus.
624 3180 674 3235 llle
688 3183 782 3234 autem
798 3179 883 3234 Cata-

64 3261 131 3336 logus
149 3272 207 3339 est,
223 3274 253 3323 et
266 3282 322 3324 non
338 3269 425 3341 alius,
440 3270 490 3339 qui
511 3284 646 3325 successu
660 3275 819 3338 temporum
832 3282 884 3322 va-

64 3354 105 3409 riis
118 3356 238 3412 notitiis
259 3363 364 3414 auctus
379 3357 447 3427 fuit,
469 3364 497 3413 et
515 3365 640 3428 tempore
652 3358 809 3414 lastiniani
827 3357 885 3411 im-

64 3446 192 3511 putoris
215 3446 247 3500 in
271 3446 345 3502 illud
362 3448 533 3517 opuseulum
550 3449 687 3519 excrevit,
711 3447 746 3502 de
761 3461 818 3517 que
831 3446 884 3501 siib

64 3535 168 3590 secundi
184 3534 316 3606 catalogi
332 3535 420 3592 titulo
442 3538 563 3607 egimus.
581 3537 702 3591 Probare
716 3536 813 3605 itaque
828 3547 884 3588 non

65 3633 179 3692 pessum,
194 3623 273 3693 quod
289 3624 363 3679 dicit
375 3624 551 3692 Lambeeius,
569 3625 748 3680 notariorum
769 3622 884 3677 Catala-

64 3722 117 3778 gum
129 3715 261 3781 tempore
271 3712 455 3768 Constantini
466 3714 560 3785 magni
573 3713 663 3769 uariis
675 3712 748 3767 actis
758 3717 786 3766 et
796 3711 884 3782 gestis

63 3798 149 3868 augeri
171 3800 321 3872 eoepissse,
350 3805 377 3856 et
405 3802 433 3856 in
453 3801 571 3858 archivo
592 3801 719 3858 basilicae
743 3799 884 3868 priiieipis

64 3889 250 3953 apostotorum
266 3890 301 3945 de
314 3889 388 3946 Urbe
403 3891 560 3961 repositum
575 3890 675 3961 fuisse,
699 3904 735 3944 cx
749 3901 883 3958 quocum

65 3986 143 4045 usque
161 3978 198 4033 ad
216 3977 326 4033 liberii
349 3979 547 4048 pontificatum
568 3993 583 4034 a
608 3980 697 4034 variis
715 3975 884 4032 auctoribus

65 4060 209 4120 deductum
230 4067 371 4123 Damasus
385 4082 456 4138 papa
483 4068 645 4137 desumpsit
666 4072 693 4121 ct
707 4067 882 4134 descriptum

66 4149 142 4207 loma
155 4154 385 4225 Hierosolymam
397 4157 430 4212 ad
448 4157 650 4226 Hieronymum
667 4155 758 4211 misit.

94 4237 118 4295 i.
132 4241 206 4298 Sane
222 4243 299 4298 inter
321 4245 446 4301 rationes
460 4246 605 4300 evidentes
617 4258 689 4314 quas
702 4244 758 4298 sibi
773 4243 884 4298 obstare

67 4328 118 4397 ipse
139 4331 310 4387 lambecius
333 4340 512 4404 cognoverat,
534 4335 625 4404 prima
642 4333 757 4404 quidem
779 4331 828 4386 illa
842 4335 886 4385 est

67 4418 133 4484 quod
146 4419 270 4476 historia
285 4421 347 4490 ipsa
362 4422 463 4477 multis
484 4421 721 4493 chronographiae
735 4419 885 4475 erroribus
899 4419 926 4479 D

68 4509 91 4557 et
103 4507 249 4563 nonnullis
262 4508 383 4565 incertis
397 4510 609 4566 assertionibus
620 4508 722 4565 referta
733 4509 782 4578 sit,
799 4514 831 4563 ut
846 4507 884 4562 fa·

68 4592 116 4647 eile
130 4597 245 4663 probari
267 4603 362 4667 potest
372 4612 406 4655 ex
421 4599 460 4654 iis
475 4613 538 4668 quae
562 4598 731 4669 praecedenti
746 4597 839 4665 capito
849 4596 884 4651 de

69 4683 275 4754 antiquioribus
284 4688 429 4759 catalogis
440 4689 579 4756 diximus,
592 4701 664 4757 quos
675 4692 775 4742 auctor
784 4686 885 4742 Ponti-

70 4767 151 4827 icalis
162 4775 231 4832 adeo
245 4775 396 4832 manifeste
408 4784 524 4833 secutus
535 4780 577 4831 est
593 4781 625 4832 ut
640 4775 884 4855 eosdescripsisse

69 4863 93 4913 et
113 4861 141 4916 ia
163 4878 245 4919 usum
268 4880 353 4921 suum
378 4866 571 4935 assumpsisse
591 4872 789 4937 cognoscatur.
806 4865 885 4920 Unde

70 4947 155 5003 eadem
168 4954 251 5023 ratio,
276 4953 314 5008 ob
335 4966 419 5025 quain
433 4953 561 5009 Antbero
575 4954 699 5024 priorem
712 4960 821 5023 partem
837 4966 885 5007 aii-

70 5033 137 5106 tiqui
154 5039 280 5114 caalogi
305 5048 333 5097 et
351 5044 472 5099 Damaso
494 5044 680 5112 posteriorem
702 5042 884 5112 adiudicari-

69 5135 135 5195 ttius,
150 5127 326 5186 demonstrat
336 5129 454 5186 Librum
465 5131 658 5185 Pontibealem
675 5133 794 5185 Damaso
807 5143 885 5198 papae

69 5217 373 5284 tanquamauctorevel
383 5219 802 5290 approbatoriady'udieaudum
813 5232 883 5273 esse.

67 5301 185 5361 wanda
204 5322 270 5364 vero
289 5309 377 5377 ratio,
401 5308 437 5363 ob
458 5321 542 5377 quani
559 5308 699 5363 lambecii
721 5308 884 5377 opinionem

66 5391 209 5451 admittere
228 5410 284 5453 non
298 5410 466 5468 possumus,
483 5410 516 5451 ex
538 5397 611 5467 stylo
630 5398 750 5467 ejusque
771 5396 886 5451 unifor-

67 5481 159 5536 mitate
170 5483 352 5542 desumitur:
371 5499 436 5540 cum
452 5486 527 5539 enim
542 5486 635 5555 stylus
650 5486 787 5556 incultus,
805 5486 886 5541 rudis

65 5574 88 5624 et
99 5570 247 5640 impolitas
256 5575 306 5647 sit,
325 5575 487 5645 primorum
495 5574 628 5629 Ecclesia
640 5574 811 5630 saeculorum
823 5581 887 5629 aeta·

939 1846 1009 1900 nino
1031 1847 1123 1916 stylus
1140 1848 1246 1901 servari
1262 1847 1352 1915 possit
1372 1847 1402 1901 in
1428 1846 1489 1900 illis
1510 1845 1626 1913 tabulis,
1641 1857 1703 1913 quae
1715 1845 1763 1897 vix

939 1948 1039 2001 unum,
1054 1943 1104 1990 aut
1123 1935 1201 1990 aliud
1218 1935 1334 1990 verbum
1348 1934 1487 2002 continet,
1509 1939 1540 1989 ut
1552 1934 1580 1987 in
1595 1931 1677 1986 fastis
1691 1943 1764 1985 coii-

939 2022 1097 2093 sularibus,
1112 2024 1141 2078 in
1155 2024 1265 2079 sedium
1282 2022 1520 2092 patriarchalium
1533 2019 1648 2076 tabulis.
1666 2021 1764 2074 Roma·

940 2112 1255 2181 norumimperatorum
1266 2111 1419 2182 catalogis,
1430 2106 1762 2178 mortuorumdiptyeliis

940 2206 967 2257 et
986 2201 1135 2257 similibus
1158 2201 1265 2273 quibus
1281 2202 1328 2256 iiii·
1343 2201 1500 2271 quidquam
1527 2204 1628 2268 praeter
1647 2197 1762 2252 nomina

939 2291 1121 2360 exhibentur,
1135 2292 1164 2345 iii
1180 2290 1342 2345 illistamen
1357 2287 1474 2352 tabulis,
1486 2301 1548 2357 qua
1562 2287 1637 2342 ultra
1647 2286 1762 2341 nomina

940 2380 1107 2450 pontificum
1119 2380 1189 2435 acta
1204 2379 1328 2448 plurima
1343 2377 1489 2444 exhibent,
1503 2380 1536 2431 at
1549 2376 1578 2430 in
1596 2374 1680 2430 Libro
1694 2375 1764 2430 Pon·

939 2470 1051 2538 tificali,
1062 2470 1109 2525 rix
1126 2468 1264 2539 possibile
1274 2471 1318 2522 cst
1331 2480 1346 2520 a
1361 2466 1485 2521 diversis
1498 2463 1665 2519 auctoribus
1679 2476 1764 2517 eum-

938 2560 1000 2616 dem
1021 2560 1124 2630 stylum
1146 2557 1264 2626 servari,
1288 2562 1320 2610 ut
1339 2555 1446 2624 cuique
1468 2552 1559 2623 perito
1582 2548 1762 2606 manifestius

939 2655 1034 2718 patere
1053 2648 1198 2714 existimo,
1220 2658 1305 2716 quani
1330 2645 1406 2715 qaod
1428 2643 1457 2697 in
1477 2642 1528 2697 bac
1544 2640 1662 2695 veritate
1682 2651 1763 2693 com-

939 2737 1083 2805 probanda
1110 2742 1221 2804 tempus
1253 2739 1340 2789 teram
1369 2740 1397 2787 et
1417 2729 1573 2786 lectoribus
1597 2726 1763 2798 prolixitate

937 2825 1078 2882 sermonis
1095 2825 1212 2881 taedium
1227 2823 1352 2878 alteram.

1255 2930 1365 2985 CAPUT
1385 2929 1441 2984 vll.

937 3023 983 3078 Ati
1002 3025 1083 3078 Liber
1111 3022 1277 3092 Pontificalis
1298 3019 1449 3073 Anastasio
1474 3014 1684 3070 bibliothecario
1707 3013 1763 3067 tri-

1254 3091 1377 3146 buendus
1393 3091 1451 3144 sit?

940 3202 960 3250 1.
982 3204 1084 3253 Valseni
1108 3200 1257 3250 bellarmini
1272 3201 1297 3247 et
1324 3195 1451 3258 Onuphrii
1480 3194 1598 3242 Panvinii
1626 3192 1760 3249 sententia,

970 3268 1040 3329 quod
1052 3265 1128 3313 Liber
1140 3261 1299 3311 Pontificalis
1308 3259 1459 3306 tribuendus
1472 3258 1505 3304 sit
1514 3254 1650 3304 Anastasio
1662 3252 1761 3300 Biblio-

971 3329 1094 3378 tliecario.
1105 3353 1136 3362 -
1146 3326 1178 3374 ll.
1192 3324 1298 3372 Bareiiii
1310 3326 1334 3370 et
1345 3320 1471 3369 Hoistcnii
1485 3317 1618 3370 sententia,
1628 3328 1678 3376 qua
1687 3314 1765 3362 Liber

970 3390 1130 3440 pontificalis
1141 3387 1278 3436 Anastasio
1294 3388 1414 3446 tanquam
1423 3381 1521 3429 auctori
1532 3377 1701 3437 adjudicatur,
1714 3375 1761 3422 tri-

970 3450 1218 3512 busmodisprobari
1232 3461 1307 3508 poseo
1320 3447 1430 3492 ridetur.
1442 3441 1523 3488 -lll.
1532 3441 1619 3487 Primo
1630 3451 1660 3484 eii
1671 3449 1761 3508 eorum

970 3514 1133 3571 testimoniis,
1146 3509 1233 3574 quircl
1246 3522 1304 3556 cum
1317 3504 1452 3555 Anastasio
1459 3500 1499 3549 vel
1510 3503 1568 3547 ante
1581 3512 1640 3571 cain
1652 3510 1762 3570 sampsa-

970 3581 1040 3635 iuut‚
1051 3579 1075 3624 ct
1090 3577 1176 3622 taincn
1190 3573 1245 3619 sine
1255 3567 1384 3617 Anastasii
1401 3564 1506 3612 nomine
1519 3561 1591 3610 Libri
1602 3558 1762 3609 Pontificalie

970 3640 1128 3687 mentionem
1140 3635 1243 3690 faciunt,
1256 3635 1283 3678 ut
1294 3625 1530 3688 Roduiphusprcsb
1548 3627 1593 3681 ter,
1607 3622 1761 3670 Hinemarus

970 3700 1135 3756 [thamensis
1147 3700 1236 3744 auctor
1245 3693 1303 3741 libri
1312 3687 1521 3741 RitualisCarolo
1562 3698 1629 3744 agno
1640 3683 1760 3742 tributus,

969 3767 994 3810 et
1001 3760 1163 3812 Venerabilis
1175 3758 1253 3806 Beda.
1265 3783 1297 3792 -
1308 3755 1355 3803 IV.
1371 3753 1441 3801 idem
1452 3750 1617 3798 confirmatur
1626 3760 1716 3818 eoram
1724 3747 1760 3794 te·

969 3825 1106 3884 elimoniis,
1122 3822 1166 3885 qui
1180 3824 1238 3882 post
1252 3817 1417 3867 Anastasiinn
1432 3813 1596 3873 scripserunt,
1613 3812 1637 3857 et
1652 3808 1759 3857 Librum

970 3887 1150 3936 pontificalem
1161 3883 1257 3944 absque
1266 3879 1394 3929 ,anastasii
1404 3873 1659 3931 mentionccitarant,
1671 3872 1699 3918 ut
1708 3871 1760 3917 An-

970 3952 1067 3999 sclinns
1077 3942 1365 4003 Lucensis,cardinalis,
1374 3937 1556 3996 Deusdedit,et
1567 3935 1610 3982 lvo
1621 3932 1761 3982 Carnoten-

970 4015 1016 4073 sis,
1033 4009 1203 4065 Romiialdas,
1215 4006 1347 4055 Laborans
1357 4000 1504 4057 cardinalis,
1518 3997 1699 4047 cthrnardas
1714 3995 1762 4065 Pa-

969 4077 1069 4139 piensis
1085 4071 1247 4135 praepositus.
1263 4095 1293 4102 -
1303 4067 1337 4114 tt.
1350 4066 1461 4113 Domum
1474 4076 1504 4110 eit
1516 4074 1547 4108 eo
1558 4059 1629 4121 quod
1643 4057 1703 4104 licet
1718 4055 1762 4103 ali-

972 4140 1015 4200 qui
1026 4139 1136 4199 priorem
1148 4131 1361 4194 partcmDamaso
1371 4139 1450 4188 papae,
1461 4125 1627 4196 nemotamen
1637 4122 1694 4167 aute
1705 4117 1762 4165 brec

972 4196 1160 4248 ultiinasmcula
1171 4194 1333 4255 repertussit,
1348 4190 1391 4252 qui
1404 4190 1572 4258 posteriorem
1583 4186 1679 4255 partem
1693 4181 1762 4251 Ana:

971 4264 1049 4310 stasio
1062 4259 1186 4314 tribuerit,
1204 4260 1229 4304 ut
1243 4255 1365 4317 probatur
1376 4251 1531 4299 testimoniis
1544 4245 1648 4294 Martini
1666 4241 1760 4290 Poloni

971 4329 996 4373 et
1012 4323 1123 4372 Zenonis
1139 4319 1254 4369 Patavini
1265 4310 1484 4378 episcopi-VI.
1501 4307 1624 4358 Secundo
1641 4304 1763 4376 probatur

971 4387 1121 4435 auctoritate
1135 4397 1197 4430 mss.
1209 4381 1336 4436 codicum,
1351 4377 1395 4439 qui
1404 4372 1555 4435 antiquitate
1577 4382 1624 4417 sua
1634 4369 1762 4438 Anastasia

970 4453 1070 4498 aetatem
1083 4449 1212 4508 superant,
1228 4446 1252 4491 ct
1266 4445 1349 4489 tamen
1364 4438 1469 4486 Librum
1485 4431 1662 4482 pontificalem
1678 4431 1760 4477 eonti-

971 4515 1039 4560 nent.
1051 4537 1082 4546 -
1094 4509 1151 4557 Vll.
1165 4506 1253 4555 Tertio
1264 4502 1425 4565 probaturos
1436 4497 1581 4569 diversitate
1592 4493 1659 4567 styli,
1670 4505 1701 4538 ex
1712 4503 1763 4562 qua

969 4575 1054 4623 Lucas
1071 4571 1219 4620 llolstcnias
1231 4568 1299 4615 recte
1314 4563 1427 4623 collegit,
1441 4561 1555 4608 ultimam
1570 4555 1640 4604 Libri
1655 4552 1764 4624 Pontifi-

970 4638 1032 4685 calis
1049 4638 1146 4698 partein
1163 4645 1178 4678 a
1200 4624 1466 4678 diversisuuctoiibus
1483 4614 1759 4689 conscriptamufuissc,

971 4700 1087 4760 adeoque
1097 4692 1278 4744 unibnastasio
1287 4688 1364 4736 tribui
1377 4700 1429 4734 non
1439 4695 1527 4748 posse,
1536 4678 1686 4744 quamvisid
1699 4689 1762 4723 non·

970 4761 1032 4810 nulli
1049 4757 1206 4808 recentiores
1223 4751 1399 4802 existimarint.

976 4857 1001 4913 l,
1016 4858 1085 4912 Cum
1102 4857 1195 4924 pateat
1216 4865 1250 4906 eit
1271 4850 1309 4904 iis
1333 4862 1396 4919 quae
1412 4842 1555 4915 superiori
1576 4838 1669 4907 eapite
1681 4833 1764 4890 diiii·

941 4963 1013 5013 mus,
1026 4945 1143 4999 Librum
1155 4937 1348 4994 Ponttiealem
1362 4944 1540 5004 nequaquam
1552 4930 1673 4982 Damaso
1684 4935 1762 4992 papae

940 5036 1030 5093 tribui
1048 5045 1139 5103 posse,
1156 5028 1209 5083 boe
1220 5024 1313 5094 capite
1329 5021 1534 5092 inquirendum
1545 5021 1588 5072 est
1603 5027 1670 5070 nuin
1684 5014 1763 5066 Ana-

940 5127 1029 5183 stasio
1044 5115 1268 5176 bibliothecario
1284 5110 1454 5168 tribuendus
1468 5108 1516 5163 sit.
1529 5107 1576 5161 Sic
1586 5104 1662 5161 enim
1679 5099 1763 5156 liabet

940 5218 1053 5273 Marcus
1068 5209 1200 5265 velserus
1218 5206 1246 5260 iii
1264 5199 1433 5273 praefatione
1457 5197 1490 5252 ad
1508 5196 1625 5251 Librum
1640 5187 1762 5247 Pontifi-

941 5304 1039 5370 ealem,
1062 5311 1145 5370 quem
1165 5307 1239 5350 anno
1256 5289 1325 5347 idda
1345 5288 1398 5344 sub
1412 5287 1527 5343 nomine
1545 5278 1690 5339 anastasii
1712 5275 1762 5328 Bi-

940 5387 1123 5450 bliothecarii
1134 5385 1241 5441 edidit:
1257 5404 1269 5434 a
1292 5381 1365 5451 Quia
1378 5379 1478 5449 stylus,
1492 5381 1607 5445 totaque
1617 5364 1761 5424 scribendi

941 5483 1025 5547 ratio,
1043 5491 1106 5547 quae
1120 5481 1162 5530 est
1183 5475 1213 5528 iii
1229 5473 1303 5527 titis
1328 5469 1474 5541 prioribus
1486 5467 1604 5519 llaiiiiaso
1624 5458 1762 5512 hacteuus

938 5567 1089 5637 inscriptis
1103 5564 1156 5635 tuti
1174 5563 1271 5632 quivis
1287 5575 1342 5615 non
1359 5560 1450 5615 obesae
1466 5553 1545 5609 uaris
1569 5550 1658 5604 lector
1677 5542 1761 5599 facilc
