3892 6136
117 301 184 361 ⁴⁴2⁴

119 438 181 481 men
199 424 326 497 glorioso
349 425 431 482 exilu
453 425 554 482 mortis
576 426 726 496 excedunt,
743 423 936 496 impertiatur,
952 424 980 483 A

527 301 689 363 HISTORIA
702 304 748 362 DE
760 306 849 365 viris
866 305 950 364 nom.
965 306 1064 365 PONT.
1082 336 1113 349 -
1133 306 1162 364 S.
1182 304 1391 366 ANAGLETUS.

115 503 143 553 34
168 497 332 569 vigilantia,
354 503 382 552 34
410 510 479 553 3333
511 497 719 567 propensior.»
749 498 783 552 Et
806 496 865 551 bac
904 494 939 551 de
1245 427 1555 591 ΝΜἭῘΝᾞΜ

117 575 275 639 martyrum
305 569 469 639 presbytero
503 568 652 625 occasione
680 568 821 637 dnacleti,
855 578 938 637 quem
1560 576 1566 588 ·

115 641 233 711 antiqui
282 641 405 712 catalogi
448 654 498 711 pro
520 647 622 707 onunt,
669 645 698 696 et
739 637 941 697 commendant
1031 641 1727 714 anacletumacletodecessoredistinguendum
1743 659 1816 715 esse,

115 712 256 767 etiamen
279 725 312 767 eo
337 713 412 783 quod
438 655 611 784 3333434333
632 712 659 767 S.
685 714 766 768 Petro
794 711 942 767 constitu·
997 726 1069 784 quos
1084 711 1274 769 confuderant
1295 713 1408 785 aliquot
1426 716 1539 779 antiqui
1562 715 1717 785 scriptores
1731 718 1817 774 34433

117 789 175 852 433,
197 784 365 840 memoriam
380 796 468 854 supra
479 785 541 853 ejus
559 797 656 840 sacras
668 783 809 855 reliquias
823 786 941 838 exstru-
996 797 1030 840 er
1047 784 1191 854 Patribus,
1205 785 1333 841 3334343
1353 784 1492 842 affinitate
1508 788 1628 854 permoti
1643 786 1711 858 (non
1735 801 1818 844 secus

115 856 204 911 xerit.
997 868 1030 910 ac
1045 855 1187 911 Eusebius
1201 869 1235 911 ex
1250 856 1820 928 4333341433,34443333113334333333-

998 927 1078 982 43344
1093 925 1265 998 pontificem)
1281 928 1413 999 pervicit,
1436 929 1659 986 schelestratius
1671 930 1818 1002 antiquit.

152 999 240 1055 Linea
250 995 317 1054 5.-
328 997 381 1052 Seu
398 998 456 1052 ulio
470 997 538 1070 locu,
552 997 600 1052 ubi
609 1000 726 1069 episcopi
734 997 944 1053 reconderentur
1000 997 1107 1054 illustr.
1122 999 1238 1055 dissert.
1253 1012 1285 1068 11,
1298 1012 1359 1070 cap.
1375 997 1402 1067 2,
1419 1000 1572 1058 ostendens
1585 1001 1614 1056 id
1630 1000 1724 1058 valide
1738 1015 1820 1058 com-

116 1071 276 1140 sepultura.
293 1071 322 1124 ln
337 1069 463 1125 secundo
476 1069 606 1141 catalogo
622 1071 681 1126 bac
695 1069 830 1140 perioche
840 1071 884 1124 sic
899 1068 943 1123 le·
1000 1069 1114 1140 probari
1130 1082 1164 1125 ex
1179 1070 1312 1125 Romame
1326 1071 1459 1127 Ecclesia
1473 1071 1672 1141 documentis3
1687 1086 1751 1129 cum
1767 1087 1821 1144 pa-

116 1144 213 1214 gitur:
228 1143 278 1196 1143
295 1143 452 1195 3433334333
469 1141 541 1195 beuti
553 1142 627 1197 Petri
645 1143 847 1208 construamur
868 1155 941 1194 com·
998 1142 1065 1209 4343,
1079 1147 1219 1211 33333433,
1233 1141 1347 1211 epocha
1364 1143 1517 1214 utriusque
1540 1143 1628 1209 sedis,
1644 1148 1672 1198 et
1688 1144 1820 1215 martyrii

114 1216 219 1284 posuit,
242 1212 308 1265 duna
327 1213 470 1282 presbyter
493 1215 583 1280 suctus
600 1214 698 1280 3343334
723 1228 740 1266 3
762 1213 837 1266 43343
854 1212 939 1277 Petro,
998 1213 1057 1268 3434
1067 1212 1219 1268 admodum
1234 1213 1371 1269 diversa:
1391 1214 1433 1270 uti
1449 1220 1579 1270 constare
1591 1219 1682 1283 potest
1692 1228 1727 1270 er
1747 1229 1821 1271 con-

115 1285 165 1338 364
188 1285 307 1353 episcopi
327 1283 548 1337 reconderentur.
580 1284 663 1340 biber
684 1297 750 1340 uero
764 1279 942 1339 Pontidcalis
998 1283 1113 1339 sulibus
1128 1284 1411 1357 utriqueassignatis
1423 1286 1499 1355 apud
1516 1298 1613 1342 omnes
1625 1284 1821 1358 catalogos,et

116 1355 234 1411 addidit
246 1355 297 1410 illa
311 1353 406 1424 verba,
421 1355 533 1408 seuuliu
548 1356 616 1421 locu,
634 1363 666 1412 ut
679 1355 844 1426 designaret
855 1353 941 1408 initia
999 1354 1089 1412 libros
1117 1355 1323 1421 Lectionarios,
1341 1356 1463 1412 mirilice
1479 1356 1508 1412 43
1535 1357 1573 1412 413
1595 1357 1818 1427 3333334433433,

116 1425 298 1483 celeberrimi
316 1425 445 1481 43443334
461 1426 628 1494 coemeterii,
649 1425 697 1481 ubi
712 1432 823 1494 exusta,
842 1430 870 1480 et
895 1422 940 1478 la·
997 1427 1111 1482 etiamsi
1138 1427 1252 1482 codices
1275 1427 1320 1482 illi
1335 1426 1471 1483 diderant
1487 1428 1517 1482 ln
1534 1441 1653 1483 numero
1666 1441 1818 1500 annorum,

116 1510 183 1554 3333
200 1497 328 1567 priorum
345 1504 502 1566 martyrum
517 1497 546 1552 in
559 1497 722 1553 Neroniana
745 1496 858 1552 laniena
873 1508 940 1552 cor·
998 1498 1139 1553 mensium
1162 1511 1195 1554 ac
1213 1497 1337 1568 dierum,
1360 1500 1462 1555 iisdem
1488 1498 1645 1569 pontidbus
1660 1500 1816 1556 attributo.

117 1582 188 1638 pora
213 1568 358 1624 recondita
384 1565 472 1634 13333,
499 1582 530 1622 33
545 1568 633 1624 34331
665 1568 843 1638 pontificum.
869 1568 940 1622 Loca
995 1569 1065 1625 cum
1083 1569 1180 1640 itaque
1203 1570 1332 1625 omnium
1356 1571 1487 1627 codicum
1503 1576 1584 1627 tanta
1607 1572 1761 1628 concordia
1781 1571 1822 1628 344

115 1654 185 1696 3333
210 1640 269 1694 bac
284 1640 386 1695 nedum
411 1638 445 1694 ad
469 1652 588 1708 corpora
616 1641 785 1695 reservanda
808 1639 941 1695 destina·
997 1641 1025 1695 in
1056 1641 1158 1709 urimo,
1183 1653 1216 1695 33
1241 1645 1383 1709 33343333
1406 1641 1560 1697 consulatu
1581 1641 1660 1697 sadis
1680 1643 1820 1712 43331343,

116 1712 233 1777 bantur,
250 1723 346 1765 verum
367 1710 453 1765 etiam
477 1710 512 1765 ad
536 1724 634 1766 sacros
652 1718 778 1780 tempore
805 1722 940 1779 persecu·
997 1724 1096 1780 nempe
1110 1725 1144 1766 ex
1166 1711 1277 1767 decimo
1294 1712 1452 1767 Domitiani
1478 1712 1587 1782 collega
1602 1713 1708 1769 Sabino
1723 1713 1822 1784 (chri-

117 1784 210 1839 tionis
225 1782 366 1838 iucundos
379 1781 698 1838 ecclesiasticoscoetus.
715 1781 941 1838 consuetudinis
996 1784 1033 1839 344
1055 1779 1100 1853 81)
1123 1782 1157 1839 ad
1178 1783 1336 1838 Domitiani
1366 1784 1509 1839 decimum
1534 1785 1690 1852 septimum
1712 1784 1821 1856 collega

118 1853 209 1909 bu'us
225 1853 355 1908 meminit
367 1852 687 1909 Tertullianusc.3ad
706 1852 939 1923 Scapulamdum
995 1854 1137 1909 clemente
1165 1852 1282 1923 (41334344
1309 1852 1371 1923 93);
1401 1860 1516 1910 etcum
1546 1855 1618 1910 41344
1649 1857 1819 1924 martyrium

117 1867 207 1981 334334
231 1923 395 1980 ferocientis
409 1924 508 1994 populi
525 1924 674 1993 clamores,
689 1925 739 1996 qui
755 1923 940 1980 obnitebatur
995 1924 1181 1996 consignetur
1203 1922 1305 1981 44326
1326 1925 1436 1995 Aprilis
1456 1926 1622 1982 Domitiano
1643 1927 1683 1980 lx
1698 1932 1725 1981 34
1747 1925 1821 1982 liufo

116 2009 202 2052 33343
213 1997 262 2065 jus
275 1995 431 2065 sepultura
441 1996 615 2052 Christianis
627 1997 764 2057 adimere,
789 1999 874 2063 prout
886 1995 941 2048 ad·
994 2010 1069 2053 coss.
1085 1996 1203 2066 (christi
1228 1993 1284 2067 83),
1299 1996 1429 2053 dnacleti
1446 1997 1573 2053 3333443
1585 1995 1701 2053 4343144
1718 1998 1820 2053 Domi-

117 2069 200 2134 3344,
210 2069 277 2122 3443
289 2065 841 2136 poenamsterilitaterexataiuitAfrica
850 2067 938 2136 regio.
996 2069 1075 2124 44333
1092 2081 1149 2123 3343
1160 2067 1339 2123 3441333343
1352 2082 1425 2124 3333.
1451 2066 1567 2138 (cbrisli
1583 2066 1642 2139 93);
1663 2069 1822 2139 consequi-

119 2159 134 2191 «
153 2139 305 2195 Doleamus
320 2151 434 2194 necesse
448 2144 502 2205 est,
516 2139 592 2208 quod
609 2139 690 2194 nulla
705 2138 809 2194 3434433
824 2139 940 2208 4333333
996 2148 1054 2208 433,
1064 2140 1185 2196 3434333
1200 2152 1234 2194 ex
1248 2140 1425 2196 testimoniis
1437 2140 1710 2208 numerianuorum,
1722 2140 1820 2195 vitiati

117 2210 216 2267 latura
231 2209 271 2265 sit
285 2210 438 2280 sanguinis
449 2210 540 2266 nostri
552 2209 730 2272 eliusroncm,
747 2208 857 2266 cumde
868 2208 941 2263 areis
996 2225 1012 2267 3
1027 2210 1267 2281 43333434334433,
1282 2217 1310 2266 34
1323 2212 1477 2279 333433433,
1496 2211 1665 2281 redigantur
1679 2210 1713 2267 ad
1726 2224 1820 2266 33333

117 2281 297 2352 3333143333
309 2287 471 2337 nostrarum
481 2280 938 2337 acclamassent:dreanonsint:
997 2283 1159 2346 lectionem,
1169 2281 1504 2354 assignatisconsulibus
1515 2283 1742 2352 respondentem.
1754 2284 1822 2338 Erat

116 2367 193 2409 areae
209 2354 337 2423 ipsorum
362 2366 417 2408 non
434 2351 562 2419 luerunt,
588 2353 785 2409 3333333343
800 2365 869 2407 3333
884 2364 940 2406 333
996 2368 1090 2410 33333
1103 2354 1232 2424 martyrii
1244 2355 1272 2408 S.
1287 2354 1359 2409 41341
1373 2355 1507 2426 signatus
1518 2368 1592 2409 coss.
1603 2353 1768 2409 Domitiano
1783 2353 1822 2408 lX

116 2432 248 2497 egerunt.
264 2442 277 2474 u
292 2424 364 2480 ilinc
384 2425 584 2480 3333344333
598 2424 673 2495 apud
698 2426 773 2480 31433
796 2422 941 2492 principes

117 2497 211 2563 sedes,
226 2495 302 2551 3434
323 2495 447 2564 33334314
463 2496 603 2551 reconditi
618 2495 864 2565 viciniaepiscopi
880 2507 943 2548 suc·

121 2581 253 2624 cessores
265 2567 498 2636 reconderentur,
512 2567 588 2637 quod
603 2573 744 2623 testantur
754 2572 816 2624 acta
826 2566 854 2620 S.
866 2564 941 2619 Petri

115 2639 308 2696 Alexandrini
323 2651 356 2693 ex
371 2638 499 2694 editione
513 2637 730 2697 cambeiisiana.
745 2638 813 2694 dum
826 2638 862 2692 de
880 2635 943 2704 ejus

120 2711 207 2768 obitu
223 2711 285 2766 sic:
304 2710 455 2765 «Peractis
480 2715 573 2765 autern
602 2710 647 2765 343
672 2709 773 2764 beatus
798 2707 941 2779 precibus,

117 2782 329 2853 osculatusque
344 2780 525 2853 euangelista
539 2781 626 2836 biarci
638 2780 814 2851 sepulcrum,
839 2785 867 2834 et
881 2778 943 2833 illic

119 2867 188 2911 cum
210 2853 262 2909 illo
275 2853 435 2922 positurum
449 2853 626 2919 antistitum,
643 2866 774 2908 reversus
784 2854 827 2907 est
840 2849 874 2905 ad
887 2850 944 2904 tri-

996 2432 1025 2508 34
1045 2423 1118 2481 11343
1134 2424 1252 2508 (christi
1265 2422 1329 2551 83²¹:
1341 2425 1415 2508 Ι4433
1434 2438 1500 2480 3333
1512 2423 1548 2481 26
1563 2424 1692 2510 34334143..
1704 2426 1771 2480 4343
1786 2424 1820 2480 34

997 2497 1073 2552 diem
1092 2494 1128 2551 26
1151 2496 1262 2565 Aprilis
1280 2497 1300 2551 4
1325 2503 1389 2552 33343
1404 2496 1519 2566 epochae
1542 2495 1586 2562 93,
1614 2498 1779 2553 Domitiano
1793 2500 1822 2551 et

997 2567 1138 2623 Clemente
1163 2580 1235 2622 coss.
1267 2572 1456 2624 numerantur
1475 2568 1543 2623 3334
1560 2566 1647 2623 331444
1662 2565 1711 2623 ⁴2:
1735 2574 1763 2623 et
1786 2566 1821 2622 ad

999 2640 1146 2708 proximos
1156 2638 1289 2694 consules
1303 2639 1486 2695 4313343334
1501 2640 1638 2710 Veterem,
1657 2652 1720 2694 ara
1734 2638 1823 2694 41334-

999 2707 1082 2766 34496
1096 2708 1263 2773 attributus,
1281 2709 1434 2779 34334333
1455 2723 1489 2765 ex
1509 2711 1639 2766 Eraristo
1652 2710 1820 2838 assiffnatis,

1000 2778 1822 2851 3334434344326433414334333443333333144334·,433

998 2850 1244 2922 3443264334143
1260 2853 1294 2907 34
1311 2852 1387 2908 4433
1409 2850 1442 2908 ⁴3
1455 2852 1525 2908 43144
1541 2853 1678 2922 martyrio
1695 2852 1822 2908 anacleti

117 2925 232 2981 bunos:
248 2944 261 2975 u
279 2925 312 2979 Et
327 2939 406 2978 mox:
423 2923 594 2979 «Tollentes
619 2937 685 2979 eum
706 2924 741 2978 ad
764 2921 944 2993 evangelista
1000 2929 1128 2979 notatum
1142 2928 1360 2993 consequuntur
1376 2923 1564 2991 meusesduo,
1576 2921 1729 2979 etdiesli.
1742 2925 1824 2979 Exea

117 2996 209 3053 Marci
222 3008 310 3051 sacra
322 2995 391 3051 adis
406 3002 511 3064 333433
530 2995 696 3060 333433433,
710 2995 821 3051 ducunt
835 2994 863 3047 in
880 2992 943 3046 val·
999 3007 1109 3051 sumina
1133 3006 1273 3050 annorum
1301 2992 1344 3062 ⁴3,
1371 2995 1513 3049 3333433
1537 2992 1565 3060 2,
1581 3006 1614 3050 ac
1635 2995 1748 3050 413333
1778 2990 1821 3078 14,

119 3069 176 3124 133
195 3069 223 3123 43
246 3081 302 3139 qua
331 3068 387 3121 sita
408 3072 590 3121 monumenta
605 3072 723 3122 erant.»
746 3067 778 3119 ln
806 3063 851 3118 bis
877 3075 942 3119 vero
997 3065 1218 3135 demptisannis
1232 3062 1275 3132 ⁴2,
1294 3064 1442 3120 mensibus
1465 3063 1509 3127 ⁴0,
1525 3065 1628 3121 diebus
1642 3063 1670 3136 7,
1696 3069 1747 3137 qui
1761 3067 1822 3121 sedi

117 3139 194 3195 locis
216 3152 314 3194 sacros
337 3143 428 3193 coelus
443 3138 610 3209 congregari
637 3137 821 3193 consuevisse
841 3135 981 3227 docento
997 3135 1823 3206 anacletiassignauturtuminpicturisbasilicas.i’auli,

119 3210 237 3266 laudata
251 3216 322 3273 acta,
341 3209 409 3264 dum
433 3207 563 3265 33433334
587 3209 797 3265 contentionem
819 3206 855 3261 de
881 3205 941 3260 loco
998 3215 1058 3263 433
1076 3209 1104 3261 43
1117 3206 1324 3262 vetustissimis
1334 3206 1483 3277 catalogis,
1501 3212 1583 3262 atate
1598 3207 1703 3263 biberii
1720 3220 1753 3263 ac
1767 3208 1822 3264 Ee-

118 3281 276 3351 sepultura
289 3280 459 3350 corporisb.
475 3280 560 3348 Petri,
576 3279 741 3335 volentibus
751 3276 901 3334 nonnullis
911 3280 941 3331 ut
998 3279 1065 3334 licis
1078 3277 1176 3348 quarti
1190 3276 1320 3333 collectis
1330 3277 1487 3347 quatriduo
1498 3282 1609 3333 tantum
1619 3278 1696 3334 abea
1710 3292 1823 3335 summa

118 3366 186 3409 cum
200 3352 268 3408 aliis
280 3352 425 3422 episcopis
446 3352 480 3407 ad
496 3351 601 3406 vicinia
614 3351 641 3406 S.
660 3351 745 3405 413334
771 3347 942 3406 recondere·
997 3348 1248 3419 discrepantibus3
1273 3348 1379 3418 reliqui
1405 3354 1474 3404 3334
1489 3346 1641 3413 3333334,
1656 3350 1762 3405 344433
1778 3348 1822 3420 49,

119 3431 181 3494 433,
196 3423 264 3479 31443
285 3423 365 3479 alibi.
391 3422 502 3479 Priores
524 3421 655 3478 volebant
679 3420 889 3478 recondendum
905 3417 943 3472 ud
1000 3421 1148 3477 tribuendi
1162 3421 1304 3475 vacationi
1317 3421 1394 3476 sedis
1418 3420 1494 3475 inter
1515 3421 1685 3491 martyrium
1706 3421 1779 3477 cleti
1795 3428 1825 3479 34

116 3497 237 3566 apostoli
248 3497 336 3551 ilorci
357 3496 470 3561 vicinio,
488 3494 536 3547 ubi
555 3497 636 3548 etium
650 3497 825 3547 conversurus
837 3493 940 3559 fuer-ut.
1018 3491 1824 3561 334443313333443344333343331344,433443343343343

115 3564 604 3624 conversatioistadenotatlccunr
627 3565 676 3620 ubi
698 3569 816 3619 sanctus
838 3569 944 3631 martyr
999 3508 1165 3634 4343333344
1196 3563 1437 3632 computationem
1466 3563 1586 3618 434433
1611 3560 1823 3620 4334343334

119 3651 236 3696 sacrum
263 3636 364 3704 agebat
385 3644 569 3693 conventum.
598 3635 766 3692 Perduravit
788 3646 880 3704 usque
907 3632 942 3688 ad
998 3635 1172 3705 Septembris
1187 3633 1311 3690 anni83.
1325 3635 1395 3689 iiam
1412 3634 1479 3690 inde
1493 3634 1518 3690 si
1538 3636 1660 3705 coeperis
1672 3649 1824 3692 numerare

118 3711 300 3782 Gregoriilll
322 3715 449 3778 tempora
470 3708 635 3764 istiusmodi
652 3721 733 3776 usus,
747 3719 781 3762 ac
795 3707 870 3761 inter
882 3704 944 3760 cle·
999 3720 1140 3763 summam
1168 3718 1310 3762 annorum
1336 3703 1379 3773 ⁴2,
1404 3705 1546 3762 mensium
1564 3704 1607 3771 144,
1623 3711 1652 3762 34
1666 3708 1779 3763 dierum
1793 3703 1821 3777 4,

119 3782 348 3838 ricosltomauos
360 3785 422 3836 erat
438 3778 751 3850 presbyteralectus,ut
766 3776 945 3833 incumberet
1000 3793 1073 3849 quos
1087 3777 1224 3833 exbibcnt
1239 3780 1268 3833 in
1288 3776 1424 3833 anacleto
1439 3777 1559 3845 pictura
1579 3778 1607 3833 S.
1636 3778 1727 3846 Pauli,
1744 3792 1824 3836 mar-

119 3851 291 3924 pontidcum
316 3851 481 3922 sepulturae.
495 3850 647 3906 Talrserat
662 3849 819 3920 Gregorius
842 3849 889 3919 111,
909 3845 945 3901 43
1001 3850 1108 3920 tyrium
1124 3849 1252 3906 dnacleti
1283 3848 1445 3919 pariabitur
1466 3861 1532 3904 cum
1554 3848 1604 3905 die
1623 3847 1750 3918 4313144,
1767 3863 1824 3921 qua

119 3937 179 3994 quo
192 3923 266 3980 liber
275 3923 463 3985 Pontidcalis,
475 3922 678 3991 cumdixisset,
694 3920 768 3991 quod
780 3918 945 3991 pergradus
999 3921 1118 3990 colitur,
1133 3926 1239 3977 etcum
1264 3933 1340 3976 anuo
1354 3920 1464 3976 cbristi
1484 3917 1528 3983 96,
1544 3921 1660 3978 4313343
1684 3928 1711 3977 34
1727 3922 1824 3978 434333

122 4015 136 4047 a
154 3995 326 4065 pervenitad
342 4007 455 4049 sacrum
469 3994 598 4049 ordinem
615 3993 862 4065 presbyteratus»
881 4003 944 4044 333
1000 4007 1087 4062 coss,
1102 3991 1227 4048 Eraristi
1239 3991 1333 4061 primo
1345 3992 1373 4047 in
1389 3991 1534 4063 catalogis
1544 3993 1715 4049 constituto.

119 4066 204 4122 addit
222 4066 296 4136 (pop.
314 4061 418 4136 44333
438 4065 525 4134 Quem
553 4065 608 4121 riri
625 4065 757 4133 Romani,
783 4076 833 4118 seu
847 4073 946 4117 omnes
1035 4064 1126 4121 causa
1144 4064 1303 4119 uacationis
1316 4069 1372 4119 tam
1392 4062 1550 4132 diuturnae,
1564 4064 1598 4119 ad
1614 4063 1824 4133 quadrimestre

120 4138 222 4208 populi
244 4151 260 4194 a
275 4151 374 4208 magno
391 4149 482 4207 usque
500 4136 534 4191 ad
553 4150 683 4206 parvum.
695 4176 701 4189 .
713 4175 737 4188 ..
758 4134 855 4190 subito
867 4146 942 4200 euin,
1001 4135 1128 4205 spatium
1144 4141 1277 4205 extensa,
1294 4135 1366 4191 33443
1386 4134 1545 4204 probabilis
1561 4135 1641 4191 reddi
1666 4140 1768 4206 potest,
1798 4138 1823 4194 si

120 4207 662 4278 333333343333333331333333313
689 4207 850 4279 migrasset.
875 4203 943 4259 dum
1000 4206 1135 4263 Ecclesia
1158 4207 1291 4262 Romana
1317 4205 1490 4262 constitutio
1515 4207 1707 4277 perpendatur
1729 4221 1824 4279 33333

120 4286 189 4336 3343
216 4279 352 4336 43334333
391 4279 419 4334 43
435 4278 575 4350 obsequio
598 4281 645 4336 sui
668 4277 844 4335 antecessori
870 4279 946 4330 esset
1001 4286 1140 4349 tempora,
1158 4292 1220 4350 qua
1242 4284 1393 4350 martyrem
1409 4277 1691 4348 343333334413433,
1707 4286 1735 4334 34
1748 4293 1824 4349 3333-

121 4350 262 4416 intentus,
274 4351 300 4406 vi
317 4349 541 4407 abstollentesin
554 4351 737 4422 pontificatus
745 4349 874 4407 ordinem
889 4347 946 4402 ele·
1001 4351 1153 4421 cipuorum
1170 4352 1299 4407 uirorum
1313 4351 1392 4406 41343
1412 4351 1602 4420 superstitum
1622 4349 1751 4406 conditio
1792 4365 1825 4408 ac

120 4428 235 4494 gerum
250 4441 264 4472 3
1020 4427 1080 4504 3343
1094 4422 1192 4479 33433
1207 4428 1381 4491 3333433433.
1398 4421 1567 4491 Martyrium
1582 4420 1723 4504 subeunte
1733 4391 1822 4493 44343,

383 4547 463 4602 BINH
488 4547 531 4603 ET
549 4547 670 4603 LABBffl
1001 4437 1031 4548 43
1047 4493 1120 4549 33343
1132 4493 1234 4565 agebat
1248 4494 1277 4547 Β.
1292 4493 1430 4561 clemens,
1454 4505 1537 4562 quem
1552 4504 1641 4560 supra
1653 4492 1781 4548 vidimus
1793 4507 1823 4550 se

958 4562 986 4625 D
1000 4563 1151 4620 abdicasse
1166 4563 1490 4690 piontidcatuLEomaco,
1506 4562 1746 4688 3133333333ιῇ
1763 4577 1779 4619 3
1792 4577 1822 4620 33

118 4673 292 4812 ,333
311 4671 575 4814 333-,3
593 4671 849 4799 3333333
868 4672 945 4798 ,qq
1000 4640 1325 4772 lartuuaaaa
1340 4645 1823 4774 3433333433

118 4813 945 4958 533]333333333333333333333333333
1001 4774 1822 4905 444444344444441344444444134

117 4965 271 5030 structam,
286 4971 370 5030 quam
386 4959 456 5015 3143
469 4959 630 5028 antiquitas
643 4956 782 5013 usitatius
794 4955 942 5011 ecclesiam
1000 4932 1076 4977 Μ·
1104 4921 1172 4976 Ῑῃᾱθ
1194 4925 1288 4975 ‘mmm
1319 4922 1467 4989 suppems
1490 4917 1594 4974 ‘unffi
1619 4917 1769 4974 ¹³b⁰f¹b¹¹⁸
1795 4927 1822 4976 0‘

117 5030 270 5086 nominare
282 5032 443 5087 consuerit.
468 5031 538 5084 Nam
563 5036 590 5085 et
605 5029 786 5101 augustiuus
804 5027 839 5082 de
858 5026 942 5082 civit.

117 5102 169 5157 Dei
187 5099 238 5157 lib.
263 5115 334 5172 3343,
351 5116 375 5156 3.
390 5099 440 5158 ⁴0:
462 5100 551 5169 «Nos,
570 5101 676 5172 inquit,
701 5097 876 5170 martyribus
889 5112 944 5154 no-

116 5173 191 5229 stris
206 5185 262 5228 333
278 5172 392 5243 templu,
414 5174 491 5228 sicut
514 5172 583 5242 diis,
605 5173 653 5228 sed
679 5171 841 5238 memorias,
867 5170 945 5226 sicut

117 5243 290 5300 bominibus
315 5245 448 5313 mortuis,
472 5256 593 5314 quorum
625 5245 700 5313 apud
729 5245 816 5299 Deum
845 5243 944 5297 343334

116 5330 132 5371 3
157 5315 255 5385 434433,
281 5314 493 5371 fabricamus.»
510 5317 565 5370 1433
579 5315 681 5370 333443
698 5315 785 5371 43433
805 5315 944 5384 antiquus

117 5329 282 5457 tgeologus,
310 5388 361 5458 qui
389 5395 514 5456 tempore
535 5387 687 5456 Zcpbyriui
714 5385 860 5457 ponliflcis
881 5385 945 5441 cla-

116 5459 278 5585 ruit,lteste
300 5458 424 5515 Eusebio
439 5458 491 5515 lib.
510 5472 542 5513 ιιι
565 5457 682 5527 4143433,
703 5472 727 5511 c.
744 5453 789 5525 2⁴,
815 5457 945 5526 Tropliau

115 5543 191 5600 appe
205 5535 245 5585 at.

155 5640 195 5694 Ex
209 5639 274 5694 Lau.
295 5639 380 5695 Linea
392 5634 420 5694 7.
430 5666 467 5678 —
477 5637 667 5693 Ordinationes
692 5635 770 5692 duos.
782 5637 866 5694 Juxta
880 5637 948 5696 Pla-

117 5710 224 5782 tinam,
238 5723 338 5767 unam.

999 4990 1221 5049 discriminibus
1236 4990 1378 5054 Ecclesia,
1402 4989 1529 5058 ejusdem
1545 5003 1636 5058 opem,
1653 4995 1681 5046 et
1697 4991 1821 5047 consilia

1001 5063 1195 5132 implorantis.
1207 5061 1322 5118 etiamsi
1334 5060 1459 5133 regimen
1470 5062 1744 5117 universarumcum
1755 5076 1822 5133 pou-

999 5134 1111 5190 tidcatu
1122 5134 1248 5191 Romano
1258 5135 1316 5202 y'am
1330 5132 1502 5198 dimisisset,
1519 5132 1685 5201 comprobat
1699 5133 1821 5203 epistola

999 5206 1155 5262 clementis
1175 5205 1210 5261 ad
1236 5205 1404 5262 corinthios
1417 5206 1525 5274 scripta
1539 5204 1670 5259 Ecclesia
1689 5205 1821 5261 llomana

1000 5278 1132 5335 nomine:
1150 5290 1234 5348 quam
1262 5277 1437 5333 Vendelinus
1457 5275 1536 5346 (3444.
1552 5275 1686 5331 cotelerii
1703 5283 1778 5332 tomo
1797 5278 1819 5349 1,
1852 5295 1855 5298 “

1000 5349 1049 5407 iol.
1068 5345 1196 5413 isacar.
1210 5347 1237 5418 2)
1251 5347 1344 5403 43433
1353 5347 1466 5417 judicat
1480 5344 1604 5402 13333343
1625 5349 1821 5416 persecutione

1002 5421 1169 5490 Domitiani,
1194 5433 1269 5475 anno
1282 5418 1391 5474 4434344
1411 5415 1457 5486 96,
1472 5418 1630 5474 octodecim
1650 5420 1735 5474 annis
1758 5427 1821 5490 post

1001 5492 1200 5550 dimissionem
1221 5491 1337 5546 maximi
1352 5489 1545 5560 pontificatus,
1563 5495 1664 5560 sponte
1682 5489 1820 5563 depositi,

1002 5567 1185 5631 3333333343
1204 5562 1386 5619 3433433333
1401 5562 1466 5618 3443
1490 5561 1520 5617 43
1541 5566 1689 5631 pastorem,
1703 5576 1822 5620 eorum-

1000 5637 1064 5692 dem
1090 5633 1198 5691 rabiem
1222 5646 1255 5689 ac
1282 5634 1420 5690 saeuitiam
1447 5633 1635 5689 accenderent
1669 5633 1699 5689 in
1726 5634 1822 5707 gregis

1002 5706 1129 5764 33433331
1159 5706 1326 5777 perniciem.
1353 5706 1422 5762 cum
1450 5704 1542 5777 igitur
1563 5704 1717 5762 decedente
1742 5705 1820 5761 cleto

1001 5786 1080 5836 43343
1098 5786 1175 5835 esset
1192 5776 1368 5835 existimatio
1381 5776 1537 5834 clementis
1560 5776 1591 5833 43
1616 5776 1746 5834 Ecclesia
1760 5777 1822 5830 Ro-

1001 5863 1094 5924 mana,
1107 5854 1222 5925 pastore
1242 5848 1373 5922 viduata,
1390 5862 1459 5924 qua
1474 5848 1688 5909 4333343333
1700 5842 1844 5912 assumis
1933 5918 1940 5927 .
