3892 6136
117 244 170 305 tid
518 247 701 305 hhhnchhtt
720 248 868 306 hisshitt.
889 249 935 306 hit
953 246 1032 305 thr.
1053 249 1109 306 itit.
1124 248 1230 341 'routh
1250 248 1419 306 chhhhott.
1771 248 1825 308 itti

116 372 281 444 demergere
295 372 463 429 decumanis
472 373 610 430 ductibus
623 373 715 431 rabies
730 379 944 445 persecutorum
955 372 986 432 A
1001 373 1068 430 liter
1082 376 1209 445 impendi
1224 389 1337 446 operam
1352 375 1467 432 veritati
1481 388 1497 432 e
1511 374 1638 431 tenebris
1660 375 1822 447 educendae,

117 458 226 516 trustra
247 461 379 517 tentavit.
403 462 536 518 Vidimus
550 463 625 519 enim
644 468 743 520 contra
756 464 849 519 edicta
863 462 943 518 Decii
1000 463 1114 532 quando
1130 465 1207 535 regia
1231 465 1355 521 methodi
1380 464 1470 520 niaad
1499 464 1577 519 illam
1598 463 1754 534 perducens
1774 477 1825 534 per

117 554 144 605 et
166 547 356 617 Diocletiani,
386 551 538 606 memorias
561 551 792 609 Christianorum
815 549 945 621 undiquc¹
1000 550 1114 620 publica
1130 551 1824 622 substratadocuneuta.apraejudiciisprivata-

118 637 233 693 eradere
250 638 447 708 nequidquam
472 639 655 709 tentantium,
682 642 831 702 cumsuror
853 641 945 706 penti·
1000 653 1063 695 rum
1078 640 1258 709 opinionum,
1270 640 1358 696 veluti
1375 639 1530 703 asubortis
1542 640 1715 696 dumetisac
1730 639 1825 695 senti-

119 726 183 779 iium
191 727 399 795 potestatumin
409 726 567 781 electissimo
578 743 691 797 qaoque
709 728 811 783 Christi
824 728 944 782 membra
998 725 1054 782 bus
1068 726 1218 783 liberatur.

119 817 233 876 seviret,
247 819 281 871 ut
303 814 346 870 ait
360 816 414 871 Leo
429 815 608 887 llagnusdr),
621 832 653 870 cc
676 820 814 887 praecipue
826 832 879 880 eos,
896 818 944 886 qui
1015 812 1043 871 2.
1055 815 1124 871 Cum
1144 817 1241 887 itaque
1270 821 1395 887 quatuor
1410 815 1558 887 prioribus
1578 814 1712 873 Ecclesiae
1736 816 1825 873 Chri-

118 902 222 958 ordinr‘s
235 903 501 958 erontsucerdotclis
515 906 662 974 impeteret,
672 918 727 961 non
742 907 826 962 modo
838 908 945 963 statio·
998 905 1101 961 stianac
1128 904 1242 960 saeculis
1270 905 1419 961 videamur
1443 904 1596 976 collegisse
1618 910 1661 960 tot
1688 903 1825 976 sutfragia

119 1005 179 1049 uem
196 1004 255 1048 non
279 992 419 1061 deserere,
435 992 503 1048 dum
517 993 574 1048 vita
598 1001 752 1064 constaret,
769 995 944 1054 tortissimos
1000 993 1323 1064 publicaeauctoritatis,
1334 991 1825 1063 homantsprasertimehnibusac

120 1081 220 1153 vigiles
236 1095 271 1136 ac
285 1081 374 1137 duces
398 1081 571 1137 Christiana.
586 1083 711 1153 militiae,
727 1084 875 1141 catholicae
888 1089 945 1143 Bo-
1000 1081 1209 1139 suburbicariae
1224 1082 1361 1153 regionis,
1378 1082 1427 1138 ubi
1448 1082 1531 1151 juxta
1547 1081 1660 1152 regulas
1673 1080 1825 1151 prudentis

118 1170 212 1226 clesiae
226 1172 389 1240 episcopos,
408 1170 690 1243 Petrisuccessores3
708 1173 756 1228 sed
779 1175 865 1229 etiam
882 1181 946 1245 post
1000 1170 1117 1226 critices
1141 1169 1255 1227 inerant
1287 1171 1470 1241 inquirenda,
1499 1183 1563 1240 que
1588 1167 1736 1225 sufiiciunt
1761 1181 1825 1224 aerae

118 1262 239 1314 mortem
259 1272 310 1328 pro
331 1258 448 1315 Christo
471 1257 578 1316 obitam
600 1261 713 1317 eosdem
737 1263 945 1333 quodammodo
1002 1260 1232 1330 uniuscujusque
1261 1259 1407 1329 pontilicis
1428 1261 1457 1312 in
1479 1261 1550 1313 notis
1576 1259 1614 1313 od
1645 1258 1826 1312 Anastasiou

117 1346 290 1402 reviviscere
302 1347 401 1404 studio
425 1355 659 1405 successorumet
679 1350 809 1421 exemplo
819 1352 945 1421 ejusdem
1001 1356 1076 1405 recte
1093 1348 1311 1417 constituendae,
1335 1352 1466 1419 superest
1483 1354 1513 1404 ut
1535 1349 1696 1404 indicemus
1718 1353 1826 1418 quanto

117 1435 192 1491 Petri
209 1436 392 1508 spondentis,
407 1452 435 1493 se
458 1437 589 1492 daturum
611 1444 765 1508 operandt
789 1443 945 1510 frequentes
1001 1439 1107 1508 potiori
1119 1438 1184 1508 iure
1200 1439 1319 1494 tidenter
1330 1451 1502 1508 asseramus,
1515 1437 1603 1494 etiam
1623 1435 1739 1492 saeculis
1753 1448 1827 1492 con-

117 1540 165 1580 nos
179 1525 294 1580 baberet
300 1530 364 1596 post
374 1525 476 1581 obitum
492 1541 573 1581 soum
593 1527 643 1599 (b),
659 1541 708 1597 per
722 1529 836 1601 singula
859 1528 946 1585 iermc
1001 1527 1189 1597 sequentibus
1202 1541 1284 1598 posse
1299 1527 1378 1583 reddi
1394 1526 1516 1597 epochas
1528 1525 1692 1582 antistitum
1708 1537 1824 1581 succes-

117 1615 223 1673 saecula
249 1614 376 1686 publicis
401 1616 582 1673 documentis
616 1620 779 1675 eorumdem
809 1626 947 1678 annoset
1002 1628 1109 1671 sorum.
1135 1616 1163 1672 ld
1191 1630 1256 1672 vero
1284 1616 1392 1672 nemini
1421 1614 1543 1672 dubium
1564 1613 1656 1669 videri
1678 1612 1771 1682 debet,
1798 1613 1825 1669 si

114 1709 198 1760 actus
211 1703 324 1776 signari
335 1704 944 1778 indiptychisetlaterculisdepositionum,
961 1694 1159 1777 Bcogitemus
1172 1705 1242 1761 Acta
1257 1704 1447 1761 conciliorum
1467 1703 1628 1773 frequentia
1638 1702 1696 1771 jam
1721 1715 1826 1757 occur-

116 1798 267 1850 roustante
287 1794 484 1864 persecutione
507 1794 562 1851 suh
576 1795 719 1862 cornelio,
746 1797 776 1853 in
801 1797 947 1870 catalogis
1002 1801 1201 1864 rereaquarto
1213 1793 1321 1849 Christi
1335 1791 1449 1858 seculo,
1463 1805 1526 1862 qua
1545 1797 1671 1860 tempora
1691 1803 1826 1859 compro-

117 1883 170 1941 sub
180 1881 308 1951 liberio,
322 1889 350 1939 ct
358 1883 450 1938 Felice
460 1883 504 1953 lV,
516 1884 544 1939 in
556 1884 678 1956 picturis
692 1884 879 1942 basilicarum
891 1887 946 1943 sub
1000 1882 1069 1938 bent
1084 1883 1251 1954 pontificum
1266 1883 1468 1937 Romanorum.
1481 1879 1556 1949 Quin
1580 1878 1665 1934 etiarn
1688 1876 1826 1948 epistolas

118 1973 232 2030 uchel
261 1979 290 2028 et
314 1972 475 2038 llormisda,
499 1973 528 2029 in
553 1973 683 2030 vitarum
707 1975 900 2045 scriptoribus
917 1981 946 2032 et
1000 1971 1164 2027 eorumdem
1191 1971 1313 2042 posteris
1332 1982 1394 2026 esse
1414 1969 1607 2039 preservatas,
1621 1979 1677 2024 oon
1695 1966 1753 2035 jam
1776 1977 1826 2035 per

118 2061 310 2118 lectionariis
320 2061 453 2117 Ecclesiae
468 2061 619 2118 codicibus
629 2076 679 2132 per
689 2070 787 2119 etates
797 2063 863 2120 inde
874 2078 948 2121 con-
1001 2068 1096 2132 partes
1118 2067 1146 2117 et
1156 2060 1323 2133 fragmenta,
1337 2065 1368 2114 ut
1384 2059 1413 2113 in
1427 2056 1548 2112 historia
1560 2054 1687 2124 Eusebil,
1699 2054 1748 2110 sed
1765 2054 1825 2123 ple·

116 2153 230 2207 soeutas
246 2149 408 2206 continenti
422 2150 496 2206 serie
512 2151 651 2222 usquead
667 2157 811 2208 nostram:
829 2153 876 2208 cui
890 2152 947 2208 da-
1002 2165 1124 2222 rumque
1140 2151 1266 2221 integras
1278 2154 1342 2220 post
1352 2146 1502 2207 Siricium,
1518 2149 1551 2199 ut
1564 2143 1745 2198 eruditorum
1756 2154 1825 2197 cou-

119 2243 179 2295 tum
200 2243 248 2295 est
272 2251 308 2295 ex
334 2238 479 2296 universis
494 2240 722 2310 praecedentibus
744 2240 818 2296 hanc
842 2240 945 2297 nubem
1001 2253 1088 2296 sensu
1104 2240 1162 2309 iarn
1176 2239 1276 2310 liquet.
1295 2237 1346 2292 llis
1370 2234 1499 2292 addenda
1516 2236 1585 2287 sunt
1598 2228 1753 2300 equalium
1769 2242 1826 2285 au-

117 2327 248 2399 testium,
263 2328 399 2400 colligere
414 2329 700 2386 adversusinnidiam
710 2329 945 2396 declamantium,
1000 2335 1113 2384 ctorum
1133 2326 1315 2383 testimonia:
1333 2322 1525 2379 Ecclesiarum
1540 2318 1677 2390 origines,
1697 2320 1749 2372 aut
1778 2316 1829 2372 in-

119 2423 260 2488 praerepta
275 2416 359 2473 uobis
369 2416 461 2472 luisse
473 2418 643 2473 documenta
654 2430 747 2473 aureae
759 2416 841 2473 illius
852 2419 947 2474 aetatis
1000 2424 1143 2473 crementa
1167 2429 1216 2486 per
1237 2416 1316 2484 ipsos
1339 2414 1456 2480 curata,
1481 2408 1555 2464 aedes
1581 2419 1668 2489 sacrae
1690 2403 1825 2473 fundatae,

117 2507 298 2573 antistitum,
312 2506 356 2562 vel
378 2507 501 2575 incuria,
516 2507 558 2563 vel
582 2507 739 2576 discordia,
771 2508 812 2564 vel
829 2507 944 2580 tabulis,
1001 2512 1107 2561 ornatae
1118 2505 1160 2561 vel
1176 2505 1317 2561 restituta
1332 2516 1396 2559 curn
1413 2494 1655 2569 inscriptionibus
1665 2494 1801 2566 genuinis
1816 2510 1825 2555 t

120 2595 213 2666 inepte
227 2596 372 2651 contextis
392 2609 441 2666 per
457 2594 584 2668 gregales
601 2595 785 2666 litteratores,
811 2596 947 2667 inexplo-
1000 2593 1077 2666 leges
1093 2595 1166 2662 latae,
1180 2594 1331 2666 privilegia
1344 2602 1494 2652 concessa;
1512 2585 1617 2640 itinera
1631 2582 1753 2653 publicae
1773 2597 1828 2640 ne-

118 2690 177 2740 rata
190 2698 315 2756 quaeque
338 2698 387 2752 pro
409 2684 485 2739 neris
499 2686 635 2740 audacter
649 2683 843 2740 obtrudentes.
859 2686 946 2742 Nulla
1000 2684 1145 2740 cessitatis
1157 2697 1243 2740 causa
1251 2680 1475 2752 suscepta3ritae
1486 2675 1601 2732 illorum
1620 2672 1655 2729 ab
1667 2671 1828 2746 aequalibus

119 2772 311 2829 honhistoria
321 2772 564 2846 autchronologia
573 2772 707 2843 pluribus
726 2774 840 2830 sarculis
856 2775 884 2829 in
898 2789 947 2844 pu·
1002 2773 1171 2844 plerumque
1192 2771 1387 2842 scriptoribus
1402 2770 1511 2827 litteris
1530 2770 1687 2826 mandatae:
1702 2768 1731 2821 et
1745 2775 1828 2834 quae-

120 2860 193 2917 blica
218 2860 287 2917 luce
306 2860 398 2931 posita
424 2861 518 2930 patuit
541 2861 694 2919 conatibus
718 2864 892 2934 scriptorum
918 2868 947 2920 et
1001 2875 1115 2932 cunque
1136 2867 1304 2933 argumenta
1326 2859 1456 2915 historiae
1470 2862 1646 2915 connectunt
1667 2848 1827 2910 christiani

120 2948 343 3021 descriptorum,
356 2953 412 3004 tam
425 2951 778 3022 perstatescuttasquam
798 2950 945 3009 barbaras.
1000 2955 1198 3020 coetuscaput,
1209 2948 1319 3004 christi
1330 2948 1359 3004 in
1370 2948 1617 3015 terrisricarium,
1636 2957 1701 3000 cum
1715 2939 1829 3009 reliquo

120 3017 1135 3110 rtuttapmindeimmunisiuitanecessttatesecernendi,thctesiae
1156 3051 1274 3108 corpore
1305 3036 1412 3107 ubique
1443 3036 1571 3106 gentium
1606 3044 1740 3103 expanso.
1774 3029 1830 3082 Nec

121 3127 279 3197 prasertim
308 3127 338 3182 in
362 3125 575 3198 chronologicis
611 3129 748 3192 numeris,
785 3143 947 3202 germanam
1001 3130 1106 3185 desunt
1122 3127 1151 3183 in
1167 3126 1366 3196 compluribus
1378 3125 1463 3181 etiam
1480 3122 1655 3194 sepulcrales
1676 3117 1756 3177 tituli
1781 3120 1830 3171 at-

122 3214 272 3272 lectionem
290 3216 386 3273 idonei
395 3219 557 3288 scriptoris,
572 3221 691 3291 eiusque
699 3220 830 3277 codicum
840 3221 949 3292 proba·
1003 3232 1059 3289 que
1074 3215 1288 3286 inscriptiones,
1304 3221 1332 3269 et
1346 3227 1380 3268 en
1396 3212 1442 3268 his
1458 3212 1602 3267 nonnulla
1627 3225 1643 3265 a
1659 3207 1775 3279 regibus
1801 3208 1831 3258 et

123 3309 213 3360 torum
224 3303 948 3378 publicauactoritate,adisorepantinumeratione
1002 3307 1142 3378 Augustis
1168 3303 1287 3359 honoris
1308 3314 1394 3357 causa
1420 3305 1558 3355 exaratae:
1590 3296 1665 3367 quod
1694 3291 1830 3366 praestitit

124 3392 299 3461 prirstomm
314 3394 520 3465 exemplorum,
541 3398 810 3454 commentariorum
820 3404 849 3454 et
865 3411 948 3455 ama·
1001 3392 1260 3450 hdrianocarolus
1282 3393 1468 3463 cognomento
1489 3389 1618 3459 Magnus.
1644 3385 1673 3441 Si
1701 3380 1768 3454 quis
1796 3379 1827 3434 in

126 3482 287 3539 nuensium.
316 3484 352 3539 Ut
379 3485 456 3540 enim
483 3487 616 3542 reticeam
641 3487 778 3543 celebrem
804 3487 883 3543 illam
917 3489 945 3544 in
1002 3492 1081 3542 tanta
1106 3485 1342 3539 documentorum
1370 3478 1453 3547 copia
1464 3473 1639 3544 despondeat
1669 3473 1766 3530 animo
1796 3488 1829 3530 ar.

127 3568 260 3628 dmlesiis
276 3573 472 3643 questionem.
496 3588 581 3645 quarn
596 3577 623 3630 S.
646 3575 826 3647 Augustinus
842 3575 893 3632 lib.
910 3589 946 3631 xv
1002 3576 1132 3644 desperet
1147 3571 1337 3626 homanorum
1358 3565 1524 3636 pontificum
1553 3560 1677 3631 epochas
1692 3563 1827 3635 prosequi

126 3660 268 3731 decinit,
285 3673 345 3730 cap.
364 3658 407 3730 tt,
423 3665 636 3729 tamosissimam
648 3663 782 3734 appellat.
799 3665 946 3722 subortam
1002 3677 1054 3719 nos
1078 3673 1168 3730 posse,
1191 3659 1216 3713 is
1234 3655 1359 3727 prolecto
1375 3652 1518 3709 abstineat
1533 3663 1647 3706 necesse
1665 3656 1708 3705 cst
1722 3663 1738 3706 a
1752 3664 1829 3721 qua-

127 3749 365 3819 exdtscrepantia
383 3752 545 3808 Graecorum
569 3753 700 3809 codicum
716 3753 751 3808 ab
775 3755 902 3810 llebraeis
917 3756 946 3812 in
1002 3763 1115 3820 cunque
1131 3747 1264 3804 tentanda
1284 3741 1468 3813 chronologia
1495 3739 1657 3811 principum
1680 3745 1709 3795 ct
1724 3753 1830 3811 regno-

127 3838 289 3895 centenario
298 3851 438 3895 annorum
450 3855 569 3897 numero
580 3840 708 3913 plurium
719 3843 948 3912 patriarcharum
1004 3854 1079 3909 rum,
1090 3852 1154 3895 cum
1165 3835 1243 3892 nulla
1254 3834 1343 3889 series
1354 3829 1568 3901 presidentium
1579 3828 1746 3898 reipublice
1762 3841 1831 3901 qua·

126 3926 185 3983 ritae
199 3926 336 3984 addendo
350 3927 392 3983 vel
406 3929 592 3998 detrahendo,
606 3936 635 3986 et
648 3930 749 3986 sistam
764 3932 839 3986 intra
863 3931 950 3989 lucu·
1004 3930 1075 3987 tibet
1088 3930 1226 3999 potestate
1242 3921 1405 3993 persecuta
1422 3917 1621 3989 septemdecim
1646 3916 1826 3987 ostendatur,

129 4014 270 4074 bratioues
293 4016 425 4074 humanae
458 4024 570 4075 tantum
591 4020 743 4076 industriae
770 4021 949 4078 adminiculo
1003 4033 1067 4091 quar
1091 4014 1274 4087 singulorum
1299 4016 1376 4083 gesta
1406 4014 1434 4064 et
1462 4006 1580 4062 annales
1604 4004 1768 4075 comprobet
1787 4011 1830 4062 tot

129 4105 255 4177 scriptas,
271 4105 409 4163 fastorum
420 4107 587 4165 collectores
597 4109 703 4177 Latini,
718 4114 759 4164 tot
779 4109 947 4165 criticorum
1003 4107 1194 4173 documentis,
1223 4107 1293 4175 quot
1318 4101 1553 4156 demonstrantur
1571 4101 1599 4150 ct
1635 4094 1770 4166 leguntur
1799 4094 1830 4149 ln

128 4198 232 4267 iudicio
243 4199 338 4255 retati
356 4198 385 4253 ln
402 4199 579 4254 restituenda
593 4199 745 4254 consulum
761 4199 845 4269 serie,
862 4211 948 4270 quam
1003 4203 1100 4266 aperta
1112 4191 1243 4250 Ecclesia
1260 4189 1368 4246 lucede
1384 4187 1458 4241 Petri
1475 4183 1598 4255 apostoli
1613 4180 1831 4238 successoribus

131 4286 181 4343 sire
195 4301 250 4343 suo
265 4286 328 4342 sire
338 4286 537 4356 imperitorum
561 4288 780 4343 amanuensium
794 4288 867 4343 vitio
879 4301 947 4343 cor·
1003 4294 1031 4341 et
1046 4283 1109 4341 orbi
1129 4282 1295 4338 Christiano
1318 4272 1540 4348 presidentibus
1561 4285 1595 4328 ex
1614 4272 1750 4328 cathedra
1771 4270 1831 4326 lio-

133 4382 271 4447 ruperant,
294 4381 378 4432 aetate
398 4383 491 4432 autem
515 4381 614 4433 nostra
635 4375 671 4432 ab
691 4377 840 4433 erroribus
861 4376 949 4432 ferme
963 4374 991 4435 l)
1005 4387 1096 4431 mana.

134 4464 865 4538 omnibusexpurgati,satissuperquecomprobant‚
886 4470 948 4521 utt-

164 4589 446 4662 (oistoottagnus,
462 4604 546 4647 serm.
561 4591 630 4648 des
658 4590 790 4646 laurent.
1038 4579 1317 4658 (bllll’etr.1r,l5.
