3892 6136
117 254 186 315 lton

736 247 917 306 antstxsn
934 246 1206 308 nmuontttcxntt

1757 243 1823 304 titt

116 379 365 450 consuetudinem,
386 378 489 450 utique
506 391 613 447 reram,
628 357 713 449 cnjus
725 381 849 434 attamen
864 377 944 434 reri·
955 371 985 433 A
995 377 1083 447 citur,
1093 377 1123 432 in
1137 389 1195 448 qno
1207 375 1304 434 bostes
1311 374 1475 447 apostolicae
1487 374 1567 433 sedis
1579 372 1728 433 oblectari
1738 377 1823 432 muto

118 454 368 512 tatisdocumenta
380 463 436 506 non
447 449 674 520 proterebantur.
689 449 872 506 Consuetudo
887 450 943 506 ista

118 533 247 583 revocata
257 522 350 580 inerat
361 524 391 578 in
400 521 521 578 dubium
533 535 626 577 coram
636 522 778 592 cypriano
788 522 943 592 perigrip·

120 598 232 668 pinum,
247 608 336 650 unum
347 607 379 650 ex
390 593 453 649 sois
466 592 677 661 decessoribus,
692 593 721 647 in
735 593 858 663 quodam
868 606 942 648 con-

117 668 186 725 cilio
208 667 323 736 aliquot
342 666 542 735 episcoporum
570 663 694 720 diricae:
719 677 783 733 quae
798 663 887 719 dubia
913 669 941 720 et

118 739 292 808 quaestiones
311 737 368 792 nisi
391 736 612 804 praecessissent,
643 735 717 790 nibil
732 748 822 790 ausus
836 733 940 791 luisset

116 810 278 880 Cyprianus
294 806 461 863 ratiocinari
475 812 575 862 contra
587 808 650 876 ejus
662 805 884 862 consuetudinis
898 820 940 862 as·

118 881 283 936 sartionem.
300 882 330 934 ln
347 892 416 934 casu
427 883 512 933 tantae
533 878 732 947 obscuritatis,
756 885 820 947 post
835 876 939 933 librata

119 966 182 1022 quae
200 952 266 1006 binc
279 948 481 1014 atterebantur,
493 956 522 1005 et
536 963 598 1019 quan
614 948 725 1004 videbat
742 950 802 1018 ipse
814 949 849 1004 de
867 963 940 1004 con-

118 1023 271 1079 suetudine
300 1023 340 1078 ita
360 1020 476 1077 robusta
496 1027 582 1089 atque
592 1026 718 1086 extensa,
734 1027 761 1074 et
777 1033 840 1089 quae
854 1019 937 1075 illinc

117 1107 151 1149 ex
164 1094 283 1150 adverso
292 1099 434 1161 repererat
445 1090 630 1148 constabilita
644 1091 672 1146 in
687 1092 802 1160 propria
812 1091 938 1147 Ecclesia

117 1179 150 1219 ex
171 1165 344 1220 auctoritate
357 1161 475 1219 concilii
497 1162 550 1219 sub
568 1164 588 1217 Α
612 1163 728 1230 rippino
743 1180 750 1228 3
768 1161 940 1231 prolixioris

118 1234 227 1291 laboris
243 1243 380 1305 pertaesus
395 1235 424 1288 in
436 1179 622 1303 suscipiendo
642 1233 775 1288 ulteriori
796 1234 938 1304 examine,

118 1307 222 1362 maluit
234 1308 316 1377 sequi
329 1307 513 1361 decessorum
527 1318 646 1361 suorum
665 1305 795 1374 proxima
804 1304 935 1375 uestigia.

119 1372 938 1448 oSedquia,naitdug.,ibid.,cap.8,rtuncnonexsti·

117 1455 211 1504 terant
222 1448 338 1518 nisiqui
352 1448 377 1502 ei
394 1447 631 1503 consuetudinem
642 1451 828 1515 opponerent,
846 1446 941 1502 noluit

117 1520 210 1576 ueraci
262 1520 367 1587 uidem,
390 1518 437 1573 sed
455 1518 580 1574 nondum
602 1523 717 1572 assertae
736 1517 940 1574 consuetudini

116 1592 224 1647 cedere.
267 1604 330 1645 uam
346 1598 438 1645 tamen
459 1589 694 1644 consuetudinem
708 1589 765 1643 nisi
782 1588 860 1658 prior
875 1596 941 1645 ante

116 1662 304 1731 agrippinus,
316 1667 343 1716 et
354 1659 486 1716 nonnulli
501 1657 681 1729 perniricam
690 1659 853 1729 coepiscopi
866 1661 938 1730 elus,

997 460 1062 520 pere
1076 447 1197 503 valeant.

1030 518 1109 588 Quod
1125 525 1220 575 autem
1233 519 1268 575 ad
1288 531 1336 575 eos
1354 518 1488 588 pertinet,
1510 518 1561 588 qui
1574 517 1661 573 salva
1677 520 1822 588 quamde-

995 591 1061 647 bent
1074 589 1248 659 obedientia,
1263 590 1400 647 videntur
1411 589 1487 646 trabi
1504 589 1658 659 voluptate
1668 591 1821 645 altercandi

994 669 1022 717 et
1036 662 1201 717 occasiones
1226 662 1374 732 inquirere
1397 661 1570 731 disputandi
1594 659 1734 716 deillius
1755 662 1822 717 sedis

993 733 1167 789 auctoritate
1179 731 1577 804 :debentdiligentercaxerm
1586 744 1624 788 ne
1633 732 1820 803 imaginesibi

994 805 1140 876 proposita
1157 804 1184 859 id
1207 802 1347 860 efficiendi
1359 805 1435 875 quod
1450 803 1591 860 asanctis
1606 808 1760 872 peractum
1775 819 1821 873 pn·

994 880 1065 944 tant,
1083 875 1209 931 illudant
1221 874 1278 931 sibi
1294 884 1322 930 et
1336 875 1470 931 Ecclesiae
1481 874 1554 930 falsa
1572 876 1676 943 specie
1688 875 1821 930 imitatio·

995 948 1052 1003 nis.
1069 945 1256 1002 considerare
1264 947 1350 1002 etiam
1362 946 1465 1003 debent
1477 959 1542 1001 cum
1561 944 1650 1002 beato
1664 945 1819 1010 Ambrosio,

994 1017 1820 1088 nesanctosquidemubiqueiuissecompotesomnimoda

994 1087 1199 1160 perfectionis,
1224 1102 1347 1160 cumque
1370 1090 1468 1144 eadem
1484 1102 1542 1159 qua
1560 1101 1617 1143 nos
1643 1094 1753 1144 natura
1764 1103 1819 1144 cor-

994 1176 1029 1216 ru
1051 1167 1078 1216 ta
1086 1166 1259 1228 constarent,
1273 1160 1437 1216 infirmitati
1449 1173 1569 1230 quoque
1579 1165 1693 1215 nostra
1703 1166 1820 1229 poterant

994 1176 1152 1301 subjacere.
1171 1233 1258 1287 «Non
1281 1241 1390 1287 natura
1415 1231 1635 1300 praestantioris
1661 1231 1766 1298 tuisse,
1780 1232 1818 1288 sed

994 1303 1236 1370 observantioris3
1252 1315 1303 1358 nec
1315 1303 1385 1358 uitia
1396 1303 1569 1370 nescivisse,
1583 1303 1635 1358 sed
1650 1303 1818 1359 emendasse.

993 1373 1107 1443 Quodsi
1124 1374 1330 1439 invidiactiam
1341 1374 1596 1440 sanctosadussit,
1637 1376 1819 1446 uantomagis

995 1444 1149 1501 carendum
1165 1452 1256 1500 estne
1270 1446 1426 1501 inflammet
1442 1389 1683 1515 peccatoresgffi.
1700 1445 1817 1501 ambros

994 1516 1028 1570 dc
1040 1517 1069 1570 S.
1096 1515 1225 1585 toseplrl.
1242 1517 1405 1572 correxisse
1428 1524 1523 1572 autem
1543 1517 1636 1572 istam
1657 1518 1818 1573 sententian

995 1600 1051 1642 non
1080 1586 1245 1642 invonitur:
1271 1601 1326 1642 non
1355 1589 1586 1659 incongruenter
1605 1589 1755 1644 tamende
1778 1590 1818 1643 tali

995 1659 1057 1713 viro
1070 1658 1296 1714 existimandum
1307 1664 1359 1730 est,
1370 1660 1444 1728 quod
1462 1659 1650 1728 correxeri13
1667 1665 1698 1715 et
1712 1659 1819 1716 fortasse

117 1735 203 1788 etiam
220 1747 269 1802 per
280 1731 395 1787 concilii
414 1732 572 1787 sententias
583 1731 726 1787 disserere
741 1732 938 1801 tentavissent,
995 1742 1180 1797 suppressum
1196 1729 1234 1785 sit
1244 1729 1280 1784 ab
1297 1729 1350 1796 eis,
1366 1730 1415 1800 qui
1431 1729 1485 1786 boc
1501 1743 1607 1786 errore
1619 1731 1748 1788 nimium
1760 1731 1819 1786 dele

117 1818 174 1860 non
193 1804 311 1859 auderet
326 1803 380 1858 iste
402 1801 501 1857 saltem
528 1801 695 1858 ratiocinari
708 1803 845 1857 adversus
859 1815 934 1857 eam.
958 1795 979 1853 Β
994 1800 1063 1857 ctati
1079 1809 1157 1869 sunt,
1173 1805 1202 1855 et
1215 1806 1296 1856 tanto
1309 1801 1385 1857 velut
1411 1801 1578 1871 patrocinio
1602 1815 1710 1859 carere
1731 1804 1817 1858 nolue-

116 1875 169 1931 Sed
186 1873 216 1929 in
233 1881 288 1930 tam
305 1873 428 1930 obscura
442 1875 601 1942 questione
616 1873 760 1943 turbatus,
785 1880 813 1929 et
830 1873 938 1942 ubique

119 1947 235 2002 intuens
263 1944 451 2000 universalem
475 1944 680 2014 robustamque
701 1944 938 1999 consuetudinem

117 2022 274 2073 coarctaret
288 2030 318 2073 se
334 2017 497 2086 potius.....
515 2017 567 2072 Sed
582 2030 646 2071 cum
662 2014 813 2085 fatigatum
830 2029 938 2084 praece-

116 2088 212 2144 dentis
239 2087 370 2155 concilii,
392 2088 468 2158 quod
487 2101 534 2156 per
547 2087 740 2158 agrippinum
762 2085 937 2154 factumest,

115 2158 937 2228 excepissetauctoritas,maluitpraedecessorumsuorum,

116 2231 410 2357 taalnquffxxssinxentum
421 2229 581 2295 defendere,
597 2243 681 2300 quam
691 2228 865 2299 inquirendo
875 2243 939 2284 am-

152 2316 197 2357 xus
224 2314 239 2355 a
261 2314 382 2356 orare.»

118 2317 135 2372 p
152 2372 362 2429 concludemus
382 2371 489 2441 itaque,
512 2372 540 2426 in
557 2372 698 2428 sententia
711 2370 786 2426 beati
801 2371 937 2441 Cypriani

119 2443 304 2515 questionem
331 2442 375 2498 illi
398 2456 453 2498 non
468 2444 557 2498 visam
574 2444 609 2499 de
624 2442 691 2499 ildei
717 2443 858 2513 dogmate,
873 2457 938 2499 cum

119 2515 247 2584 separari
268 2514 424 2571 noluerita
449 2516 650 2570 communione
663 2527 727 2569 cum
742 2514 854 2569 caeteris
873 2528 888 2569 a
909 2527 938 2570 se

118 2585 229 2640 diversa
244 2584 447 2651 sentientibus,
460 2585 535 2655 quod
553 2583 644 2641 iacere
659 2587 761 2653 utique
779 2584 937 2656 debuisset,

119 2656 145 2710 si
165 2668 214 2710 eos
229 2655 377 2711 haereticos
390 2656 557 2723 judicasset.
575 2658 659 2710 Juxta
674 2655 809 2724 placitum
823 2669 888 2711 vero
903 2656 933 2712 S.

117 2725 276 2795 Augustini
290 2724 428 2796 agebatur
446 2727 481 2780 de
496 2739 529 2779 ne
550 2727 609 2781 otio
623 2727 662 2781 ita
676 2725 798 2781 obscuro
810 2725 870 2795 (per
884 2729 939 2783 ad-

119 2797 270 2852 mistiones
285 2794 439 2865 gestorum)
456 2802 489 2851 ut
502 2742 563 2851 snio
580 2803 634 2851 tem
656 2797 716 2851 oris
735 2795 872 2853 beneticio
885 2798 939 2853 de-

120 2868 176 2939 tegi
191 2868 306 2936 penitus
326 2871 430 2936 posset,
446 2873 474 2922 et
491 2867 519 2921 in
532 2881 588 2938 quo
600 2812 656 2922 ang

118 2938 361 3008 tamina,concilii
393 2938 937 3008 leuariiopemdesiderantiaadeadem

116 3016 214 3065 exacte
231 2953 413 3080 miserenda.
429 3011 497 3064 Erat
520 3023 621 3079 nempe
636 3008 845 3079 comprobanda
868 3012 939 3066 uni-

661 2866 761 2922 ibenda
773 2874 854 2922 erant
872 2874 940 2924 ten-

994 1877 1070 1927 runt.
1087 1889 1100 1920 n
1116 1871 1154 1941 (S.
1172 1871 1245 1943 Aug.
1261 1874 1339 1942 epist.
1356 1869 1400 1942 ts,
1413 1871 1452 1926 cd
1468 1871 1613 1941 Vincent,)

1028 1943 1216 1998 considerare
1230 1944 1317 1998 etiam
1329 1944 1432 1998 debent
1443 1947 1557 1999 attente
1575 1944 1740 2001 baecnerba
1757 1946 1818 2000 llin-

993 2014 1082 2069 centii
1094 2013 1263 2083 Lirinensis,
1276 2028 1397 2140 quorum
1408 2014 1516 2071 ueritas
1526 2015 1724 2073 continenter
1733 2016 1818 2072 conir-

994 2091 1067 2140 mata
1080 2091 1107 2140 et
1122 2093 1267 2154 perspecta
1296 2086 1340 2140 uit
1353 2086 1568 2155 experimentis
1583 2087 1725 2156 cujusvis
1739 2089 1817 2143 atatis

993 2163 1153 2212 consecutae
1173 2170 1297 2227 :nempe
1320 2156 1497 2213 tantumdem
1528 2156 1721 2227 praefulsisse
1741 2160 1816 2215 zelun

992 2227 1129 2296 Stephani
1147 2241 1225 2298 papan
1240 2227 1388 2298 suprareli
1413 2242 1517 2285 uorum
1531 2230 1744 2300 episcoporum
1755 2231 1815 2302 rigo

994 2313 1052 2354 mm
1074 2299 1129 2368 qui
1150 2299 1271 2354 novitati
1294 2298 1403 2355 obsiste
1423 2306 1483 2366 ant,
1509 2307 1664 2371 quantum
1680 2315 1766 2372 snpra
1778 2315 1817 2357 eos

993 2369 1136 2439 dignitate
1145 2369 1288 2426 catbedrae
1297 2370 1462 2427 elevabatur
1474 2390 1481 2437 3
1493 2377 1526 2426 et
1543 2372 1574 2427 in
1584 2373 1675 2430 exitu
1688 2374 1771 2443 bulas
1782 2387 1816 2428 ne

994 2441 1066 2514 gotii
1083 2446 1260 2510 perspectum
1273 2441 1488 2511 perindelnlssc
1499 2443 1580 2511 quod
1590 2445 1623 2500 in
1634 2445 1816 2501 similibusde

994 2526 1071 2568 more
1085 2514 1218 2583 contigit,
1231 2526 1331 2582 nempe
1342 2514 1447 2570 vicisse
1457 2527 1549 2570 causa
1563 2516 1782 2587 antiquitatem,
1794 2524 1817 2571 et

993 2583 1140 2653 explosam
1156 2582 1248 2640 luisse
1272 2585 1435 2640 novitatem.
1452 2587 1552 2641 «Tum
1569 2585 1667 2643 beatas
1689 2588 1817 2644 memoria

992 2654 1155 2725 Stephanus
1181 2655 1346 2725 apostolicae
1367 2656 1446 2712 sedis
1468 2658 1613 2725 antistes,
1630 2673 1699 2715 curn
1720 2660 1816 2716 ceteris

993 2725 1816 2802 quidemcoltegissuis,sedpraecaeterisrestitit:dignum

992 2797 1336 2868 utopinor,existimans,
1348 2799 1373 2853 si
1385 2799 1517 2870 reliquos
1526 2814 1635 2857 omnes
1644 2808 1755 2859 tanturn
1764 2802 1815 2857 idei

992 2869 1142 2925 devotione
1157 2870 1294 2938 vinceret,
1308 2876 1448 2939 quantum
1469 2870 1528 2926 loci
1544 2875 1728 2929 anctoritate
1743 2888 1817 2942 supe·

994 2939 1108 2995 rabat...
1122 2940 1194 3009 Quis
1202 2953 1269 3012 ergo
1285 2947 1345 2996 tum
1361 2942 1490 2997 universi
1505 2943 1817 3015 negotiiexitusiQuis

994 3012 1104 3081 utique,
1122 3012 1180 3067 nisi
1190 3013 1326 3081 usitatus,
1337 3020 1365 3068 et
1374 3012 1480 3069 solitus
1492 3013 1509 3068 ‘l
1523 3015 1652 3071 Retenta
1668 3015 1816 3073 estscilicet

117 3081 268 3138 rersaliias
281 3080 520 3137 consuetudinis:
539 3082 568 3138 id
591 3087 644 3150 est,
661 3095 728 3137 num
743 3080 810 3136 talis
826 3097 898 3138 usus
912 3088 940 3138 et
992 3083 1165 3152 antiquitas,
1180 3087 1207 3138 et
1222 3083 1339 3154 explosa
1358 3084 1480 3141 nouitas.
1502 3085 1570 3157 a(S.
1588 3088 1726 3145 vincent.
1739 3089 1814 3144 lirin.

118 3153 192 3209 ratio
204 3151 368 3221 disciplinae
378 3151 536 3208 conlormis
549 3152 677 3208 nubenda
690 3150 763 3208 toret
776 3152 940 3209 traditioni·
992 3158 1087 3208 contro
1097 3154 1188 3209 beret.
1204 3167 1267 3224 cap.
1282 3154 1322 3226 9.)

118 3221 172 3280 bns
186 3225 315 3280 omnium
328 3224 527 3280 Ecclesiarnm.
541 3223 620 3280 Nihil
634 3223 819 3294 planeadlxnc
832 3213 978 3296 perspi-C

130 3397 1809 3428 —ss-—Q

658 3570 773 3644 XXV.
813 3569 1002 3643 SANCTUS
1035 3571 1187 3643 sixtus
1221 3575 1270 3643 ll.

534 3764 622 3810 anno
637 3765 768 3811 cnnxsnx
782 3749 853 3829 260,
870 3765 1046 3810 antumant
1060 3766 1102 3810 nn
1116 3765 1264 3812 conmuni
1277 3768 1346 3812 inan.
1363 3752 1396 3812 6.

260 4050 315 4112 25
349 4050 484 4131 dietas,
514 4051 653 4117 natione
674 4053 818 4131 arcens,
845 4070 886 4117 ec
921 4051 1133 4136 philosopho,
1159 4053 1245 4117 sedit
1281 4070 1388 4117 annos
1425 4051 1522 4130 duos,
1555 4071 1697 4120 menses
1728 4053 1816 4118 undo·

242 4147 319 4223 cim,
349 4149 420 4211 dies
446 4165 503 4213 sex
519 4161 565 4211 ι.
595 4152 769 4230 Martyria
800 4155 992 4217 coronator.
1028 4152 1113 4216 Fnit
1161 4155 1273 4215 autem
1311 4151 1518 4234 tenporibus
1568 4153 1755 4220 Valeriani
1794 4153 1816 4213 et

241 4246 339 4309 Decii
357 4245 397 4320 b,
426 4265 492 4327 quo
518 4249 664 4328 tempore
686 4249 751 4310 fuit
776 4249 925 4311 maximo
951 4252 1145 4331 persecutio.
1173 4251 1297 4316 Eodem
1325 4254 1473 4331 tempore
1498 4251 1558 4315 hic
1573 4253 1816 4335 comprehensus

242 4360 263 4405 a
290 4343 479 4423 Valeriano,
509 4347 542 4407 ci
576 4344 695 4407 ductus
724 4349 762 4407 ut
788 4346 989 4411 sacrificaret
1014 4348 1199 4429 daemoniis,
1227 4350 1309 4431 quia
1336 4349 1539 4429 contempsit
1570 4356 1742 4435 praecepta
1762 4352 1816 4413 l'x-

159 4439 179 4500 5
238 4441 370 4521 leriam,
387 4441 496 4522 capite
510 4445 687 4505 truncatus
711 4447 772 4524 est,
795 4447 828 4506 ei
850 4463 926 4508 cum
957 4460 995 4508 eo
1021 4447 1080 4508 olii
1102 4463 1160 4509 sex
1184 4447 1331 4526 diaconi,
1356 4445 1601 4512 Felicissimo
1620 4461 1662 4526 0,
1692 4453 1726 4514 et
1742 4448 1816 4528 dpa-

235 4541 349 4622 pitas,
369 4541 565 4606 Jannarins
589 4544 621 4604 et
640 4545 803 4623 Magnas,
836 4543 1035 4608 Vincentius
1054 4547 1086 4607 et
1103 4543 1315 4626 Stephanos,
1327 4544 1389 4607 sub
1407 4544 1462 4608 die
1487 4546 1620 4608 sentod
1649 4548 1739 4613 Idas
1760 4544 1816 4609 Aa·

232 4640 340 4720 pasti.
357 4641 399 4702 Et
411 4639 594 4720 presbyteri
609 4640 814 4721 praefuerunt
825 4657 845 4707 o
858 4640 1039 4707 consulein
1055 4644 1203 4707 Maeimi
1229 4648 1262 4707 et
1285 4642 1452 4708 nacionis
1468 4655 1504 4722 0,
1535 4661 1652 4726 casque
1692 4647 1739 4709 ad
1758 4657 1814 4706 cor·

233 4736 388 4800 salainrn
416 4738 521 4802 Prosci
552 4741 585 4802 et
608 4740 713 4803 Bassi
736 4759 794 4803 xnx
816 4738 828 4781 f
849 4741 1028 4806 Kalendas
1065 4740 1227 4821 Anpnsti.
1250 4743 1319 4818 Qno
1341 4745 1495 4822 iennpore·
1508 4744 1711 4808 saevissima
1733 4752 1816 4823 perti

244 4835 378 4897 cutione
401 4834 608 4913 arguebatur
631 4836 750 4900 beatus
765 4837 879 4901 Sixtus
900 4837 962 4900 sub
988 4838 1097 4902 Decio.
1113 4841 1164 4902 Ei
1184 4843 1264 4922 post
1286 4840 1482 4921 passionem
1507 4839 1603 4906 beati
1631 4843 1733 4907 Sinai
1761 4835 1814 4920 poti

164 4934 199 4994 10
236 4933 342 4996 tertia
370 4933 425 4996 die
451 4949 579 5015 passas
602 4938 652 4998 est
676 4938 709 4998 et
735 4935 851 4999 beatas
869 4937 1080 5002 Laurentius
1102 4939 1178 5018 ejas
1197 4935 1471 5017 arclidiaeonns,
1494 4942 1626 5019 pannio
1672 4940 1750 5005 Idus
1765 4941 1812 4999 dn·

236 5031 329 5108 gusti
370 5034 402 5095 et
443 5030 603 5094 Claudius
622 5033 859 5111 subdiaconus,
887 5039 919 5098 et
946 5034 1096 5100 Seuerus
1132 5036 1324 5118 precanter,
1364 5039 1397 5100 et
1436 5035 1669 5102 crescentias
1721 5037 1811 5107 ledat

234 5133 267 5194 et
292 5132 466 5194 Romanas
489 5131 698 5195 ostiariasa
732 5133 802 5196 Hic
833 5132 917 5215 fecit
950 5135 1183 5199 ordinationes
1205 5135 1292 5199 daas
1317 5134 1333 5178 ¹²
1357 5150 1424 5216 per
1449 5151 1601 5199 ocensem
1623 5133 1817 5204 Damius„

227 5227 444 5310 praeoptares
484 5233 642 5310 quatiant,
682 5228 840 5293 diaconos
874 5234 1012 5312 septem,
1048 5233 1221 5315 episcopos
1256 5249 1317 5314 per
1354 5232 1491 5297 diuerso
1516 5231 1594 5300 loca
1637 5239 1735 5302 dnos.
1769 5225 1810 5306 Qui

231 5353 308 5399 vero
347 5334 505 5417 sepultas
530 5339 580 5400 est
628 5337 667 5401 in
706 5340 885 5403 canneterio
931 5338 1075 5419 Caliati,
1127 5341 1186 5404 uia
1213 5339 1339 5422 Appia,
1379 5341 1467 5405 Nam
1507 5342 1699 5410 cadiaeonx'
1723 5354 1812 5422 snpra·

165 5431 201 5492 15
230 5433 312 5497 dicti
352 5433 475 5514 sepulti
513 5436 593 5496 sunt
619 5435 655 5497 in
681 5438 858 5500 cemeterio
872 5438 1086 5517 Preteatati,
1111 5438 1171 5501 cia
1193 5437 1319 5520 Appia.
1333 5455 1391 5501 vnn
1407 5436 1487 5501 Idus
1515 5442 1686 5524 Augusti,
1710 5441 1811 5506 natu

683 5586 823 5633 NOTULAE
856 5588 1068 5634 Mandtnnttls
1099 5589 1272 5635 FABRO'I'TI.

160 5689 216 5752 ¹13,
230 5700 297 5744 ann.
314 5687 339 5744 l.
354 5692 451 5749 minus
462 5692 491 5748 d.
505 5691 533 5748 8.
560 5693 614 5762 bit,
631 5693 725 5751 valer.
739 5697 768 5751 et
780 5694 843 5752 Gal.
865 5709 882 5751 a
895 5708 970 5752 coss.
984 5696 1047 5754 val.
1064 5710 1092 5753 rr
1102 5702 1131 5754 et
1141 5697 1204 5754 Gal.
1219 5710 1251 5753 ιιι
1266 5696 1299 5753 ad
1312 5696 1476 5755 Memmium
1490 5699 1807 5761 etnumunetsmsm·

125 5781 240 5840 cllari.
264 5784 343 5840 Rom.
366 5787 384 5844 6
412 5790 485 5860 Aug.
506 5789 518 5829 l
541 5791 569 5860 G,
596 5798 705 5850 octavo.
723 5801 734 5830 ⁰
753 5794 780 5861 d,
806 5792 986 5852 Glabrionis.
1010 5797 1020 5838 l
1033 5794 1061 5864 c,
1085 5790 1131 5850 ll.
1147 5794 1275 5850 staron.
1295 5793 1334 5850 cd
1356 5809 1424 5850 ann.
1445 5796 1531 5854 Dora.
1557 5792 1626 5858 ῆι.
1652 5796 1715 5865 13,
1730 5804 1805 5854 naen
