3892 6136
115 286 185 349 ⁴585

528 287 689 344 HISTORIA
709 289 756 344 DE
773 287 862 344 VlTlS
881 287 965 344 ROM.
986 285 1088 344 PON'I'.
1106 318 1141 329 -
1160 289 1188 345 S.
1208 289 1403 346 SlLVESTER.

1748 289 1818 348 4586

114 415 164 470 (ιιι
187 416 250 483 ejus
281 415 468 484 ponitentiae,
494 429 559 470 curn
590 413 695 470 scribit
719 411 1046 472 ConstantinumAlib.
1072 413 1228 484 descript.
1255 414 1361 470 Eccles.
1382 416 1416 471 ad
1440 415 1593 471 sectionem
1617 413 1818 486 Origenis,ita

115 492 242 541 tentasse
256 486 369 541 diluere
387 500 435 554 per
450 487 586 542 lustricas
600 485 779 540 ethnicarum
793 484 939 553 expiatio-

116 570 165 611 nes
177 559 267 611 totius
281 557 347 612 ritae
364 565 476 626 peccata
492 575 497 610 :
516 571 587 627 quas
606 556 792 624 expiationes,
807 568 870 610 cum
885 566 938 608 ne-

116 640 162 681 mo
177 641 209 682 er
222 628 340 682 deorum
355 629 529 683 sacriticnlis
545 628 601 696 ipsi
614 627 750 682 exhibere
765 626 859 690 vellet,
876 637 939 679 mo·

115 699 179 752 nitu
195 699 417 769 AEgyptii,apud
432 700 612 754 Christianos
627 697 839 767 conquirendas
851 709 940 750 cura-

116 769 357 824 ritCalurnniam
376 771 529 839 scriptoris
547 768 653 824 intensi
671 782 726 824 uon
744 766 940 822 minusChri-

116 838 210 895 stiano
220 841 331 894 nomini
348 854 432 911 quarn
442 841 566 910 principi
578 840 749 894 Christiana
763 839 828 894 hdei
842 850 940 893 asser-

118 911 173 965 tori
196 917 224 966 et
237 911 451 980 amplificatam,
473 914 544 966 satis
561 910 666 966 refellit
682 911 824 981 integrum
840 909 940 963 vicen-

116 981 214 1051 nium,
239 983 313 1051 quod
342 996 407 1037 cum
433 982 719 1051 episcopisaliisque
740 978 940 1035 sacerdotibus

114 1051 290 1107 Christianis
306 1053 526 1123 imperatoriam
540 1060 681 1122 exegerat,
699 1053 829 1122 qnotidie
841 1048 942 1105 conle-

118 1134 259 1178 renscum
270 1124 377 1178 eisdem
391 1124 525 1179 deditini
542 1124 638 1179 cultus
653 1124 774 1188 ratione,
790 1138 822 1177 aa
836 1127 942 1190 myste-

117 1193 180 1257 riis,
198 1202 229 1249 ut
245 1195 364 1263 proinde
386 1195 518 1265 ignorare
536 1208 590 1249 non
609 1204 711 1263 posset,
730 1193 886 1249 remedium
900 1204 942 1245 sa·

117 1266 255 1319 crantenti
268 1266 453 1335 paenitentiae,
470 1267 653 1334 peccantibus
664 1273 726 1333 pust
737 1263 871 1333 baptismi
881 1276 940 1317 sus·

118 1335 290 1403 ceptionem,
319 1344 347 1391 et
382 1337 482 1406 culpas
510 1335 681 1392 debentibus
714 1349 728 1390 a
757 1335 941 1389 miseratione

116 1404 226 1461 Christi
246 1419 308 1461 esse
323 1415 466 1476 paratum.
485 1409 548 1461 llaec
563 1413 655 1461 tamen
679 1406 823 1462 calumnia
835 1403 940 1457 Zosimi

118 1473 349 1548 licetoonllngat,
366 1476 437 1533 laisa
452 1477 575 1533 remedia
588 1483 615 1531 et
634 1479 806 1532 exsecrantia
819 1474 941 1530 luissea

116 1544 283 1603 Christiano
311 1548 481 1617 imperatore
507 1550 636 1618 quaesita,
660 1555 783 1602 attamen
811 1546 941 1601 insinuat

116 1629 209 1673 reratn
235 1627 263 1673 et
277 1632 370 1673 acrem
389 1632 538 1675 censuram
554 1621 619 1675 ritae
634 1632 724 1675 suaea
745 1618 792 1687 pio
809 1616 941 1686 principe

116 1690 246 1744 severius
261 1691 423 1744 excitatam.

994 483 1135 539 scribens:
1149 506 1161 536 t
1175 487 1216 540 hd
1234 488 1406 540 hlammnarn
1425 493 1540 541 matrem
1557 487 1710 542 alexandri
1724 499 1818 556 tmpe-

994 555 1816 627 ratorisreligiosatnseminantrogatusvepitantiochiam,

992 632 1020 681 et
1030 640 1141 681 summo
1152 628 1260 682 honore
1273 627 1389 683 habitus
1399 634 1451 697 est,
1464 629 1596 696 quodque
1609 630 1644 684 atl
1655 628 1818 698 Philippum

995 699 1204 764 imperatorem,
1221 699 1271 767 qui
1290 699 1400 766 primus
1411 700 1447 753 de
1460 699 1576 770 regibus
1586 700 1718 754 ltumanis
1730 700 1818 754 Chri-

994 769 1108 823 stianus
1128 769 1195 827 luit.
1211 776 1237 823 et
1260 770 1292 823 ad
1316 776 1432 822 matrem
1457 770 1520 837 eJus
1537 769 1648 823 litteras
1663 769 1737 836 lecit,
1755 782 1818 839 tpaae

995 854 1087 908 usqne
1104 840 1188 894 hotlie
1206 847 1326 904 eastant¹
1344 840 1412 908 quis
1426 840 1540 909 ignorat
1554 840 1568 893 ι
1584 859 1596 888 ι
1613 840 1750 908 additque
1764 841 1818 894 Pa-

995 908 1816 980 gius:aQuoadVincentiumLirinensenr,Cassiodorum,

995 980 1817 1050 etaltns,tpuiPhilippumChristianumluissepersnasum

996 1050 1130 1116 habuere,
1149 1052 1193 1105 illi
1208 1052 1235 1105 in
1250 1064 1373 1107 errorem
1392 1054 1474 1106 tracti
1493 1058 1589 1105 sunta
1606 1050 1691 1105 Paulo
1704 1052 1817 1123 Oresio,

996 1122 1089 1191 quiet
1104 1123 1163 1191 ipse
1178 1123 1381 1190 deceptusest,
1398 1134 1428 1178 ιιι
1444 1123 1541 1176 statim
1570 1123 1699 1186 ostendo,
1723 1141 1736 1170 ι
1761 1131 1815 1177 etc.

1032 1191 1099 1259 Quae
1114 1194 1139 1247 si
1164 1207 1227 1247 vera
1241 1195 1312 1254 sint.
1336 1206 1390 1248 non
1407 1194 1491 1248 rideo
1514 1193 1671 1248 curer-niet
1685 1191 1819 1248 nonnulli

996 1265 1070 1332 apud
1091 1264 1161 1318 Cave
1176 1265 1325 1327 mirentur,
1342 1265 1415 1333 quoti
1436 1264 1464 1318 in
1480 1264 1594 1318 decreto
1608 1263 1716 1318 Gelasii
1739 1275 1818 1332 papas

997 1334 1122 1388 historia
1145 1333 1260 1387 Eusebii
1290 1333 1430 1389 referatur
1456 1335 1532 1388 inter
1554 1333 1725 1403 apocrypha.
1755 1334 1817 1388 Non

996 1405 1073 1459 enim
1086 1406 1149 1459 ideo
1169 1403 1345 1459 referebatur
1365 1405 1393 1459 in
1411 1419 1470 1459 eam
1487 1406 1617 1465 classem,
1632 1404 1706 1472 tpuotl
1723 1403 1817 1473 plera-

997 1475 1097 1545 queab
1119 1475 1241 1530 Eusebio
1264 1475 1350 1529 relata
1369 1482 1567 1543 putarentura
1583 1475 1816 1543 veritatealiena,
1852 1486 1855 1491 “

995 1554 1045 1601 aut
1057 1546 1093 1600 ab
1105 1546 1229 1601 Eusebio
1241 1560 1295 1600 non
1305 1559 1367 1600 esse
1381 1547 1505 1614 scripta,
1521 1547 1568 1601 setl
1581 1547 1648 1615 tpaia
1655 1546 1732 1613 jusnt
1745 1545 1815 1600 sub-

994 1624 1056 1672 erat
1070 1630 1155 1671 cansa
1167 1618 1330 1683 dubitandi,
1346 1631 1411 1671 num
1428 1617 1517 1671 textui
1541 1618 1667 1688 genuino
1687 1616 1819 1673 ilistoriae

997 1687 1271 1757 Eusebiantnalitpua
1288 1686 1410 1742 luissent
1426 1688 1536 1742 intrusa
1547 1687 1583 1741 ab
1595 1688 1721 1754 arianis,
1738 1693 1818 1741 auta

153 1760 214 1814 Non
236 1768 278 1814 est
302 1768 449 1829 propterea
468 1761 630 1815 mirandum
660 1761 685 1814 si
708 1758 850 1828 publicam
877 1771 938 1826 pm·
955 1775 980 1834 Β
996 1759 1165 1825 Donatistis,
1187 1759 1417 1828 tpuatrdcquidem
1443 1758 1491 1813 isti
1514 1765 1644 1813 auctores
1665 1759 1819 1812 mussitant

118 1829 614 1899 nitentisprincipisconlessionem,
624 1831 684 1899 pari
697 1829 939 1898 impudentiam·
998 1830 1202 1897 interpolatum
1227 1828 1319 1884 luisse
1341 1836 1494 1898 utrumque
1513 1842 1586 1898 opus
1606 1829 1735 1898 Eusebii,
1758 1836 1818 1883 tum

117 1902 257 1955 sumussit
273 1901 468 1957 calumniatus
483 1915 532 1970 pro
540 1901 666 1956 ethnicis
679 1899 939 1970 superstitionibus

119 1970 256 2038 scribens,
281 1985 313 2026 ac
342 1972 420 2027 illam
440 1972 541 2026 Ariani
568 1974 740 2041 posteriores
754 1972 866 2025 diversa
889 1983 941 2024 ca-

119 2040 229 2096 lumnia
245 2043 274 2096 in
295 2057 362 2097 suas
378 2050 472 2111 partes
488 2045 650 2112 pertrahere
665 2043 724 2097 sint
735 2042 846 2097 conati.
862 2041 940 2095 Zosi-

119 2123 183 2167 mus
199 2125 254 2167 non
266 2113 384 2168 erubuit
396 2114 558 2184 contingere
569 2114 648 2183 pium
662 2113 818 2182 principem
833 2112 940 2166 studio·

118 2196 182 2237 sum
204 2183 336 2239 abolendi
360 2185 504 2252 criminis,
529 2185 564 2239 ad
593 2183 765 2240 taurobolia.
784 2190 813 2238 et
841 2183 941 2250 impiis

118 2253 261 2321 eiusmodi
273 2255 468 2323 lustrationes,
477 2256 689 2325 conquirendas
701 2269 716 2310 a
728 2253 828 2323 mystis
840 2254 942 2308 daemo-

119 2337 199 2392 num,
214 2339 244 2381 se
267 2335 440 2381 convertisse
455 2345 461 2381 ι
478 2328 553 2397 tpuotl
579 2327 673 2382 scelus
687 2333 783 2394 postea
806 2326 943 2379 lulianus

121 2395 316 2464 impiissimus
330 2404 459 2466 apostata
474 2411 571 2453 revera
584 2398 757 2467 perpetrarit
773 2412 780 2447 ι
795 2397 842 2450 eni
859 2396 942 2450 Zosi-

120 2477 185 2520 mus
195 2474 329 2535 tantpuam
342 2477 504 2538 courmystae
517 2481 569 2524 suo
579 2467 749 2523 concinebat
774 2467 873 2522 Ariani
890 2479 943 2535 pa-

122 2537 194 2592 riter
217 2551 270 2592 non
286 2540 475 2596 erubuerunt.
491 2553 583 2594 reram
601 2538 781 2594 Constantini
800 2538 944 2606 ptuniten-

121 2609 191 2662 tiam
218 2609 247 2663 in
274 2608 372 2665 laisan
396 2612 576 2666 iterationem
601 2611 737 2680 baptismi
762 2608 943 2678 impudenter

120 2686 293 2744 ‹conuertere
316 2687 348 2735 ut
361 2682 527 2737 Constantio
542 2682 631 2750 impio
650 2683 713 2749 ejus
737 2680 797 2735 tilio
812 2686 943 2734 assenta-

121 2756 222 2804 rentur
236 2767 243 2803 :
257 2752 380 2820 quemin
399 2754 526 2820 ipsorum
543 2753 673 2806 haeresim
691 2760 863 2820 pertractum
880 2749 944 2804 esi-

120 2820 277 2876 stimarunt
290 2821 437 2878 lubentius
451 2836 633 2879 accessurum
646 2824 680 2878 ad
695 2820 862 2889 sacrilegam
879 2834 945 2888 per-

120 2900 279 2959 ceptionem
294 2893 475 2959 baptistnatis
487 2893 523 2948 ab
538 2894 655 2948 hrianis
668 2891 901 2959 administrandi,
918 2890 945 2944 si

121 2965 255 3031 princeps
264 2962 353 3028 lilius,
367 2972 484 3032 paterno
496 2964 634 3033 exemplo,
646 2966 747 3018 iterare
757 2961 945 3017 rlludsibivi-

119 3040 245 3097 deretur,
257 3042 285 3088 et
295 3036 432 3090 crederet.
444 3035 523 3104 Quotl
538 3035 635 3103 itaque
645 3036 831 3087 cesariensis
854 3032 945 3085 Euse-

995 1900 1156 1954 Chronicon
1172 1900 1293 1968 scilicet,
1310 1907 1369 1954 turn
1386 1901 1551 1955 Historiam.

1031 1970 1135 2025 Verum
1146 1971 1181 2025 de
1194 1971 1379 2038 corruptione
1396 1979 1491 2026 textus
1506 1971 1672 2033 Eusebiani,
1695 1970 1746 2025 hac
1757 1968 1819 2025 sal-

996 2048 1051 2096 tem
1067 2042 1096 2095 in
1113 2042 1332 2110 partettistoriae
1346 2043 1449 2096 devita
1461 2043 1724 2112 Constantiniapuar
1734 2041 1819 2110 paulo

995 2119 1061 2167 ante
1073 2114 1208 2181 producta
1222 2120 1264 2167 est
1277 2112 1313 2166 ab
1328 2113 1521 2168 assertoribus
1534 2113 1668 2182 baptismi
1685 2113 1820 2167 Nicome-

995 2183 1114 2249 diensis,
1130 2184 1254 2252 ipsenon
1269 2197 1383 2252 queror.
1399 2185 1456 2239 itno
1472 2198 1522 2238 nec
1535 2184 1674 2252 suspicor.
1686 2185 1820 2252 (lanque-

997 2268 1045 2310 ror
1057 2255 1253 2309 tantummodo
1274 2257 1310 2308 tle
1327 2256 1510 2323 ptrajuthcata
1537 2255 1773 2323 interpretatione
1787 2265 1819 2308 ac

995 2325 1159 2381 detorsione
1174 2325 1298 2392 ejusdem
1309 2327 1457 2381 sententia
1469 2343 1474 2379 :
1487 2327 1535 2381 cui
1551 2327 1726 2381 occasionem
1745 2337 1820 2394 pre-

997 2395 1058 2451 buit
1086 2395 1334 2466 (quemadmodum
1359 2399 1388 2451 in
1408 2399 1510 2452 orosio
1537 2397 1691 2451 adnotabat
1707 2393 1820 2467 Pagius)

999 2467 1207 2522 usustranslati
1222 2467 1819 2536 rerhisiremetaphoraejuxtadisciplinam

998 2539 1106 2604 arcani,
1121 2553 1184 2608 quae
1202 2538 1251 2592 illa
1270 2545 1352 2593 {etate
1373 2539 1484 2609 vigebat
1505 2553 1569 2594 cum
1583 2552 1676 2593 sertno
1697 2544 1772 2593 esset
1785 2536 1821 2592 de

998 2608 1199 2667 sacramentis.
1212 2611 1279 2664 tium
1293 2611 1402 2676 prolata
1412 2609 1448 2663 ab
1461 2612 1581 2665 Eusebio
1593 2612 1627 2665 tle
1640 2610 1822 2676 susceptione

999 2680 1136 2736 salutaris
1161 2680 1264 2734 lavacri
1288 2682 1462 2748 poenitentiae
1487 2695 1534 2748 per
1556 2693 1660 2735 arcana
1686 2681 1770 2734 rerba
1795 2684 1823 2733 et

1000 2764 1135 2806 manuum
1161 2752 1374 2819 impositionem
1390 2765 1455 2806 cutn
1480 2753 1602 2807 solemni
1627 2750 1823 2818 precationes

999 2820 1824 2889 sacerdotibusadministrataeprincipiconlltentipeccata

1001 2894 1091 2947 totius
1107 2893 1170 2947 aits
1186 2889 1313 2945 referunt
1327 2892 1581 2945 inconsideratead
1594 2891 1769 2958 baptismum
1779 2906 1786 2955 3
1796 2893 1825 2944 et

999 2963 1131 3016 divinum
1142 2960 1324 3031 signaculum
1339 2963 1375 3014 ab
1388 2961 1510 3016 Eusebio
1522 2960 1825 3016 memoratumetCon-

1000 3033 1128 3086 stantino
1157 3032 1281 3086 inditum
1314 3044 1363 3098 per
1382 3033 1548 3099 episcopum
1579 3032 1823 3085 Nicomediensem

120 3103 188 3158 hius
204 3107 438 3174 perscripsisse!
454 3107 489 3161 de
505 3107 625 3174 mystico
640 3105 753 3158 lavacro
770 3102 945 3170 poenitentiae
960 3092 984 3150 C
1002 3103 1227 3171 interpretantur
1240 3101 1496 3168 baptismumeum
1507 3104 1546 3156 sit
1559 3102 1594 3156 de
1608 3101 1763 3155 chrismate
1773 3112 1824 3155 seu

119 3187 135 3227 a
150 3174 338 3230 Constantino
355 3183 490 3245 perceptae
502 3175 675 3230 Nicomediae
701 3172 744 3227 rel
757 3174 792 3227 de
803 3172 945 3227 Constan-

1000 3171 1227 3228 confirmationis
1241 3180 1419 3227 sacramento
1431 3173 1662 3240 intelligentium.

120 3244 174 3298 tini
199 3247 420 3303 lidecunlitente
433 3248 627 3298 admissorum
649 3245 678 3298 in
696 3244 753 3298 rita
774 3243 942 3308 criminum,
986 3243 993 3254 “
1035 3245 1075 3299 Ita
1095 3256 1160 3298 reto
1181 3243 1423 3310 interpretandam
1442 3257 1504 3298 esse
1520 3244 1636 3298 Eusehii
1650 3241 1824 3298 seutentiam

119 3316 194 3367 duas
212 3328 274 3367 esse
297 3315 481 3382 purgationes
496 3331 512 3368 a
527 3314 642 3370 Christo
656 3316 778 3370 Domino
794 3314 944 3369 institutas
999 3315 1197 3370 demonstrare
1208 3327 1251 3369 me
1262 3326 1343 3382 posse
1353 3315 1502 3383 putoNisi
1514 3315 1590 3369 enirn
1603 3315 1642 3369 ita
1653 3319 1822 3383 exponatur,

123 3385 153 3438 ιιι
164 3383 365 3449 sacramentis,
380 3397 465 3438 unam
483 3386 639 3439 iterantium
654 3399 702 3453 per
716 3398 818 3440 arcana
832 3384 945 3439 scilicet
1001 3385 1146 3442 fatentium
1162 3393 1236 3440 esset
1251 3384 1405 3441 Eusebium
1427 3387 1455 3440 in
1474 3386 1600 3441 llistnria
1614 3386 1649 3440 de
1672 3387 1734 3439 vita
1746 3384 1824 3439 Con·

120 3452 243 3507 terhain
258 3454 423 3510 conlitentis
435 3468 467 3509 ac
478 3456 846 3580 penitentisabsolutione,
856 3455 944 3511 aliam
1000 3456 1306 3514 stantinicontrarium
1319 3468 1381 3512 esse
1395 3456 1663 3525 sibimetipsialiter
1673 3455 1822 3519 scribenti,

123 3535 181 3578 non
198 3524 356 3578 iterantium
372 3540 420 3594 per
431 3540 480 3581 nn
501 3532 559 3581 aet
577 3526 719 3583 lavacrum
736 3527 765 3581 in
780 3527 943 3596 baptism03
1001 3537 1061 3585 tum
1085 3529 1115 3584 in
1136 3527 1289 3589 Chronico.
1309 3533 1368 3582 tum
1390 3528 1420 3582 in
1439 3527 1565 3583 llistoria
1584 3527 1775 3583 ecclesiatica.
1791 3528 1823 3582 ln

123 3594 151 3648 id
174 3593 219 3649 illi
238 3596 422 3652 detorserunt
441 3598 473 3652 atl
496 3596 595 3652 lalsam
613 3598 792 3653 iterationem
808 3598 945 3667 baptismi
1002 3600 1055 3654 hac
1075 3599 1152 3654 enim
1166 3597 1291 3654 allirmat
1304 3598 1366 3668 (lib.
1384 3600 1422 3665 ri,
1441 3612 1502 3668 cap.
1517 3596 1561 3667 [ιιι
1583 3599 1748 3669 Philippum
1766 3598 1824 3653 im-

120 3664 310 3720 Constantiuo
324 3670 397 3735 patri
413 3666 610 3740 effingendam,
629 3675 660 3724 ut
672 3682 776 3733 reram,
792 3675 821 3724 et
833 3669 947 3724 sacrile·
1002 3679 1159 3740 perstarem
1177 3670 1266 3725 luisse
1278 3670 1483 3726 Christianum.
1499 3670 1574 3725 idern
1586 3670 1674 3725 tradit
1690 3672 1719 3724 in
1730 3668 1824 3724 Chro-

121 3738 361 3806 gamConstantio
374 3739 435 3794 tilio
445 3741 609 3809 suaderent,
621 3741 664 3795 rel
679 3754 695 3796 a
709 3755 739 3796 se
751 3740 808 3810 iarn
825 3740 947 3796 admini-
1002 3743 1068 3796 nica
1089 3742 1124 3796 ad
1147 3755 1253 3795 annum
1276 3741 1339 3812 ejus
1355 3742 1470 3810 imperii
1488 3743 1623 3811 primurn,
1644 3739 1824 3810 Olympiadis

120 3807 489 3865 strandamabauctoritate
499 3812 946 3881 superiorisexetnplideductam
1002 3827 1068 3869 vero
1082 3811 1135 3868 955
1147 3819 1293 3882 quartum,
1306 3813 1345 3867 ita
1360 3812 1508 3867 scribens:
1523 3833 1536 3863 tt
1553 3812 1705 3882 Philippus
1717 3811 1825 3881 Philip

120 3890 183 3932 esse
199 3879 348 3946 jactarent.
1003 3882 1825 3954 pumiliumsuumconsortemreguilacitpritnaspaeom·

158 3949 247 4004 Video
261 3951 415 4007 nonnullos
426 3953 583 4022 scriptores
597 3954 632 4007 de
642 3953 815 4008 arianorum
831 3951 947 4009 fraudi·
1002 3957 1083 4011 nium
1098 3968 1132 4008 ex
1143 3953 1279 4009 Romanis
1295 3955 1518 4022 imperatoribus
1530 3954 1712 4010 Christianus
1727 3953 1794 4010 luit.
1809 3970 1822 4006 ι

121 4015 176 4075 bus
191 4020 231 4074 ita
241 4033 303 4076 esse
319 4035 479 4090 persuasos,
505 4029 535 4078 ut
548 4023 626 4078 bunc
641 4024 736 4092 ipsum
749 4024 865 4079 Eusebii
883 4033 948 4080 tex·
1001 4027 1070 4081 Cum
1082 4025 1373 4095 igiturhaectradatet
1387 4026 1474 4096 insus
1485 4025 1826 4083 Historicatcolesiastiea

122 4094 182 4168 tum
198 4094 392 4160 suspieentur,
409 4095 476 4150 data
492 4108 588 4164 opera,
605 4094 719 4150 abillis
736 4094 899 4150 mutilatum
917 4096 946 4151 ln
1002 4104 1031 4152 et
1042 4097 1070 4151 in
1084 4109 1137 4151 suu
1150 4095 1293 4151 Chronico
1306 4110 1361 4166 qua
1381 4096 1491 4150 ratione
1510 4104 1605 4165 posset
1620 4097 1648 4151 in
1670 4102 1825 4155 memorato

124 4158 220 4215 hbui
237 4164 272 4217 de
286 4164 350 4218 Vita
359 4165 553 4229 Constantini,
569 4179 630 4234 cap.
641 4163 669 4220 7.
687 4167 948 4231 Pagtustuuiorex
1005 4168 1079 4222 libro
1094 4181 1121 4221 tr
1135 4165 1204 4221 vita
1220 4166 1411 4232 Constantini,
1435 4181 1496 4236 cap.
1510 4165 1541 4223 iil
1560 4175 1588 4222 ct
1601 4165 1646 4236 itt,
1662 4180 1694 4223 ea
1707 4178 1825 4224 narrare

121 4234 251 4312 tetrade
264 4235 358 4290 llarca
380 4236 419 4290 ita
439 4239 554 4292 censuit
567 4237 595 4291 in
609 4237 902 4319 ltreriariogestorum
917 4237 945 4292 S.
1002 4239 1038 4293 de
1054 4237 1195 4307 perceptis
1211 4238 1384 4293 Nicomediae
1405 4239 1602 4298 sacramentis.
1627 4246 1686 4295 tum
1702 4240 1824 4296 subdere

122 4301 265 4369 siluestri,
291 4318 369 4360 num.
390 4303 436 4369 bi,
453 4320 515 4378 pag.
531 4303 578 4376 rt,
598 4321 663 4363 cum
678 4307 813 4362 Gelasrns
829 4308 948 4377 cyzne-
1006 4311 1062 4364 haet:
1073 4308 1157 4363 rerba
1174 4326 1180 4362 :
1198 4328 1211 4360 tt
1232 4308 1312 4363 Solus
1331 4310 1422 4380 igitur
1436 4322 1470 4364 ex
1483 4310 1618 4365 omnibus
1632 4311 1681 4379 tpui
1697 4320 1823 4381 unquam

123 4384 189 4442 nus,
203 4374 254 4428 lib.
266 4376 573 4433 nllistorieaeconciiii
583 4377 802 4447 hicaniaapb,
811 4378 947 4448 protitea-
1003 4378 1120 4435 fuerunt
1133 4379 1571 4447 imperatoribusConstantinus
1587 4381 1616 4434 in
1629 4382 1736 4436 Christi
1753 4394 1824 4436 mar·

123 4451 172 4498 tur·
195 4459 225 4500 se
255 4449 474 4518 transcripsisse
499 4462 534 4504 ex
552 4449 680 4505 indicato
695 4449 812 4504 Eusebii
836 4449 898 4505 loco
918 4456 947 4504 et
1003 4450 1086 4520 tyriis
1107 4457 1222 4505 renatus
1237 4457 1265 4505 et
1280 4457 1432 4506 renovatus
1452 4455 1506 4516 est,
1535 4458 1563 4504 et
1576 4451 1676 4506 diuino
1700 4452 1824 4507 donatus

121 4516 215 4582 capite
231 4515 290 4570 baer.
303 4518 397 4582 rerba,
413 4533 477 4590 quae
493 4521 579 4576 hodie
594 4521 623 4575 in
639 4520 761 4576 Eusebio
775 4520 946 4575 desideran-
959 4501 987 4561 l)
1001 4521 1446 4592 signaculoexsultaritspiritu,
1459 4525 1762 4590 renovatusqueestac
1774 4521 1825 4577 dl-

122 4594 185 4640 tur:
204 4606 217 4638 t
234 4589 381 4656 lpseenim
395 4590 500 4646 lloslus
513 4604 547 4646 ex
559 4591 708 4660 llispaniis
722 4593 885 4647 nominiset
900 4590 946 4646 la·
1000 4593 1067 4647 rina
1083 4589 1147 4646 luce
1159 4591 1284 4659 repletus
1298 4593 1312 4644 t
1328 4591 1384 4646 »Si
1400 4591 1458 4645 haec
1473 4590 1548 4645 nihil
1560 4590 1723 4661 sigulbcant
1737 4605 1825 4662 quam

121 4668 173 4711 mae
187 4658 353 4715 celebritate
366 4662 502 4732 insignis,
515 4662 564 4732 qui
574 4662 704 4718 Silvestri
716 4663 844 4732 episcopi
860 4663 946 4718 maxi·
1001 4662 1187 4732 baptismum,
1199 4662 1421 4732 quomodosotus
1437 4661 1513 4716 inter
1529 4662 1713 4731 imperatores
1723 4662 1825 4721 diuino

123 4739 175 4782 rnae
191 4728 286 4783 ltomae
298 4731 389 4787 iocum
402 4732 561 4799 obtinebat,
576 4746 633 4790 una
648 4747 713 4788 curn
726 4734 863 4789 Romanis
879 4747 947 4802 pre-
1000 4734 1125 4790 donatus
1134 4732 1296 4803 signaculo,
1312 4732 1337 4786 si
1352 4733 1458 4788 seculo
1468 4731 1556 4788 iertne
1566 4732 1735 4789 solidoante
1746 4734 1825 4790 Cou-

121 4796 247 4869 sbyteris
264 4800 359 4858 llitore
370 4810 398 4859 et
413 4803 715 4861 Vincentiocumaliis
732 4804 871 4860 multisln
882 4818 946 4861 cou-
1001 4806 1277 4872 stantinumprt'taas
1291 4803 1454 4860 eltomanis
1470 4802 1692 4873 imperatoribus
1703 4805 1827 4874 baptiza·

121 4881 202 4925 sessu
219 4871 270 4926 illo
282 4872 387 4928 adfuit.
405 4892 418 4922 ι
1002 4885 1049 4932 tus
1068 4874 1161 4931 luerat
1185 4874 1337 4944 Philippus
1352 4881 1379 4929 et
1394 4876 1579 4930 Christianus
1594 4875 1725 4931 redditus
1741 4876 1825 4945 juxta

156 4941 293 4998 Praeterea
303 4944 375 4999 itlenr
394 4944 613 5016 Pagiusiunior
623 4945 945 5002 dubitatinaliisetiam
1002 4945 1177 5003 eusebiana
1192 4947 1300 5016 Pugnat
1310 4959 1406 5001 secum
1421 4945 1619 5014 historicussi
1632 4945 1825 5017 utrobiqucde

124 5009 198 5067 locis
210 5016 245 5068 tie
256 5014 481 5085 interpolatione
493 5022 589 5073 textus
603 5018 735 5073 Eusebii.
752 5019 821 5073 Nam
836 5018 866 5073 ιιι
884 5016 946 5075 llita
1002 5018 1253 5089 baptismitantum
1269 5017 1420 5087 signaculo
1427 5017 1597 5073 atllrmetur.
1612 5017 1679 5072 htsi
1692 5017 1825 5075 divinum

122 5093 146 5136 s.
163 5082 294 5153 Fabiani,
311 5099 339 5140 ιι.
356 5083 382 5152 l,
398 5093 547 5157 postquam
569 5089 735 5158 suspicatus
749 5095 792 5145 est
804 5090 885 5144 lctis
909 5090 944 5145 S.
1001 5088 1182 5162 signat-ulum
1197 5088 1263 5141 ιειαν
1284 5089 1417 5158 σφραγῖδα,
1428 5095 1457 5143 et
1468 5089 1561 5140 τελειον
1584 5088 1746 5159 φυλακτήριον
1770 5089 1825 5145 Ni-

119 5153 427 5214 Poutiiadditatuisse
443 5159 592 5228 complura
603 5158 899 5223 lahulosa,desrendit
908 5161 944 5216 ιιι
1000 5161 1136 5216 cotuediae
1160 5159 1216 5228 ipsi
1236 5159 1383 5223 collatum,
1404 5158 1601 5230 intelligamus
1615 5165 1824 5218 sacramentum

119 5223 236 5281 Eusebii
254 5234 373 5294 textum,
388 5230 424 5284 tie
439 5243 497 5298 quo
511 5230 550 5285 ita
563 5230 685 5286 scribit:
706 5230 784 5296 Quod
798 5234 893 5286 attinet
908 5233 947 5286 ad
1001 5230 1241 5288 confirmationis.
1258 5232 1307 5286 cui
1326 5231 1502 5300 poenitentiae
1518 5237 1726 5287 sacramentum
1749 5244 1826 5301 prae-

120 5293 277 5376 Cusetinm,
293 5301 335 5353 oet
345 5300 403 5369 ejas
415 5301 540 5354 astera
558 5302 593 5355 ob
607 5302 701 5370 atiquo
711 5307 751 5357 est
767 5303 943 5371 interpolato,
1002 5301 1129 5374 miserit(
1138 5302 1212 5372 quoti
1227 5301 1379 5371 Philippus
1389 5303 1426 5356 irn
1431 5310 1544 5372 perator
1557 5301 1659 5358 iecisse
1673 5315 1728 5358 non
1740 5302 1827 5360 tratll·

119 5373 190 5420 tacut
209 5370 268 5436 ejas
287 5370 438 5426 Chronicon
461 5372 496 5425 ab
515 5373 690 5441 llieronpnto,
712 5374 756 5428 oei
778 5378 848 5431 certe
862 5374 945 5440 Ῑαιιιι
1002 5374 1095 5430 turab
1112 5371 1274 5441 historico),
1286 5373 1825 5443 componiturutrumquedictuatEu-

119 5441 275 5519 ramathas
298 5443 425 5512 deceptas
445 5449 494 5497 est.
515 5444 548 5497 ln
573 5443 703 5498 Chrottteo
717 5448 789 5498 ettttn
803 5449 942 5514 supponit.
1001 5445 1084 5509 sebii,
1102 5446 1246 5511 utpta'mus
1260 5444 1335 5498 inter
1351 5446 1537 5514 imperatores
1553 5445 1704 5513 Romanus,
1720 5445 1751 5501 ln
1765 5446 1827 5503 Eu-

121 5520 152 5560 ιιι
177 5511 357 5567 celebratione
379 5515 506 5568 ludorum
520 5519 695 5570 senatorium
715 5516 847 5586 Phihppi,
862 5515 947 5586 piare
1000 5515 1074 5572 sebii
1097 5515 1249 5582 sententia,
1265 5514 1450 5571 Christianus
1468 5517 1508 5571 sit
1523 5514 1640 5571 allectus
1657 5528 1706 5584 per
1726 5515 1827 5586 bapti-

119 5583 303 5645 pentt’a‘tutetn
323 5586 475 5639 redotente
489 5591 603 5655 peraeto
623 5602 690 5649 esse,
711 5588 783 5656 praed
801 5589 946 5655 trtuniteste
1001 5598 1093 5643 smum
1111 5585 1276 5654 Philippus,
1300 5595 1327 5640 et
1347 5586 1420 5640 sotus
1442 5587 1519 5641 iuter
1531 5588 1717 5656 imperatores
1735 5600 1828 5671 nsque

119 5659 258 5731 repapnut
280 5659 435 5710 norrtttieni
457 5658 522 5711 libri
542 5660 613 5711 secti
633 5658 693 5726 ejus
716 5659 869 5713 Historia:
896 5659 946 5715 ubl
1001 5660 1035 5713 ιιι
1051 5655 1468 5712 aetatentEusehiiChristiano
1484 5657 1828 5728 rituproiessuspubltce

122 5718 249 5803 (seilicet
264 5736 328 5793 cap.
353 5724 388 5782 36
403 5726 454 5781 lib.
474 5728 511 5797 ιι)
532 5726 653 5783 affirmat
676 5727 840 5798 Philippum
855 5729 948 5787 luisse
1004 5730 1199 5799 peonitentiam
1223 5729 1342 5799 llagnus
1361 5726 1569 5782 Constantinus
1588 5741 1637 5797 per
1650 5743 1754 5785 arcana
1775 5741 1828 5786 sa·

121 5790 332 5865 Christianum,
347 5804 418 5853 etex
430 5798 555 5854 Eusebio
567 5799 595 5855 ιιι
609 5799 707 5855 hausit
716 5799 948 5871 hieronymusin
1001 5802 1148 5857 cerdotuur
1165 5797 1247 5856 rerba
1259 5800 1289 5856 in
1299 5811 1332 5855 ec
1343 5806 1522 5855 sacramento
1537 5809 1687 5871 purgatus,
1700 5799 1826 5870 spiritus

1654 5885 1700 5946 to.
