3892 6136
155 290 222 349 ⁴28⁴

598 300 758 360 HISTORIA
774 305 820 360 tta
840 305 927 363 vltts
946 303 1029 363 holt.
1052 307 1150 365 PONT.
1171 339 1205 350 -
1222 311 1251 366 S.
1272 312 1405 372 heroa.-

1782 321 1852 381 4982

151 427 252 488 eutem,
275 422 474 493 baptizaretur.
499 425 550 482 llic
568 427 636 485 lecit
655 427 760 486 orda.
783 431 833 483 444
859 429 902 485 44.
917 431 969 486 Th.
984 433 1177 496 Acommodo
1192 437 1253 494 llet
1266 437 1442 506 Claberione,
1461 442 1508 495 444
1525 440 1551 511 4,
1570 445 1654 514 ator,
1675 446 1717 503 ire
1738 452 1847 504 nentes.

151 490 346 550 Alexandrino
365 497 508 567 episcopo,
524 499 690 555 utaxrv.l.
707 502 757 556 444
782 498 824 572 43,
838 502 970 559 custodi-
1027 505 1203 561 44454144.
1225 510 1335 562 second.
1365 516 1390 564 44
1407 512 1468 564 Vct.
1485 513 1580 567 deeest.
1599 515 1651 570 ibi.
1666 518 1714 572 444
1749 520 1846 583 ,4444

152 572 241 619 44444.
253 567 285 620 ln
297 567 354 620 cod.
370 569 448 622 Breb.
462 573 510 622 444
527 566 568 637 44,
585 567 627 640 45,
643 572 675 634 Β,
690 572 753 627 dies
765 569 792 629 B.

354 657 399 710 Ea
419 658 508 712 codice
531 659 642 714 444444
668 661 763 715 altero.

184 743 246 796 444
258 739 285 803 B,
300 744 477 811 temporibus
491 747 636 803 Commodi
661 755 689 804 et
700 749 854 806 Gravionis
868 751 902 806 ll.
918 751 969 804 lin.

146 808 177 877 B,
190 818 217 867 et
227 822 310 869 mart.
324 828 383 870 cor.
401 817 439 869 lin
463 815 490 886 5,
502 817 552 873 ubi
568 826 597 873 et
609 818 658 874 ubi
682 820 828 877 inventum
854 821 968 876 luisset.

148 883 200 936 lin.
215 879 242 946 t,
268 898 302 939 ex
327 886 433 954 gentile
449 902 475 949 v,
503 887 577 954 bapt.
604 891 652 944 444
680 888 708 960 8,
728 893 790 948 444.
812 890 839 947 B.
866 893 915 946 lin.
940 889 967 960 9,

149 952 243 1021 presb.
259 952 303 1016 la.
318 955 393 1011 diac.
409 955 436 1012 8.
461 959 512 1022 lia,
529 957 572 1030 40,
589 960 624 1016 44
637 961 707 1016 4444.
731 963 759 1017 Ρ.
783 970 812 1019 44
823 961 969 1018 dominico

147 1023 261 1080 Paschae
271 1039 336 1081 cnm
353 1040 378 1095 p.

272 1115 355 1184 Apud
379 1117 549 1173 Holstenium
569 1125 594 1174 et
612 1120 841 1177 schelestratiam.

182 1202 244 1256 444
265 1200 292 1270 B,
317 1205 382 1272 4444.
408 1207 469 1260 Vnt.
492 1212 518 1262 et
540 1209 657 1264 Floreat.
680 1251 688 1273 ,
709 1211 831 1267 Caesaris
853 1213 926 1283 hug.
951 1224 968 1267 a

1024 572 1076 630 aa
1094 578 1156 645 Vct,
1183 578 1264 634 duas.
1285 582 1324 634 lin
1352 577 1394 643 ll,
1424 582 1612 651 Alexandriae,
1634 587 1684 654 lep.
1703 589 1844 644 Caesareae.

1025 647 1073 699 444
1090 644 1133 709 43,
1158 656 1220 717 post
1233 651 1316 705 rerba
1330 651 1463 707 Sanctum
1480 653 1586 709 Pascha
1609 658 1679 710 Flor.
1702 655 1720 712 B
1739 662 1764 711 44
1780 661 1845 726 4444.

1021 723 1131 786 ponant
1149 720 1345 776 ordinationes
1367 723 1449 792 duas,
1465 725 1583 797 deinde,
1597 729 1733 798 martyrio
1761 740 1847 785 coro·

1024 796 1119 858 natur,
1139 791 1230 860 44444
1245 792 1375 861 sepultus
1389 799 1442 849 est.

1179 898 1263 966 Apud
1280 901 1391 953 Porciam
1405 916 1438 954 44
1457 902 1546 957 codice
1561 904 1684 960 ennensi.

1058 999 1219 1063 lin.2,iuit
1240 1008 1334 1058 autem
1362 1007 1538 1074 temporibus
1562 1009 1679 1066 Caesarii
1708 1026 1741 1068 ac
1759 1015 1846 1071 Com-

1024 1072 1099 1126 modi
1133 1071 1162 1126 ll.
1182 1073 1388 1129 etGravionem
1407 1080 1544 1147 usquead
1562 1081 1618 1136 Lat.
1633 1090 1661 1137 et
1680 1082 1740 1138 ilai.
1764 1084 1843 1142 4445.

1023 1154 1131 1197 necess.
1147 1141 1198 1198 444.
1213 1143 1263 1199 444
1286 1145 1541 1220 inventusiuisset,
1568 1151 1630 1207 sive
1651 1153 1680 1209 in
1701 1154 1728 1209 ll.
1750 1157 1800 1210 lin.
1814 1155 1843 1212 B.

1021 1213 1219 1270 ordinationes
1234 1228 1265 1285 n,
1281 1229 1331 1286 per
1350 1231 1386 1272 m.
1410 1219 1475 1275 Dec.

803 1349 925 1414 NOTAE
949 1353 1182 1417 VARIORUM.

392 1473 417 1528 Α
434 1472 703 1530 SCHELESTRATE.

180 1579 265 1635 Linea
278 1575 305 1634 4.
319 1610 352 1619 -
362 1581 438 1636 Sicut
451 1587 476 1636 et
491 1582 626 1637 Eleuther.
642 1584 790 1640 Secundus
814 1585 965 1657 catalogus

142 1650 244 1708 habet:
259 1652 334 1707 Sical
344 1651 420 1721 Pius,
437 1653 487 1722 444
504 1655 653 1709 occasione
669 1654 736 1710 libri
764 1658 961 1725 Pastorisprae·

141 1723 238 1790 cipere
253 1723 355 1792 potuit,
367 1729 397 1777 ut
406 1730 536 1779 sanctum
553 1725 656 1780 Pascha
669 1726 716 1782 die
728 1728 865 1782 Dominco
884 1728 961 1782 cele-
973 1743 999 1804 Β

143 1792 285 1848 44444444.
308 1794 445 1849 Caeterum
467 1793 542 1849 hunc
562 1796 660 1865 ritum,
686 1797 736 1866 444
750 1798 824 1866 4444
838 1799 960 1854 Asianos

144 1878 199 1919 usu
213 1870 343 1933 receptus
354 1877 409 1919 non
422 1863 488 1926 tait,
507 1866 602 1920 Victor
617 1880 687 1935 papa
700 1868 958 1938 ubiqueobservari

142 1935 236 1990 voluit
250 1949 339 2005 eaque
351 1936 386 1990 de
404 1949 433 1989 re
457 1933 618 2005 frequentia
636 1938 760 1992 concilia
783 1947 840 1993 tam
866 1941 959 1995 Romae

142 2017 228 2074 qaam
241 2005 270 2059 in
283 2006 406 2060 aliarum
421 2007 568 2077 regionum
586 2007 745 2076 provinciis
755 2009 893 2065 celebrari
900 2011 959 2079 jus-

142 2078 192 2140 sit,
205 2076 278 2145 quod
297 2076 410 2131 ultimis
427 2075 520 2131 verbis
535 2085 635 2132 auctor
652 2078 770 2143 indicat,
787 2085 815 2134 et
840 2082 959 2135 omnino

140 2147 270 2274 concl9tt3it
283 2146 339 2201 illi.
354 2146 430 2218 qnod
446 2146 498 2202 hac
512 2148 547 2203 de
563 2162 592 2203 re
604 2150 694 2205 tradit
706 2148 847 2206 Eusebius
862 2151 914 2206 lib.
932 2166 957 2222 v,

139 2229 203 2287 cap.
235 2222 239 2232 ·
274 2255 281 2271 .

474 2306 621 2362 BBNClNl.

177 2394 271 2451 Linea.
298 2425 333 2436 —
355 2397 406 2450 Hie
431 2398 578 2463 constituit,
602 2402 634 2452 at
658 2403 782 2454 sanctam
800 2401 903 2456 Pascha
916 2403 961 2457 die

142 2467 278 2521 dominico
298 2467 479 2522 celebraretur
500 2470 570 2523 sicat
590 2469 728 2523 Eleuther.
755 2476 777 2526 Α
807 2473 878 2528 Beda
907 2487 960 2529 ex-

138 2541 275 2609 scriptam
288 2539 439 2610 periocben
450 2552 562 2605 censeo,
577 2548 631 2595 eta
644 2543 875 2598 consarcinatore
887 2544 961 2599 indi·

138 2618 197 2667 4444
210 2611 299 2682 gestis
317 2611 451 2680 Victoris,
471 2612 538 2666 dam
562 2611 592 2665 in
607 2610 681 2667 libro
695 2611 731 2667 de
754 2626 801 2668 sex
818 2614 960 2670 AEtatibus

138 2681 211 2737 Beda
228 2682 323 2738 habetz
341 2703 354 2734 4
374 2683 470 2736 Victor
479 2681 555 2737 datis
568 2681 842 2740 libelllsconstituit
854 2687 958 2741 Pascha

144 2757 192 2812 die
214 2754 364 2810 Dominico
379 2752 529 2821 celebrari,
552 2753 629 2808 sicut
643 2760 670 2809 et
686 2756 875 2823 predecessor
896 2758 959 2826 ejus

144 2827 338 2884 Eleutherins.
353 2844 367 2877 r
383 2825 511 2882 Similem
526 2824 703 2880 additionem
717 2827 828 2893 reperio
849 2841 864 2882 a
886 2828 960 2883 Beda

143 2901 319 2967 desumptam
332 2911 419 2967 supra
436 2898 465 2951 in
480 2894 646 2950 Eleutherio
662 2897 810 2961 incertam,
832 2898 881 2955 ubi
898 2899 960 2970 lego

141 2970 172 3039 (l.
186 2985 195 3026 1
208 2971 280 3023 Hist.
293 2974 381 3035 penas
395 2968 491 3034 44444,
507 2982 529 3020 4.
547 2965 592 3034 444
609 2987 622 3018 n
639 2968 959 3037 llicaccepitepistolam

1021 1481 1156 1551 baptismi
1182 1483 1344 1551 collatione,
1359 1499 1432 1555 quos
1446 1486 1544 1542 Victor
1556 1488 1719 1548 retinendos
1741 1493 1842 1552 decre-

1019 1552 1074 1607 rit:
1102 1555 1208 1624 gradus
1229 1557 1328 1611 omisit
1356 1558 1542 1614 ‚amanuensis
1571 1573 1745 1623 enumerare,
1775 1580 1840 1622 cum

1019 1622 1069 1678 4444
1084 1626 1178 1687 verba,
1193 1633 1392 1694 persequentes
1409 1629 1502 1688 cleros,
1519 1631 1648 1685 ordinem
1671 1634 1803 1692 dantium
1824 1650 1841 1692 a

1018 1695 1151 1761 pontifice
1166 1710 1226 1751 esse
1247 1698 1467 1753 determinatum
1487 1709 1582 1767 aperte
1601 1702 1760 1774 designent.
1786 1709 1840 1763 Po-

1014 1765 1105 1821 tuisse
1113 1781 1177 1823 vero
1185 1768 1326 1823 Victorem
1339 1783 1372 1823 ex
1386 1770 1507 1839 quadam
1523 1771 1739 1830 circumstantia
1757 1776 1841 1833 nobis

1015 1836 1109 1904 ignota
1130 1852 1187 1893 rem
1202 1838 1353 1893 decernere
1366 1838 1600 1908 prohatejusdem
1613 1848 1750 1913 temporis
1770 1850 1840 1904 scri·

1013 1913 1079 2030 Etor
1103 1909 1299 1963 Tertullianus
1322 1910 1357 1964 de
1381 1910 1447 1978 Bap.
1468 1924 1493 1966 c.
1511 1907 1553 1975 44,
1577 1914 1626 1981 444
1650 1917 1778 1973 ordinem
1807 1920 1837 1974 in

1033 1979 1838 2051 aptismicollationeserxandum,etpersonarumdiscri-

1014 2060 1076 2102 men
1087 2051 1254 2121 assignavit,
1266 2052 1333 2107 dum
1344 2051 1406 2105 ait:
1424 2071 1437 2102 α
1454 2053 1543 2109 Dandi
1558 2055 1672 2124 quidem
1688 2056 1772 2114 habet
1788 2061 1837 2130 ius

1014 2132 1144 2174 summus
1155 2122 1296 2185 sacerdos,
1309 2123 1358 2190 444
1371 2129 1414 2176 est
1423 2128 1585 2192 episcopus,
1598 2126 1707 2182 Dehinc
1724 2131 1836 2200 presby·

1015 2190 1080 2258 teri,
1094 2197 1122 2244 et
1134 2192 1248 2246 diaconi
1265 2205 1320 2247 non
1332 2199 1425 2247 tamen
1436 2194 1499 2248 sinc
1509 2195 1636 2265 episcopi
1653 2202 1833 2262 auctoritate,

1015 2268 1130 2329 propter
1142 2262 1271 2317 Beclesiae
1283 2262 1428 2318 bonorem.
1463 2277 1498 2318 uo
1509 2265 1597 2329 salvo,
1609 2266 1687 2322 salva
1702 2283 1754 2337 pax
1762 2277 1833 2326 est.»

1014 2279 1835 2406 thulbusdaminterjectisdeqaicis,quasmiaistrosba·

1016 2402 1113 2471 ptismi
1128 2403 1290 2459 ordinarios
1302 2416 1364 2459 esse
1386 2413 1479 2474 negat,
1495 2407 1597 2461 addit:
1613 2427 1627 2460 «
1641 2409 1709 2464 cnm
1723 2425 1754 2466 ea
1770 2425 1833 2467 ma-

1011 2472 1127 2541 joribus
1141 2481 1312 2542 competant,
1330 2488 1363 2528 ne
1378 2474 1435 2530 sibi
1450 2476 1603 2532 desumant
1623 2478 1750 2537 dicatum
1766 2484 1832 2552 epi·

1014 2545 1110 2610 scopis
1122 2542 1249 2599 oillclum
1264 2546 1455 2614 episcopatus.
1475 2547 1629 2604 AEmulatio
1644 2551 1831 2609 schismatum

1016 2622 1104 2669 mater
1122 2622 1175 2669 est.
1199 2616 1300 2670 tironia
1326 2616 1412 2671 licere
1433 2617 1506 2673 dicit
1529 2620 1730 2676 sanctissimus
1753 2623 1833 2691 444-

1013 2685 1115 2742 stolus.
1131 2686 1178 2739 sed
1200 2698 1255 2739 non
1274 2687 1371 2741 emnia
1393 2689 1536 2756 expedire.
1563 2689 1694 2746 Suillciat
1720 2693 1832 2751 scilicet

1015 2756 1043 2810 in
1057 2754 1543 2826 necessitatibusutaris,sicubiant
1554 2759 1829 2836 loci,auttemporis,

1014 2827 1830 2896 autpersonaecondrtiocompellit.Tuncenimcansciens-

1015 2897 1055 2951 tia
1069 2897 1266 2951 succurrentis
1275 2899 1430 2967 excipitur.
1442 2913 1506 2955 cum
1519 2909 1602 2970 urget
1612 2903 1831 2963 circumstantia

1015 2967 1217 3037 periclitantis.
1228 2966 1368 3035 Quoniam
1382 2982 1448 3024 reus
1465 2976 1508 3023 est
1523 2972 1626 3037 perditi
1641 2972 1773 3036 hominis,
1803 2979 1828 3032 si

141 3057 156 3098 a
174 3045 260 3100 Lucio
277 3042 432 3097 Britanniae
448 3053 521 3111 rege,
539 3044 571 3095 44
597 3040 782 3095 Christianus
801 3039 962 3096 alliceretur
1015 3039 1199 3105 suspenderet
1217 3045 1359 3104 prestare,
1374 3039 1448 3108 quod
1469 3038 1558 3094 libere
1581 3044 1685 3109 potuit.
1706 3045 1831 3116 »argu-

140 3128 191 3239 Ber
204 3113 267 3183 ejas
281 3113 443 3168 mandatum
465 3110 565 3166 »Beda
575 3112 693 3166 totidem
706 3110 792 3167 terme
802 3111 897 3165 verbis
916 3110 961 3166 ba·
976 3104 1000 3167 C
1016 3116 1140 3163 mentum
1165 3120 1182 3161 a
1211 3107 1389 3163 Tertulliano
1415 3114 1598 3164 retractatum
1625 3118 1653 3168 et
1674 3125 1828 3183 expensum

159 3192 202 3241 et:
232 3184 334 3238 allum
362 3181 544 3237 Eleutherius
567 3182 611 3236 vir
633 3189 749 3236 sanctus
779 3180 957 3249 pontillcatui

140 3255 272 3311 ltomanae
296 3253 428 3309 Ecclesia
443 3257 584 3322 praesset,
603 3252 683 3307 misit
702 3253 737 3307 ad
762 3265 826 3306 eum
851 3252 958 3307 Lucius

138 3326 338 3381 Britannorum
355 3338 403 3378 rex
417 3323 578 3392 epistolam,
598 3321 760 3386 obsecrans,
778 3326 809 3377 44
832 3334 880 3390 per
894 3322 957 3390 ejus

138 3398 303 3451 mandatum
321 3394 504 3449 Christianus
518 3391 690 3457 efficeretur,
706 3398 733 3448 44
746 3405 810 3447 mox
825 3389 955 3448 ellectum

138 3467 192 3536 444
207 3465 409 3536 postulationis
418 3472 589 3519 consecutus
603 3470 655 3530 est,
676 3469 753 3518 rete.
773 3462 955 3518 hdditionem

156 3537 290 3593 osterlori
305 3549 389 3591 manu
411 3533 512 3589 iactam
526 3534 637 3590 444444
658 3547 693 3589 44
713 3534 811 3589 444444
828 3530 864 3588 39
883 3532 952 3588 bibl.

137 3552 285 3664 galatine-
298 3607 438 3662 Vaticana
451 3618 480 3659 n.
494 3601 537 3664 36.
555 3604 604 3659 444
620 3603 955 3674 exstantantiqulsimae

136 3679 306 3735 membrana
321 3680 554 3745 repraesentantes
571 3675 629 3730 444
642 3673 809 3745 pontidcum
828 3682 915 3744 gesta,
926 3681 955 3731 et

136 3749 176 3805 ibi
192 3750 219 3805 le
239 3750 312 3805 itur:
342 3748 418 3802 sieut
438 3747 513 3799 Pius.
541 3745 658 3802 Accedit
680 3745 755 3816 quod
780 3747 902 3801 irenaeus
923 3747 953 3800 in

133 3765 255 3889 epistola
271 3820 304 3874 44
326 3819 465 3873 Victorem
491 3816 532 3871 Pii
557 3815 697 3880 meminit,
723 3829 779 3872 non
795 3816 952 3872 Eleutherii

133 3893 212 3946 circa
226 3903 286 3946 eam
297 3888 520 3945 controversiam
533 3887 731 3943 statuentium.
743 3886 834 3956 (apud
847 3887 948 3942 Euseb.

133 3960 152 4016 l.
164 3977 192 4025 4,
208 3975 233 4016 4.
243 3957 288 4029 at)
302 3981 317 4009 «
330 3961 382 4016 Sed
398 3967 425 4014 et
439 3959 596 4029 presbyteri
616 3957 670 4012 illi.
683 3957 732 4027 444
749 3964 814 4013 4444
827 3956 952 4014 Soterem

133 4031 299 4101 Ecclesiam,
311 4033 358 4087 cni
374 4037 404 4085 tu
420 4044 497 4085 nunc
514 4043 610 4097 praes,
625 4027 829 4099 gubernarunt,
845 4031 953 4084 Anice-

132 4107 191 4157 tum
208 4102 324 4164 diceet
340 4102 430 4170 Pium,
442 4106 471 4155 et
492 4100 634 4170 Hyginum
647 4111 711 4155 cum
726 4098 907 4168 Telesphoro,
923 4106 952 4156 et

131 4172 232 4244 Xysto,
249 4185 339 4242 44444
360 4172 416 4241 ipsi
432 4184 557 4241 unquam
571 4169 768 4237 observarant,
782 4187 794 4219 a
806 4175 859 4224 etc.
871 4169 949 4226 [inde

131 4243 254 4303 videtur.
267 4243 444 4298 additionem
460 4242 610 4311 posteriori
622 4239 817 4296 manufactam
831 4253 865 4294 ex
876 4240 948 4296 Beda

129 4326 191 4369 esse
217 4315 416 4380 desumptam3
443 4327 507 4368 cum
534 4311 615 4367 solus
642 4311 713 4366 Beda
744 4313 894 4379 Victorem,
920 4318 949 4367 et

128 4384 326 4439 Eleutherlum
338 4391 473 4453 tauquam
488 4396 585 4437 earum
597 4382 839 4437 constitutionum
852 4388 949 4438 aucto·

128 4468 174 4510 res
190 4454 304 4521 laudet3
328 4453 527 4523 antiquissimi
551 4465 618 4509 vero
640 4451 762 4523 catalogi
793 4459 948 4508 memorent

127 4525 270 4581 victorem
285 4533 314 4579 et
329 4527 419 4579 Pium.
432 4525 482 4579 lsti
496 4531 589 4578 44444
603 4527 672 4579 sunt
686 4522 834 4592 sequendi,
850 4531 947 4592 utpote

126 4609 192 4651 cum
206 4599 308 4652 lrenaeo
316 4595 530 4663 concordantes,
543 4609 591 4663 444
604 4593 701 4648 eodem
714 4600 839 4662 tempore
849 4593 946 4649 vivens

128 4673 238 4736 poterat
253 4667 336 4722 hasce
347 4666 570 4722 constitutiones
582 4665 675 4720 editas
692 4662 846 4732 perfectius
860 4665 944 4728 scire,

124 4743 153 4793 et
169 4750 322 4793 recensere.

162 4809 248 4864 Linea
275 4806 297 4862 4.
314 4837 351 4848 -
374 4809 423 4863 Hic
445 4809 512 4874 44444
538 4810 676 4876 sequentes
700 4805 793 4872 cleros,
811 4806 944 4874 Martyria

122 4884 272 4932 coronatur
285 4884 311 4934 44
320 4881 469 4946 coustituit,
486 4881 517 4931 at
531 4877 690 4931 necessitate
715 4878 834 4939 [44444444
864 4915 888 4929 ..
904 4881 944 4931 att

1014 3179 1182 3233 ostenditeo
1206 3191 1263 3230 aava
1279 3177 1475 3233 aemulationes
1491 3177 1579 3234 luisse
1594 3181 1670 3235 eirca
1692 3183 1827 3252 baptismi

1012 3247 1303 3312 administrationem,
1317 3248 1351 3301 ad
1367 3261 1439 3316 quas
1449 3249 1602 3316 sopiendas
1613 3251 1829 3323 Victorseqaea·

1011 3323 1050 3373 tes
1064 3326 1157 3381 cleros,
1178 3330 1276 3384 nempe
1291 3318 1420 3373 ordinem
1433 3334 1449 3370 a
1471 3319 1620 3386 majoribus
1633 3322 1748 3378 clericis
1762 3338 1827 3379 ser-

1011 3388 1396 3455 vandumdecrevit,seriem
1421 3401 1576 3456 exponens,
1603 3404 1687 3460 quam
1713 3393 1826 3452 incuria

1010 3459 1227 3515 amanuensium
1245 3459 1359 3513 inridit.
1377 3459 1415 3514 lle
1431 3459 1543 3529 reliquo
1555 3461 1642 3516 etiam
1658 3463 1688 3517 ln
1704 3467 1827 3522 necessi·

1010 3536 1068 3585 tate
1083 3537 1224 3585 servatum
1238 3530 1378 3590 ordinem.
1391 3531 1506 3598 444444
1521 3532 1658 3596 temporis
1672 3537 1822 3606 angustie,

1008 3606 1037 3657 et
1051 3600 1181 3656 subsidia
1194 3598 1344 3655 deserenda
1370 3613 1424 3655 non
1438 3599 1598 3663 obstabant,
1618 3602 1701 3658 docet
1717 3603 1821 3661 iactum

1010 3672 1216 3740 proximiorem
1243 3675 1413 3740 temporum,
1438 3684 1537 3740 nempe
1556 3673 1624 3728 dum
1648 3675 1823 3733 Novatiaaus

1006 3741 1128 3797 vivebat.
1143 3741 1194 3796 4444
1208 3754 1272 3797 cum
1287 3740 1433 3811 presbyter
1442 3747 1527 3808 esset,
1543 3749 1570 3797 et
1584 3744 1613 3797 in
1625 3743 1758 3813 baptismi
1771 3760 1822 3803 ne·

1006 3814 1139 3868 cessitate
1153 3819 1335 3867 vers-arentur
1349 3811 1553 3878 catechumeni,
1571 3814 1685 3870 diaconi
1706 3829 1761 3871 non
1774 3831 1823 3873 aa·

1005 3883 1111 3938 debant
1125 3881 1254 3939 conterre
1278 3882 1461 3947 babtismum,
1489 3883 1609 3954 ideoque
1632 3886 1821 3943 Novatianum

1007 3962 1153 4014 vocarunt.
1167 3954 1217 4024 444
1239 3954 1334 4009 444444
1348 3954 1455 4011 venire.
1473 3955 1529 4010 lloc
1541 3955 1749 4011 interorimina
1761 3960 1821 4014 Ne-

1005 4026 1113 4081 tatiani
1140 4033 1268 4081 recenset
1280 4023 1431 4080 Cornelius
1447 4025 1475 4079 in
1500 4025 1620 4094 epistola
1642 4027 1677 4082 ad
1701 4027 1819 4084 Fabium

1005 4097 1215 4152 antiochenum
1230 4109 1264 4150 ex
1289 4095 1384 4152 Rubrii
1409 4095 1651 4164 interpretatione.
1680 4098 1821 4155 ascribit

1003 4167 1080 4222 enim
1104 4168 1140 4222 de
1165 4168 1238 4236 ipso,
1265 4167 1339 4236 quod
1362 4167 1571 4234 persecutionis
1592 4174 1727 4237 tempore,
1754 4183 1819 4226 cum

1003 4235 1035 4292 ln
1046 4238 1149 4294 cellula
1161 4237 1283 4320 quadam
1294 4238 1402 4302 lateret,
1415 4242 1469 4291 eta
1481 4237 1620 4307 diaconis,
1636 4247 1668 4295 ut
1679 4241 1820 4298 morisest

1002 4307 1200 4364 subvenirem
1217 4308 1297 4363 exitu
1312 4307 1526 4363 catechumenis
1546 4316 1703 4380 rogaretur,
1722 4318 1817 4383 aete,

1003 4392 1065 4448 ipse
1079 4393 1139 4435 eam
1157 4380 1333 4448 provinciam
1345 4377 1443 4434 subire
1461 4384 1535 4435 metu
1553 4381 1759 4448 persecutionis
1772 4383 1819 4438 de·

1002 4451 1144 4506 tractavit.
1157 4452 1241 4504 Moris
1251 4453 1344 4519 444444
1356 4455 1424 4510 eret.
1440 4449 1522 4503 etiarn
1540 4463 1603 4504 cum
1619 4451 1817 4508 catechumeni

961 4510 1096 4576 Dessent
1109 4521 1308 4586 subveniendi,
1330 4527 1360 4574 ut
1375 4521 1399 4575 si
1426 4518 1582 4588 presbyteri
1603 4520 1745 4581 adessent,
1771 4522 1816 4578 illi

1000 4590 1187 4661 baptizarent.
1201 4589 1270 4645 Cum
1289 4591 1384 4658 itaque
1404 4589 1501 4644 Victor
1522 4591 1700 4657 sequentiam
1719 4593 1817 4647 deter-

1001 4661 1151 4717 minaverit
1164 4671 1359 4728 personarum,
1373 4658 1469 4713 dicere
1488 4663 1608 4727 oportet.
1624 4658 1696 4715 hanc
1711 4661 1814 4717 seriem

999 4730 1091 4788 luisse
1110 4731 1255 4789 omissam.
1277 4737 1305 4784 et
1330 4729 1580 4783 determinationis
1603 4741 1718 4786 cansam
1744 4731 1814 4787 olim

998 4803 1155 4866 exstitisse,
1171 4813 1227 4870 qua
1237 4805 1382 4870 permotus
1397 4797 1698 4856 Victorconstitutum
1711 4801 1814 4857 edidit.

1000 4873 1069 4929 Vade
1084 4872 1111 4927 S.
1126 4873 1313 4939 4444444444
1328 4870 1346 4923 4.
1365 4881 1384 4922 tt
1406 4873 1500 4922 contra
1512 4870 1635 4922 Permen.
1648 4888 1671 4924 e.
1687 4868 1729 4927 43.

124 4949 320 5018 baptizaretur.
337 4951 367 5004 ln
379 4950 468 5019 gestis
480 4949 551 5004 mira
564 4947 753 5016 transpositio
764 4952 901 5012 occurrit,
914 4951 944 5001 et
1034 4944 1118 4999 Linea
1144 4940 1233 4997 la-
1261 4942 1313 4994 4444
1325 4941 1392 5021 [ecit
1414 4941 1697 5022 constitutumllepeti
1718 4940 1813 5025 fusius

124 5020 289 5075 inordinata
307 5025 451 5089 gestorum
468 5020 567 5083 series,
587 5033 650 5089 qua
665 5017 775 5088 pandit,
799 5023 827 5071 et
848 5016 943 5071 drmat
996 5015 1071 5085 4444
1099 5009 1428 5094 antecedenterdrxerat
1449 5009 1485 5091 44
1505 5016 1715 5067 constitutione
1735 5026 1813 5095 44444

122 5098 250 5145 nostram
265 5092 456 5159 conjecturam
483 5091 518 5146 de
543 5090 652 5145 additis
671 5087 942 5157 interpositionibus
995 5085 1217 5141 controversiam
1232 5081 1268 5136 de
1280 5080 1328 5136 dre
1344 5081 1498 5163 Baschatxs.
1523 5081 1586 5135 llaec
1601 5093 1666 5164 vero
1680 5088 1813 5151 repetitio

120 5175 181 5215 sua
208 5160 266 5216 luci
287 5160 485 5216 restituendis.
506 5161 596 5215 Verba
610 5161 708 5230 itaque
730 5159 780 5215 illa
806 5159 940 5224 llertprao
994 5155 1155 5211 clarissime
1169 5152 1269 5223 prebat
1292 5151 1455 5232 additiones
1478 5149 1576 5234 iactas,
1604 5166 1664 5207 sxre
1686 5154 1812 5210 secundo

119 5237 277 5300 coronatur,
293 5231 468 5287 adnectenda
481 5238 550 5286 sunt
562 5244 626 5287 cum
642 5231 736 5286 verbis
751 5229 940 5285 antecedenti·
993 5225 1074 5282 Rom.
1093 5224 1259 5296 pontillcum
1280 5222 1418 5293 catalogo,
1429 5235 1489 5304 sive
1504 5221 1733 5303 alrxs,quodque
1747 5237 1812 5279 con·

119 5300 185 5360 bus.
219 5309 248 5356 et
272 5302 438 5373 legendum:
464 5303 515 5355 llic
540 5302 676 5368 Mortprio
705 5307 859 5356 coronatur.
888 5301 940 5354 llic
993 5292 1512 5364 sarcinatoresplerumquenoluerrnt
1523 5292 1747 5374 basrmmutare,
1760 5295 1808 5350 sed

116 5374 184 5439 [4444
203 5381 341 5441 sequentes
368 5374 437 5426 clero
444 5411 522 5426 .....
538 5373 722 5433 elcenstitait,
738 5376 769 5424 44
782 5371 939 5424 necessitate
994 5375 1025 5423 44
1039 5367 1067 5422 44
1081 5365 1219 5437 catalogis
1238 5364 1421 5434 notabantur,
1447 5362 1477 5418 ln
1494 5374 1582 5418 unum
1603 5362 1707 5418 deinde
1719 5365 1811 5420 calle·

115 5444 527 5509 faciente,etc.l’raeterenlm
541 5442 624 5498 codd.
648 5441 939 5507 Blorent.secun.,et
992 5439 1096 5510 gerint.
1241 5506 1246 5518 ,
1610 5503 1641 5516 ..
1764 5505 1769 5518 ι

117 5526 176 5583 reg.
193 5514 254 5583 ipse
276 5513 455 5568 tractationis
469 5513 538 5568 ordo
555 5511 808 5579 transpositionem
826 5510 934 5578 probat,
1026 5509 1073 5563 Ad
1086 5511 1322 5574 interropcttonem
1342 5504 1522 5559 sacerdotnm·
1545 5503 1662 5559 additio
1694 5505 1808 5574 plenius

115 5581 935 5648 etlaetamrestitutionemdrmat.Restituimusenmpun·
989 5572 1809 5661 exponitquomolol'ietarisconstitutumluerit·publica

114 5650 936 5723 etisverborumquorumdamdesignantiamomissaesse
989 5655 1060 5717 tum,
1078 5662 1177 5718 nempe
1190 5646 1386 5730 postepxntolas
1402 5658 1612 5728 episcoporum,
1636 5648 1809 5728 qurslngulr

114 5724 200 5780 verba
215 5725 324 5795 aliqua,
340 5738 404 5779 curn
419 5723 580 5793 opinemur,
605 5723 674 5776 olirn
689 5720 832 5776 exstitisse
850 5722 934 5776 ordi·
990 5721 1019 5776 in
1039 5720 1164 5791 singulis
1177 5731 1336 5788 provincius
1348 5729 1484 5800 responsa
1496 5717 1530 5771 ad
1545 5715 1669 5772 chtorrs
1690 5724 1810 5775 interro·

115 5807 191 5866 aem,
204 5801 232 5851 et
246 5797 353 5866 gradus
364 5794 573 5865 ministrorum,
588 5794 639 5864 qui
650 5798 724 5849 esset
734 5791 890 5849 servandus
903 5794 932 5847 in
988 5791 1238 5864 gationesdautes,
1249 5790 1380 5845 unanimi
1391 5792 1456 5845 voto
1471 5787 1688 5860 rescripserunt
1700 5789 1809 5846 Pascha
