3892 6136
114 365 165 428 illi
410 368 413 373 ’
514 370 560 426 ΑΙ)
577 367 796 426 humansrum
814 363 1070 423 Phoubdoblultn
1089 366 1180 422 EDIT.
1204 362 1420 422 nont-vnvm.

117 495 159 550 sis
178 496 309 553 ecclesiis
328 496 445 567 obtulit,
466 495 540 566 quod
563 494 638 551 idem
659 494 689 550 in
708 492 810 550 Leonis
828 492 864 547 111
877 491 983 552 VitaA
999 490 1102 546 mutila
1112 491 1181 561 sint,
1193 506 1255 563 quae
1265 488 1525 547 Lucasilolstenius
1535 501 1570 544 ex
1583 488 1675 558 presa

116 583 265 641 observare
281 585 356 641 licet.
399 626 402 632 .
997 579 1095 634 codice
1108 579 1280 635 Farnesiano
1296 578 1439 649 supplevit
1455 578 1485 633 in
1501 576 1563 633 illis
1577 575 1670 632 variis

154 671 181 728 8.
195 675 234 730 De
248 675 394 731 Paschalis
410 674 495 744 primi
510 673 574 730 Vita
586 678 698 730 constat
709 684 770 728 eam
780 670 816 726 ab
827 677 943 726 auctore
997 665 1089 725 buset
1099 669 1176 724 notis
1186 683 1249 739 quse
1261 669 1295 726 ad
1309 669 1465 739 marginem
1477 672 1506 722 et
1517 665 1602 720 tinem
1615 663 1675 721 sub

120 765 245 822 Romano
266 763 456 833 conscriptam
480 760 572 818 luisse
587 779 595 817 ι
611 761 744 817 meminit
762 760 839 816 eninr
862 756 944 814 urbis
998 758 1041 814 ris
1061 759 1176 828 adiecit.
1201 760 1305 816 Eodem
1333 760 1407 830 stylo
1429 757 1593 827 conscripta
1617 752 1675 813 vidt

119 852 214 908 Roma
227 856 361 922 tanquam
375 851 503 907 civitatis
515 850 544 907 in
556 864 613 922 qua
626 849 778 906 scribebat.
789 847 837 903 Sic
847 848 946 902 narrat
998 848 1100 904 Leonis
1116 849 1159 915 lV,
1173 862 1236 919 quae
1251 848 1367 919 phrases
1380 845 1556 916 supradictis
1570 843 1675 901 similet

119 941 155 997 de
166 939 355 997 translatione
369 939 614 1010 corporissanctae
627 938 749 995 Caeciliae
761 949 827 993 curn
842 947 944 1007 magno
998 940 1027 991 et
1048 941 1193 992 auctorem
1218 938 1312 993 Romae
1331 935 1483 1006 scripsisse
1502 933 1612 991 indicat
1632 931 1675 989 hit

119 1025 310 1085 honoreintra
320 1023 944 1097 muros:«Hujusiiomanaeurbisinecclesia
997 1025 1192 1080 nonasterium
1211 1026 1283 1080 beati
1303 1026 1419 1079 Martini
1436 1024 1598 1092 contessoris
1617 1021 1675 1077 Ghn

119 1115 214 1185 ipsius
226 1116 318 1172 sancti
332 1116 467 1187 martyris
476 1117 606 1174 dedicata
615 1116 650 1171 ad
662 1115 774 1171 laudem
784 1117 814 1169 et
823 1113 944 1185 gloriam
999 1117 1077 1168 entra
1093 1129 1186 1168 muros
1204 1114 1287 1183 bujrrs
1305 1114 1424 1168 civitatis
1443 1113 1569 1168 itonam
1581 1111 1667 1180 jrcata

118 1203 326 1273 omnipotentis
336 1204 397 1276 Dei,
411 1205 537 1275 ejusdem
548 1204 671 1276 virginis
681 1217 786 1273 corpus
797 1215 862 1258 cuna
872 1202 946 1256 cha·
1000 1202 1072 1256 beati
1081 1203 1156 1257 Petri
1169 1203 1285 1272 apostoli
1297 1205 1380 1257 sitam
1394 1205 1443 1256 est.
1454 1200 1533 1256 hlibi
1549 1200 1675 1257 iudicatu

121 1293 239 1351 rissimo
253 1293 402 1350 Valeriano
415 1307 520 1365 sponso
532 1299 617 1364 atque
628 1292 772 1361 Tiburtio,
784 1289 945 1347 etblaximo
1000 1303 1059 1346 rem
1079 1288 1168 1347 luisse
1186 1296 1464 1360 contemporaneum,
1483 1293 1517 1345 ut
1534 1287 1650 1360 quando
1668 1303 1675 1344 l

121 1381 308 1452 martyribus,
319 1394 427 1438 necnon
437 1381 550 1437 Urbano
559 1387 588 1437 et
597 1381 686 1437 Lucio
696 1377 881 1450 pontilicibus
890 1375 945 1433 sub
998 1378 1193 1451 agarenorum
1217 1385 1336 1451 strages.
1368 1380 1442 1434 Dum
1465 1378 1543 1434 enirn
1568 1381 1653 1434 vento

121 1475 302 1526 sacrosancto
314 1469 398 1527 altari
410 1469 571 1527 collocavit.
586 1488 599 1520 r
614 1470 655 1525 Ex
665 1468 773 1540 quibus
782 1466 878 1523 verbis
888 1477 944 1521 non
1001 1467 1130 1524 immisso
1157 1468 1295 1538 dispersa
1317 1467 1512 1540 hgarenorum
1539 1478 1625 1522 naves
1647 1465 1675 1522 at

122 1557 206 1614 modo
225 1563 337 1615 constat
354 1558 467 1614 deloco
485 1558 536 1613 ubi
553 1558 611 1614 haee
626 1557 689 1613 Vita
705 1557 812 1626 scripta
826 1558 879 1626 est,
896 1552 943 1610 sed
1000 1555 1147 1625 pervenire
1168 1556 1354 1626 nequiverant
1370 1574 1376 1610 :
1394 1555 1482 1624 Super
1495 1555 1538 1609 his
1554 1555 1631 1608 nauis
1649 1567 1675 1608 nr

119 1645 207 1702 etiam
225 1646 260 1702 de
279 1646 346 1718 styli
368 1646 520 1719 elegantia,
542 1660 597 1717 qua
616 1644 652 1701 ab
671 1651 787 1701 auctore
807 1644 946 1700 adornata
998 1645 1150 1708 miraculis,
1167 1645 1264 1715 inquit
1278 1649 1387 1713 auctor,
1404 1659 1465 1714 qua
1478 1645 1579 1698 nostris
1595 1643 1675 1698 licett

119 1739 164 1791 est
177 1734 324 1791 Pascbalis
343 1735 475 1791 historia.
492 1734 573 1790 Illam
593 1747 661 1790 sane
680 1733 814 1805 colligere
830 1732 898 1788 licet
911 1745 946 1789 ex
1000 1734 1035 1786 tis
1055 1734 1220 1803 tenporibus
1240 1734 1338 1788 divina
1359 1733 1499 1788 ostendere
1516 1748 1549 1787 ac
1567 1731 1675 1786 mona

119 1825 158 1881 iis
170 1824 278 1897 quade
291 1825 424 1882 incendio
437 1824 565 1880 civitatis
576 1823 708 1880 Leoninae
720 1827 834 1878 enarrat
847 1838 853 1874 :
868 1820 944 1877 «Sed
960 1808 1084 1888 Bpnata
1103 1826 1155 1876 est.
1166 1862 1190 1875 ..
1209 1822 1359 1876 clementia.
1380 1821 1433 1876 Ubi
1450 1834 1532 1877 nemo
1553 1832 1609 1875 non
1628 1816 1675 1875 vid

118 1928 211 1985 neque
226 1912 279 1970 hoc
294 1913 411 1970 silentio
431 1913 659 1983 pratereundum
678 1925 739 1968 esse
757 1909 944 1979 arbitramur,
1000 1922 1058 1964 rem
1071 1911 1171 1965 testari
1187 1910 1246 1966 haec
1263 1924 1326 1981 ques
1345 1915 1443 1966 narrat
1457 1909 1520 1966 suis
1535 1906 1675 1978 temporib

120 2002 226 2073 inquit,
238 2002 313 2073 quod
324 2003 422 2058 eodem
434 2006 569 2072 tempore.
580 1999 724 2057 diabolica
735 2003 869 2070 operante
878 2010 947 2053 ver·
1000 1999 1085 2070 gisse.
1102 1999 1212 2055 lndicat
1226 2012 1340 2070 quoque
1354 2000 1439 2068 culus
1452 1997 1636 2054 auctoritatis
1650 1994 1675 2053 ir

119 2090 208 2160 sutia,
224 2103 274 2160 per
289 2090 477 2161 quorumdam
497 2091 591 2162 gentis
605 2088 762 2161 hnglorum
776 2085 944 2156 dussellum,
1000 2086 1086 2144 relert
1104 2102 1135 2144 se
1154 2101 1210 2143 una
1228 2101 1293 2143 cum
1312 2088 1448 2143 Romanis
1466 2085 1633 2157 proceribus
1649 2085 1675 2155 lu

120 2175 946 2249 inestommsillorumbabitatio,quaineornmlingua
999 2177 1132 2233 Saraceni
1161 2176 1211 2248 qui
1239 2178 1316 2247 capti
1343 2183 1425 2233 erant
1455 2177 1623 2248 ligarentur.
1651 2173 1675 2230 lt

119 2267 231 2336 Burgus
247 2266 368 2336 dicitur,
388 2266 501 2321 damma
518 2266 595 2336 ignis
609 2266 771 2322 exundante
784 2264 944 2335 combusta,
999 2267 1095 2321 Postea
1109 2281 1161 2336 per
1180 2266 1289 2320 diomsa
1307 2269 1443 2335 artificum
1461 2281 1553 2334 opera,
1573 2263 1675 2335 quidqu

120 2357 153 2410 ut
164 2353 251 2410 etiam
262 2366 313 2409 nec
325 2353 445 2424 vestigia
460 2353 589 2422 pristinae
603 2352 792 2409 habitationis
804 2353 835 2408 in
847 2353 945 2408 eodem
999 2357 1104 2409 surium
1128 2354 1247 2418 uidebat,
1270 2371 1321 2424 per
1346 2370 1389 2409 eos
1413 2356 1504 2409 omnia
1522 2354 1675 2423 jubebam

119 2443 182 2499 loco
197 2441 322 2498 inveniri
338 2442 509 2512 potuissent,
525 2442 610 2511 cujus
624 2439 798 2497 exuberante
811 2440 946 2496 incendio
999 2443 1137 2513 Quisnam
1156 2448 1250 2500 autem
1275 2444 1361 2514 hujus
1381 2450 1409 2500 et
1429 2442 1615 2513 praecedentis
1634 2441 1675 2498 vit

119 2545 189 2603 pene
199 2536 287 2587 totam
298 2529 451 2602 porticum,
462 2529 614 2600 quaeduclt
624 2529 659 2585 ad
671 2528 820 2585 basilicam
833 2528 947 2598 princi·
1000 2532 1049 2604 sit,
1068 2532 1172 2589 nullibi
1187 2535 1371 2603 exprimitur,
1389 2533 1496 2589 nullibi
1512 2532 1671 2589 indicatur.

120 2621 165 2691 pis
185 2620 380 2691 apostolorum
404 2618 482 2690 ignis
505 2617 595 2674 lomes
617 2617 816 2674 devastavit.»
838 2617 900 2673 llaec
919 2622 948 2673 et
1037 2618 1079 2677 to.
1108 2621 1229 2678 Putabat
1253 2622 1369 2693 quidem
1396 2635 1453 2678 non
1480 2635 1561 2677 nemo
1590 2624 1675 2677 aucto

119 2709 202 2780 plura
218 2708 323 2763 ibidem
337 2713 438 2763 auctor
449 2706 523 2778 stylo
537 2708 609 2764 satis
623 2707 758 2778 eleganti,
772 2720 788 2762 a
801 2720 859 2778 quo
871 2720 948 2762 non·
1000 2710 1184 2768 anastasium
1215 2711 1480 2781 Bibliothecarium,
1506 2711 1557 2781 qui
1583 2709 1675 2779 praedi

118 2800 193 2856 nibil
214 2797 331 2856 dilierra
353 2797 468 2855 videtur
491 2797 584 2870 stylus
606 2811 663 2870 quo
685 2798 857 2868 conscriptae
878 2799 948 2855 sunt
1003 2801 1043 2872 gii
1059 2802 1125 2857 llet
1142 2801 1242 2857 Leonis
1257 2803 1292 2857 lv
1310 2815 1343 2857 ac
1357 2800 1564 2872 subsequentes
1581 2800 1673 2857 liened

117 2888 189 2945 Vites
208 2901 405 2945 successorum
426 2888 548 2960 Eugenii
567 2889 601 2959 ll,
624 2888 768 2945 Valentini
789 2894 817 2943 et
835 2889 947 2960 Grego-
1001 2891 1113 2948 Nicolai
1136 2893 1148 2946 l
1171 2892 1250 2948 Vitas
1274 2890 1435 2947 Pontificali
1461 2890 1576 2961 adjecit.
1605 2888 1675 2946 Veru

119 2983 211 3049 riilV,
225 2995 260 3037 ex
272 2981 355 3050 culus
368 2979 456 3052 gestis
468 2978 629 3052 colligitur,
641 2985 786 3037 auctorem
798 2985 862 3051 post
872 2979 947 3036 Gre-
1000 2984 1065 3039 Vita
1084 2983 1228 3040 Benedicti
1249 2984 1297 3052 llI,
1319 2996 1382 3054 quae
1404 2993 1583 3053 nequaquam
1604 2978 1675 3037 huet

119 3071 194 3144 gorii
209 3075 319 3125 atatem
339 3069 500 3139 scripsisse.
520 3068 614 3141 Agens
628 3069 706 3125 enim
718 3068 756 3124 de
771 3069 945 3125 monasterio
999 3072 1189 3130 bliothecario
1204 3071 1295 3128 tribui
1311 3076 1413 3142 potest,
1427 3069 1635 3139 cooperturam,
1647 3071 1675 3124 et

119 3160 211 3218 sancti
222 3158 337 3216 callixti
348 3163 428 3214 trans
438 3157 576 3228 Tiberim,
587 3158 707 3214 scribit:
722 3161 777 3214 «ln
790 3171 848 3229 quo
858 3158 944 3214 etiam
959 3143 984 3206 C
999 3177 1072 3216 mum
1092 3161 1280 3229 enapperandi
1300 3157 1467 3230 proliumum
1490 3173 1523 3213 ae
1547 3172 1675 3214 nummos

121 3248 276 3308 monachos
293 3249 447 3305 canonicos
465 3247 640 3321 aggregavit,
657 3248 708 3320 qui
725 3247 798 3304 inibi
818 3245 944 3305 odicium
1001 3265 1064 3324 quae
1083 3252 1113 3307 in
1135 3264 1168 3307 ea
1190 3250 1322 3320 reperiri,
1349 3249 1512 3307 observavit
1536 3248 1627 3305 Lucas
1646 3248 1675 3304 ib

119 3339 246 3397 iacerent
258 3342 287 3394 et
300 3337 489 3408 omnipotenti
504 3338 561 3393 lieo
577 3344 671 3408 grates
684 3342 713 3393 et
727 3336 827 3393 laudes
841 3335 946 3392 dicbus
999 3341 1119 3396 Tantum
1143 3339 1262 3395 initium
1285 3339 1373 3396 istius
1394 3340 1466 3395 Vitae
1491 3338 1642 3411 legendum
1667 3352 1675 3396 t

120 3426 247 3500 singulis
262 3432 292 3482 et
304 3423 438 3482 noctibus
454 3425 598 3496 prosecuti
617 3425 720 3482 intimo
736 3424 833 3482 cordis
848 3425 946 3494 spira·
1000 3427 1200 3498 comprobetur
1213 3446 1219 3483 :
1233 3429 1332 3483 Beatrn
1350 3431 1394 3484 nir
1411 3431 1463 3483 iste
1477 3428 1661 3483 dilectissimis

121 3516 198 3572 mine
211 3516 405 3583 decantarent,
420 3513 496 3586 quod
512 3515 589 3570 sieut
605 3513 634 3570 in
650 3513 867 3584 presentiarum
880 3526 947 3568 eer-
1001 3517 1101 3580 editus,
1116 3516 1216 3571 sinain
1226 3517 1334 3586 pollens
1348 3531 1419 3579 rore,
1440 3531 1611 3587 crescensque
1624 3514 1675 3571 oete

122 3604 229 3670 nimus,
249 3615 351 3674 magno
372 3603 528 3659 certamine
550 3615 709 3674 magnoque
733 3600 830 3659 studio
850 3606 948 3671 pastor
1002 3621 1099 3661 norum
1119 3605 1211 3661 studio
1234 3607 1352 3675 apicem,
1374 3606 1466 3660 Patris
1488 3605 1526 3659 ad
1546 3604 1675 3660 mudnna'

122 3690 248 3746 eximius
269 3690 322 3746 hoc
341 3703 413 3759 opus
432 3690 514 3745 valde
532 3690 731 3747 drmissimum
751 3673 910 3760 ampli‘avit.
931 3707 945 3740 s
1002 3696 1054 3748 trio
1080 3693 1212 3748 traditur.
1232 3692 1329 3749 Simili
1352 3694 1449 3763 inepto
1475 3691 1665 3764 exaggerandi

122 3778 163 3833 Ex
180 3776 288 3847 quibus
303 3775 399 3832 verbis
418 3777 501 3847 plane
519 3776 673 3833 deducitur
691 3785 835 3834 auctorem
852 3778 947 3833 homae
1003 3783 1084 3852 plena
1099 3788 1142 3838 est
1161 3782 1249 3851 hujus
1269 3781 1415 3853 pontilicis
1433 3782 1508 3850 Vita,
1526 3782 1556 3837 ln
1572 3795 1628 3853 qua
1648 3793 1675 3837 ut

123 3863 238 3934 quidem
252 3862 377 3931 vixisse,
393 3862 441 3920 sed
457 3868 522 3934 post
540 3869 668 3934 tempora
686 3866 818 3934 Gregorii
838 3866 945 3934 quarti.
1003 3871 1123 3941 repetita
1147 3869 1251 3927 luisset
1273 3871 1418 3926 successio
1442 3871 1634 3926 homanorum
1658 3882 1675 3939 p

157 3948 184 4006 9.
200 3951 240 4007 De
253 3951 353 4022 Sergio
371 3953 507 4018 secundo,
523 3953 575 4022 qui
590 3951 728 4024 Gregorio
747 3952 782 4007 lll
796 3953 946 4023 successit,
1002 3959 1134 4030 Gregorii
1158 3959 1193 4015 IV
1216 3963 1244 4013 et
1269 3958 1361 4029 Sergii
1387 3960 1420 4027 ll,
1444 3972 1508 4029 qum
1532 3959 1562 4014 in
1583 3957 1675 4014 Leoni

122 4039 208 4096 facile
219 4039 379 4111 colligitur,
399 4052 434 4094 es
451 4039 553 4109 primis
570 4045 714 4111 gestorum
734 4039 839 4109 verbis,
853 4040 947 4095 Vitam
1002 4046 1217 4116 explorassent,
1233 4047 1258 4102 si
1274 4061 1350 4102 unus
1364 4052 1392 4102 er
1407 4047 1481 4103 inem
1495 4052 1597 4103 auctor·
1617 4044 1675 4102 viu

122 4127 242 4199 eiusab
265 4126 324 4183 alio
349 4126 471 4198 quodam
505 4134 622 4184 auctore
657 4127 848 4196 conscriptam
875 4141 946 4196 esse,
1002 4135 1189 4191 compedient
1211 4135 1430 4204 composuisset.
1454 4135 1546 4207 Magis
1568 4134 1661 4202 igitur

121 4216 267 4287 siquidem
282 4216 368 4272 initio
380 4220 548 4286 repetuntur
562 4229 659 4272 ornnes
674 4216 742 4272 anni
756 4217 948 4272 Romanorum
1002 4223 1117 4279 videtur
1142 4223 1194 4279 illa
1219 4223 1399 4280 eruditorum
1429 4223 1557 4280 virorum
1588 4230 1675 4279 senem

125 4303 320 4374 pontiacense
336 4305 426 4360 tenne
440 4304 526 4360 tertio
539 4318 630 4375 nsque
644 4305 679 4360 ad
695 4304 825 4376 sergium
841 4319 950 4361 secun-
1001 4311 1605 4369 xnasusiouiblmtneeartovrnmuicolav
1615 4310 1675 4381 prin

122 4393 201 4463 dum,
219 4393 294 4461 quod
313 4393 432 4449 minime
453 4390 559 4449 lactum
578 4399 662 4464 esset,
680 4393 706 4450 sl
722 4407 799 4451 unus
816 4394 949 4464 idemque
1003 4400 1070 4455 Fuit
1088 4400 1148 4456 naec
1167 4401 1308 4457 sententia
1327 4402 1409 4457 [ηοω
1428 4399 1578 4469 holstenii,
1595 4398 1673 4470 quit

123 4485 224 4537 auctor
250 4481 330 4537 Vitas
361 4481 540 4552 pontificum,
569 4482 620 4552 qui
646 4496 663 4538 a
687 4484 777 4538 Leone
799 4496 890 4553 usque
912 4482 946 4537 ad
962 4481 988 4542 D
1002 4489 1114 4557 Nicolai
1128 4489 1297 4545 adnotavit:
1315 4489 1418 4543 «lianc
1432 4488 1526 4544 Vitam
1541 4500 1557 4543 a
1572 4486 1675 4544 sedisa

121 4571 252 4639 Sergium
270 4572 427 4628 secundum
439 4570 566 4642 deerant,
585 4571 670 4627 Libro
687 4570 849 4627 Pontidcali
866 4571 950 4641 adje-
1003 4576 1224 4633 bibliothecario
1254 4576 1389 4647 scriptam
1431 4576 1516 4633 docet
1551 4573 1675 4647 frequent

122 4660 219 4716 nisset.
257 4660 366 4716 ductor
393 4660 490 4731 itaque
522 4660 673 4717 Gestorum
703 4660 795 4733 sergii
828 4659 946 4715 secundi
1002 4665 1190 4722 ecelesiastici
1206 4666 1323 4721 mentio.
1340 4681 1354 4714 r
1370 4665 1463 4721 Unum
1482 4665 1569 4721 istius
1584 4668 1675 4721 verita

120 4750 255 4807 diversus
266 4754 309 4805 est
323 4749 359 4805 ab
372 4749 411 4805 iis
422 4749 473 4821 qui
489 4749 671 4820 superiorum
687 4749 854 4820 pontificum
867 4747 949 4804 Vitas
1003 4755 1082 4824 plum
1101 4754 1242 4810 adducere
1257 4752 1388 4810 sufficiet.
1403 4754 1443 4808 De
1458 4754 1547 4825 gestis
1561 4765 1675 4824 namqui

121 4840 366 4911 conscripserunt,
402 4839 489 4911 idque
521 4839 671 4897 mantione
706 4845 884 4899 monstratur
913 4856 948 4898 ex
1003 4844 1044 4899 ita
1067 4843 1172 4900 scribit
1190 4848 1291 4899 auctor
1310 4860 1317 4896 :
1339 4842 1416 4897 Sicut
1441 4844 1472 4896 in
1495 4842 1552 4896 iltis
1579 4842 1651 4896 mate

119 4929 204 4999 stylo,
216 4929 266 4999 qui
278 4928 438 5002 singularis
449 4929 571 4999 videtur,
583 4929 743 4999 interjectis
755 4928 863 5000 ubique
873 4929 949 4985 inter
1001 4935 1081 5001 pestis
1102 4936 1133 4987 in
1154 4932 1254 4986 scrinio
1275 4932 1358 5000 huius
1378 4931 1451 4986 sedis
1466 4933 1593 5000 repositis
1611 4930 1675 4986 decl

122 5019 238 5073 nomina
261 5024 290 5074 et
313 5019 452 5089 adjectiva
479 5019 614 5090 pluribus
635 5018 738 5074 verbis.
765 5020 813 5076 Sic
836 5021 948 5077 dicitur
1003 5023 1077 5075 Tunc
1098 5021 1263 5076 AEmiliensis
1287 5018 1468 5076 bibliothecae
1491 5018 1664 5088 apostolicae

120 5103 207 5161 initio
225 5104 375 5160 Gestorum
392 5126 398 5161 :
414 5109 524 5175 Ingenti
542 5108 620 5174 caepit
633 5121 694 5159 cum
711 5107 814 5162 studio.
825 5149 851 5162 ..
873 5111 948 5164 acti-
1000 5113 1071 5165 sieut
1083 5112 1113 5164 in
1132 5109 1223 5176 pestis,
1244 5123 1304 5177 qua
1322 5110 1352 5162 in
1372 5107 1533 5162 bibliotheca
1552 5108 1674 5176 rejacent

120 5195 170 5248 bus
194 5190 297 5262 poliere
319 5193 459 5247 viduetur
475 5195 534 5263 piis
557 5192 593 5247 ab
617 5193 751 5255 omnibus,
777 5199 803 5249 et
824 5199 945 5254 moribus
998 5199 1213 5265 investigaverit,
1231 5197 1331 5266 poterit
1344 5198 1471 5265 reperire.
1491 5180 1605 5266 Quibus
1618 5195 1675 5252 veri

119 5282 264 5336 clarescere
289 5279 424 5346 majorum
445 5282 553 5350 caeperit
581 5280 761 5336 nobilium...
793 5289 946 5340 communi-
1000 5283 1150 5343 manifeste
1178 5285 1286 5341 indicat
1310 5297 1341 5340 sc
1363 5283 1471 5340 scrinio
1497 5289 1526 5340 et
1548 5283 1675 5341 biblioth

120 5370 169 5424 bus
186 5368 302 5424 tradidit
323 5367 410 5422 literis
424 5372 450 5422 et
467 5373 498 5422 ut
516 5368 655 5436 mellifluis
672 5370 856 5425 instrueretur
875 5390 945 5429 can·
999 5374 1107 5432 stolicae
1136 5373 1320 5445 prepositum
1347 5370 1448 5428 luisse.
1478 5372 1557 5429 Unde
1593 5385 1650 5429 non

117 5457 209 5511 titana
228 5456 400 5512 melodiis...
427 5470 503 5509 omne
525 5456 641 5511 literalis
657 5457 810 5528 disciplinae
827 5467 944 5533 sumpsit
998 5463 1246 5520 eminentissimus
1257 5460 1415 5516 cardinalis
1430 5461 1571 5519 baronius
1586 5467 1664 5518 tomo

117 5548 267 5614 ingenium.
300 5543 408 5602 Omitto
437 5544 559 5615 reliqua,
594 5545 726 5619 nihilque
757 5548 943 5619 peculiariter
996 5552 1070 5608 lium
1089 5552 1173 5607 Gesta
1190 5548 1301 5605 Nicolai
1316 5548 1404 5618 primi
1420 5549 1527 5619 passim
1545 5548 1675 5605 anastasi

118 5634 273 5694 nomadum
288 5636 424 5706 occurrit,
439 5633 497 5690 nisi
511 5635 585 5705 quod
599 5635 743 5708 plerisque
753 5637 783 5695 in
797 5636 870 5696 locis
878 5645 942 5697 acta
996 5638 1133 5707 themrio,
1158 5638 1208 5709 qui
1232 5637 1288 5692 sub
1308 5636 1425 5692 Nicolao
1445 5637 1538 5707 primo
1562 5637 1593 5694 in
1616 5636 1675 5693 Urb
