3892 6136
101 323 169 382 ¹aaa
507 323 553 378 an
572 320 788 378 annsrasrun
807 318 1063 377 nnonaconenh
1084 319 1174 374 surr.
1194 317 1408 376 nom-vanc.
1650 280 1654 289 ¹
1765 313 1818 375 aar

116 449 219 505 Leonis
232 450 431 521 Franglpanis,
448 449 699 506 nobilissimorum
712 448 819 502 civium
831 448 937 500 llorna⁴
951 441 982 502 A
996 443 1255 517 chronographiam
1279 445 1398 501 secundi
1425 445 1512 514 hujus
1533 441 1681 513 chronici,
1705 454 1740 499 ea
1762 455 1819 499 uon

117 549 219 594 uorum
233 539 356 594 lidellter
372 552 422 608 pro
437 540 499 607 ipso
511 538 647 593 Paschale
660 537 817 606 agentium.
836 553 848 583 a
995 531 1231 605 distinguentem,
1257 549 1291 590 ex
1313 548 1387 589 anno
1417 532 1486 590 4050
1511 533 1634 589 minoris
1659 531 1818 587 habendam

152 627 423 696 Miroraoonymum
434 628 517 682 illum
531 628 709 695 scriptorem,
724 625 773 694 qui
786 635 860 678 anno
872 619 940 677 4689
996 624 1260 693 moneosuperiori
1272 629 1353 678 aetate
1363 621 1638 691 occurruntaliqnot
1648 619 1819 690 pontillcum

116 716 240 772 Parisiis
249 716 343 771 edidit
353 730 410 770 una
424 730 488 770 cnm
500 715 704 771 dissertatione
713 714 851 769 historica
863 713 939 768 circa
994 711 1108 779 epochae
1119 711 1229 768 iteratae
1241 719 1305 782 post
1317 712 1465 767 biennium
1475 716 1526 767 aut
1537 709 1707 779 triennium,
1717 720 1819 778 nempe

118 806 292 861 numismata
314 804 453 860 nonnulla
467 804 561 860 Caroli
578 805 683 874 lingui,
700 807 729 858 et
742 816 939 858 successorum
995 797 1118 868 Eugeuli
1131 801 1164 870 li,
1179 801 1214 856 ad
1229 814 1320 856 annos
1332 797 1385 855 aab
1398 806 1426 856 et
1438 796 1492 856 893
1508 816 1515 868 ;
1531 797 1624 869 Sergii
1640 799 1675 863 ll,
1691 797 1728 852 ad
1749 808 1816 852 anu.

116 893 212 949 Rome
235 895 358 964 signata,
383 893 469 948 etiam
487 893 589 947 Actum
610 906 644 947 ex
669 892 785 946 archivo
800 888 938 954 Farlensi,
994 884 1048 942 838
1066 893 1094 943 et
1112 885 1161 944 8it
1176 907 1184 958 3
1202 889 1304 945 Leonis
1319 889 1426 959 quarti,
1443 887 1477 943 ad
1498 901 1565 943 ann.
1594 883 1689 943 sanet
1712 881 1779 951 833,
1791 889 1818 940 cl

116 995 179 1050 cap,
194 980 222 1051 8,
237 983 421 1050 productum,
432 982 578 1051 pertinens
588 980 622 1036 ad
636 993 742 1035 aurnum
757 977 825 1034 lici
839 991 940 1048 exquo
994 975 1140 1032 hnasusn
1150 978 1229 1033 tertii
1241 978 1275 1033 ad
1285 991 1352 1033 ann.
1368 975 1421 1033 906
1432 980 1461 1031 et
1471 973 1534 1045 908,
1550 988 1608 1032 uno
1623 973 1686 1032 loco
1698 973 1818 1044 abrase,

118 1069 277 1142 infringere
291 1085 321 1125 se
337 1083 420 1140 posse
440 1071 551 1140 putavit
562 1071 628 1139 jnra
651 1082 790 1138 supremae
805 1068 942 1122 domina·
996 1072 1028 1120 ul
1039 1066 1074 1121 ad
1085 1065 1208 1123 alterum
1221 1066 1455 1123 transferrentur.
1472 1064 1601 1122 Reddita}
1612 1068 1683 1120 suut
1696 1072 1820 1135 utroque

33 1168 37 1177 ·
117 1159 208 1214 lionis
222 1173 400 1214 summorum
418 1158 584 1229 pontillcum
600 1158 879 1224 insuamditionem,
894 1170 941 1211 no·
997 1153 1026 1208 in
1043 1153 1115 1225 loco,
1138 1169 1204 1212 cum
1219 1169 1275 1211 non
1292 1155 1363 1211 satis
1386 1160 1497 1211 constet
1517 1159 1582 1210 ulra
1603 1152 1820 1211 earumabau·

117 1245 206 1302 luerit
220 1249 367 1304 attendere
382 1261 412 1303 se
432 1247 483 1302 illa
499 1247 625 1302 mutuari
640 1245 785 1301 escriniis
798 1245 873 1299 Petri
886 1244 941 1299 ab-
995 1247 1075 1298 ctore
1086 1243 1222 1299 chronici
1238 1244 1361 1314 primum
1378 1244 1490 1314 signata
1505 1240 1594 1299 luerit
1605 1259 1616 1312 ς
1626 1254 1821 1320 nequeappa-

117 1334 192 1391 batis
207 1334 361 1405 Fariensis,
377 1337 461 1392 ducis
478 1336 669 1406 perduellium
684 1335 712 1390 S.
728 1334 759 1388 lt.
776 1336 805 1389 li.
823 1346 872 1402 per
890 1333 939 1388 illa
995 1337 1055 1387 reat
1086 1346 1153 1387 num
1181 1334 1250 1404 ipse,
1272 1332 1481 1401 posterioribus
1506 1332 1586 1387 curis
1614 1343 1649 1386 an
1677 1331 1820 1387 recentior

116 1428 254 1494 tempora,
270 1424 377 1494 quibus
387 1424 522 1494 antipapa
535 1430 564 1478 et
579 1422 768 1479 haeresiarcha
783 1420 940 1477 Guibertus
996 1421 1141 1491 quispiam
1168 1420 1407 1476 bibliothecarius
1422 1434 1456 1476 eu
1479 1419 1601 1491 repertis
1615 1419 1713 1476 serius
1727 1420 1822 1476 docu-

117 1513 258 1582 cjusmodi
271 1512 370 1569 larinas
390 1513 704 1569 hominibusccclesias
719 1526 751 1566 ac
766 1511 940 1566 monasteria
997 1510 1100 1565 mentis
1125 1512 1250 1578 priorem
1276 1509 1426 1566 lectionem
1447 1515 1610 1565 mutarent.
1627 1509 1726 1566 Nostri
1743 1507 1819 1578 qnod

117 1601 298 1670 repleverat3
323 1604 358 1658 de
386 1618 442 1672 qno
473 1604 512 1657 lta
540 1601 642 1657 scribit
667 1603 720 1657 heo
743 1599 886 1655 Ostiensis
911 1598 940 1652 in
995 1605 1057 1654 erat
1072 1600 1209 1667 muneris,
1227 1599 1351 1655 fideliter
1371 1600 1564 1655 indicavimus
1580 1598 1667 1655 etiam
1684 1598 1758 1653 vitia
1773 1602 1819 1653 at·

116 1689 258 1745 Chronico
272 1691 447 1759 cassinensi,
463 1690 505 1745 lib
519 1705 561 1752 111,
576 1703 638 1759 cap.
649 1687 685 1745 70
700 1712 705 1745 ;
722 1709 734 1741 u
749 1689 804 1758 Qui
814 1687 941 1743 Guiber-
997 1688 1214 1757 queerasioncs,
1228 1701 1262 1743 ne
1272 1688 1417 1758 quispiam
1430 1687 1494 1757 plus
1510 1687 1628 1744 tribuat.
1641 1690 1693 1743 aut
1709 1698 1759 1756 per
1769 1698 1820 1742 nos

95 1814 98 1823 ·
117 1782 175 1844 lus,
190 1778 275 1833 etiarn
299 1779 392 1847 pulsis
419 1779 571 1834 catholicis
584 1779 729 1848 episcopis
744 1784 773 1832 et
787 1776 940 1831 abbatibus
956 1767 1137 1831 Biributum
1157 1776 1314 1832 arbitretur
1336 1777 1382 1831 his
1397 1777 1581 1846 chronologis
1591 1790 1676 1846 quam
1698 1789 1749 1844 par
1770 1775 1818 1830 sit.

115 1865 302 1921 ecclesiarum
321 1868 493 1937 pra-positis,
507 1868 627 1923 scientia
639 1867 745 1936 pariter
759 1872 788 1920 el
802 1866 940 1936 religione
996 1865 1026 1920 ln
1040 1865 1232 1933 prioriautem
1242 1865 1427 1936 chronologia
1444 1865 1610 1934 pontificum
1627 1865 1820 1920 Romanorum

118 1954 304 2024 pollentibus,
321 1957 511 2012 sceleratoset
524 1954 940 2028 idiotassingulisclritutlbns
995 1954 1089 2023 (quam
1107 1953 1193 2009 habes
1215 1953 1290 2009 inira
1311 1954 1357 2009 his
1379 1955 1409 2008 in
1430 1952 1649 2026 prolegomenis)
1674 1953 1820 2023 descripta

48 2077 51 2083 ·
117 2047 146 2098 et
159 2043 354 2099 coenobiisvcl
368 2046 511 2114 ecclesiis,
527 2046 668 2117 singulos,
686 2045 829 2100 interdurn
845 2049 939 2100 autem
995 2041 1102 2114 exalto
1125 2044 1264 2098 anteriori
1280 2044 1387 2106 codice,
1412 2057 1496 2113 quem
1522 2049 1621 2099 vocant
1643 2042 1821 2098 chronicum

117 2127 203 2185 binos
216 2131 258 2186 vel
269 2144 381 2187 annuos
403 2135 534 2200 praelatos
549 2133 708 2190 damnabili
723 2135 830 2202 prioris
847 2134 941 2204 magi·
996 2130 1139 2198 Foriense,
1156 2132 1206 2188 ubi
1218 2133 1364 2188 erasiones
1380 2133 1477 2188 nullas
1489 2134 1662 2203 invenimus,
1680 2133 1710 2188 in
1724 2131 1822 2202 penid-

117 2218 171 2274 stri
184 2221 230 2275 sul
245 2218 373 2275 Simonis
395 2222 468 2291 llagl
491 2224 677 2278 mercimonio
703 2221 893 2284 substituens,
911 2222 941 2277 in
996 2219 1067 2276 tirno
1082 2226 1193 2276 tantum
1203 2235 1285 2277 versu
1299 2221 1478 2279 Bonilacium
1492 2223 1707 2293 antipapam,et
1717 2227 1822 2292 quarto

120 2309 386 2378 depredationibus
402 2318 566 2366 sanctorum
584 2312 711 2367 locorum
728 2310 942 2366 etChristiano
996 2314 1062 2363 ante
1078 2309 1160 2363 illum
1183 2309 1245 2366 loco
1264 2311 1383 2365 Leonem
1414 2311 1521 2380 pariter
1545 2309 1820 2381 pseudopontinceu

118 2411 183 2454 rum
204 2398 261 2453 sibi
286 2413 341 2453 nnn
363 2398 529 2468 lateritium,
549 2400 615 2467 lmn,
632 2406 660 2455 et
682 2397 852 2465 faventium,
873 2399 941 2453 dum
996 2397 1089 2452 octavi
1106 2398 1221 2452 nomine
1237 2398 1382 2454 intrusum
1392 2399 1681 2470 oumclfenderimus,
1699 2399 1822 2456 loriasse

118 2499 175 2542 non
213 2493 288 2543 esset
318 2491 368 2559 qui
401 2494 511 2543 armato
536 2488 692 2556 resisteret,
717 2487 801 2557 longe
829 2486 943 2555 lateque
997 2484 1111 2540 additos
1126 2486 1308 2555 suspicamur
1330 2487 1365 2542 ab
1390 2488 1523 2557 imperito
1539 2488 1820 2544 homineretusliori

118 2575 267 2631 voluntate
278 2577 394 2646 quidem
403 2575 561 2631 Neroniset
574 2576 662 2646 Decii,
677 2575 725 2631 sed
743 2576 838 2630 minus
854 2575 941 2644 possi·
996 2586 1030 2628 ex
1044 2573 1178 2646 Catalogo
1199 2574 1228 2629 in
1248 2574 1475 2644 praecedentibus
1496 2577 1664 2632 desinente:
1683 2575 1735 2632 ubi
1749 2577 1821 2633 vitio

119 2661 234 2719 bilitnte
248 2672 393 2720 crass-stus
407 2671 463 2720 est.
481 2684 493 2715 r
781 2705 784 2711 .
996 2662 1191 2732 amanuensis,
1207 2669 1238 2720 ut
1252 2664 1389 2736 arbitror,
1404 2665 1687 2736 antellarinumlqul
1698 2675 1821 2735 quartus

154 2752 256 2808 Simile
271 2754 420 2823 quidpiam
446 2753 570 2824 contigit
596 2753 647 2808 hoo
663 2752 726 2823 ipso
747 2753 777 2809 in
799 2752 941 2808 Chronico
997 2752 1175 2819 preponitur
1191 2758 1346 2808 memorato
1363 2753 1459 2823 leoni)
1480 2760 1539 2810 tres
1555 2754 1707 2823 pontifices
1717 2753 1820 2811 omissi

119 2841 245 2898 secundo
258 2842 335 2898 circa
348 2842 473 2898 medium
487 2842 585 2898 saeculi
595 2841 711 2908 decimi,
724 2842 758 2897 ad
770 2855 944 2911 consequen·
996 2844 1074 2910 sunt,
1089 2841 1210 2896 loannes
1225 2843 1274 2911 xl,
1288 2844 1342 2898 Leo
1353 2844 1400 2898 th
1415 2842 1657 2913 etstphanuslx.

119 2930 159 2985 tla
179 2936 317 2999 tempora,
341 2930 457 3000 quando
477 2929 617 2985 iar-tiones
640 2930 669 2985 in
690 2930 773 2985 ltalia
794 2930 942 2985 acilomae
1030 2928 1136 2985 Caetera
1160 2930 1190 2985 in
1209 2930 1307 2986 eodem
1334 2931 1424 3001 priori
1453 2932 1596 2988 Chronico
1618 2938 1694 2989 recte
1716 2946 1820 3004 proce·

83 3011 86 3014 ’
119 3018 277 3087 praesertim
296 3018 420 3073 subortae
433 3018 544 3072 crebris
557 3017 763 3073 schismatibus
788 3017 941 3072 Ecclesiam
997 3016 1079 3072 dunt.

119 3104 353 3174 proscindebant.
376 3105 501 3177 Apparet
522 3118 571 3173 per
581 3105 694 3161 eosdem
707 3118 798 3160 annos
821 3105 940 3160 vitiatus
956 3089 982 3156 G
1032 3108 1089 3161 llac
1098 3108 1189 3179 igitur
1203 3109 1348 3179 praemissa
1360 3109 1464 3166 notitia
1477 3110 1607 3167 codicum
1621 3116 1649 3167 et
1656 3115 1818 3179 auctorum,

118 3194 207 3249 codex
218 3194 350 3249 erasiohe
365 3195 513 3249 nominum
525 3207 557 3247 ac
569 3193 792 3262 transpositione
801 3192 943 3265 legitimo·
996 3195 1053 3251 tria
1076 3196 1128 3251 illa
1142 3197 1280 3266 opuscula
1305 3198 1508 3270 chronologica
1523 3199 1590 3255 inde
1603 3205 1739 3256 accurate
1767 3199 1822 3256 de-

118 3281 943 3350 rumpontiiicum,scdpotissimumihtermissioneschis·
996 3285 1105 3354 scripta
1127 3289 1190 3342 tuto
1216 3285 1343 3355 prolerre
1364 3288 1423 3356 jam
1452 3302 1615 3358 possumus,
1645 3293 1744 3360 utpote
1757 3287 1822 3343 anis

119 3369 291 3426 malleorum
314 3375 401 3440 atque
426 3369 606 3426 intrusorum
631 3383 754 3439 quorum
775 3371 942 3426 nominibus
996 3374 1659 3434 etiamvitiisetschismatumindiciisverltati
1673 3377 1822 3434 historicae

66 3520 68 3525 ,
117 3457 272 3514 asteriscos
286 3464 314 3515 et
328 3458 428 3515 breves
437 3465 519 3513 notas
533 3458 563 3512 in
575 3457 704 3529 margine
713 3458 857 3515 addendas
872 3472 943 3514 cen·
998 3461 1158 3532 protutura.

17 3583 19 3587 ψ
118 3545 178 3617 sui,
197 3544 358 3602 utiacilius
370 3547 481 3603 secerni
494 3553 619 3617 possent.
634 3547 685 3602 llis
695 3547 781 3602 etiam
797 3549 943 3603 decausis

614 3856 894 3929 cluniculis
950 3861 1318 3935 lhehnnrohunl.

680 4025 810 4072 habeto
832 4025 956 4074 CESARE
977 4029 1020 4074 ab
1034 4031 1204 4078 HENRICUM
1223 3988 1259 4077 ill

122 4164 298 4229 Ublclt'cm
312 4165 444 4246 legitor
456 4166 563 4228 serica
582 4183 699 4246 repant
726 4170 907 4233 Gothorum
922 4172 955 4235 cl
979 4173 1288 4254 Langobardorum,
1312 4176 1544 4241 clemenciam
1571 4175 1823 4260 Spolctuttt‘rcc

412 4265 665 4328 Beneventanis
676 4283 802 4330 acernea
810 4269 975 4350 plrtribns
990 4272 1165 4337 connectens
1179 4271 1381 4338 alchidensis
1396 4278 1529 4341 tractas

799 4428 845 4491 (Ex
860 4428 991 4481 Chronico
1009 4429 1144 4497 burensi.)

153 4709 249 4767 lulius
263 4710 358 4766 Cesar.
372 4709 712 4780 Primoimperavitanno
722 4711 808 4768 Urbis
820 4714 942 4770 conditae
957 4714 985 4776 D
999 4716 1091 4786 liuius
1112 4732 1188 4776 anno
1211 4720 1271 4778 XV.
1291 4720 1426 4778 Christus
1450 4720 1614 4792 baptizatus
1637 4727 1702 4780 csta
1721 4724 1820 4794 xvin,

117 4799 294 4857 bcxcvlhl.
998 4809 1196 4877 passusobiit.

154 4890 329 4947 Octavianus
353 4889 433 4947 lilius
457 4889 568 4946 Octavii
590 4891 736 4948 senatoris
759 4910 766 4962 3
790 4891 942 4962 imperavit
1031 4895 1088 4949 Hoc
1107 4897 1137 4950 in
1153 4897 1282 4952 Chronico
1304 4902 1411 4953 numeri
1430 4915 1534 4971 semper
1557 4902 1751 4970 eaprtmunmr
1772 4916 1824 4971 per

117 4979 204 5035 annis
218 4980 271 5050 leg.
305 4979 369 5034 LVI.
386 4978 594 5047 xuil.;vixit
610 4980 744 5035 LXXVII.
763 4981 854 5050 Hujus
866 4994 942 5037 anno
998 4981 1091 5037 literas
1104 4987 1256 5040 numerales
1275 4987 1415 5056 alphabeti
1428 4991 1529 5044 Latini.
1558 4988 1717 5058 compendii
1731 4993 1822 5044 tamen

119 5066 236 5138 imperii
257 5066 339 5122 xhli.
363 5069 444 5124 lesus
458 5067 592 5123 Christus
612 5069 705 5124 Filius
726 5069 777 5123 Dei
802 5070 942 5126 Dominus
997 5086 1093 5126 corase
1108 5075 1250 5128 reddemus
1263 5081 1401 5144 sequentes
1408 5093 1459 5146 per
1474 5080 1559 5145 cinos
1572 5079 1719 5133 Arabicas.

120 5163 217 5210 noster
229 5153 389 5209 &cundum
404 5156 562 5211 liebraeosa
575 5157 674 5211 murrrii
691 5155 836 5224 principio
857 5159 942 5212 annis
1032 5160 1280 5231 Gaiuscalllcula,
1297 5177 1385 5232 nepos
1399 5164 1507 5221 Tiberii
1528 5179 1595 5223 ann.
1616 5164 1645 5237 3,
1670 5180 1762 5223 mens.
1777 5163 1820 5237 lo,

119 5248 211 5299 aetate.
227 5240 389 5298 Secundum
403 5242 533 5298 llehraeos
548 5256 564 5297 a
584 5243 684 5296 mundi
699 5243 844 5312 principio
859 5247 942 5301 annis
996 5248 1060 5305 dies
1073 5254 1100 5320 b,
1116 5251 1190 5306 vixit
1202 5251 1288 5306 annis
1301 5250 1346 5324 39,
1359 5256 1471 5309 cccmus.

119 5321 162 5392 1'1'1.
179 5340 339 5395 bcccchli.
366 5338 526 5393 Secundum
542 5340 655 5394 Graecos
675 5339 760 5394 annis
778 5322 823 5395 nr.
847 5344 940 5400 DVlll.
1031 5347 1451 5418 ClaudiuspatruusCallieulae
1460 5355 1545 5410 Drusi
1560 5353 1685 5427 privigni
1697 5353 1822 5427 Augusti

119 5425 205 5481 Urbis
217 5427 324 5482 DCdLl.
341 5427 418 5496 obiit.
996 5435 1155 5492 Octaviani.
1169 5437 1479 5506 liujusannosecunuo
1494 5444 1719 5499 Petrusliomam
1730 5443 1821 5511 venit,

154 5515 303 5586 Tyberins,
336 5516 496 5588 privignus,
514 5530 610 5589 gener,
637 5525 664 5571 et
689 5517 768 5574 iilius
790 5521 942 5590 adoptione
996 5538 1072 5582 anno
1082 5526 1235 5583 dominicae
1248 5529 1459 5589 incarnationis
1479 5528 1523 5603 lb,
1540 5537 1568 5588 et
1582 5532 1660 5588 sedit
1675 5532 1705 5589 in
1719 5533 1822 5590 calbe·

118 5603 242 5677 Augusti
271 5605 423 5674 imperavit
454 5605 539 5662 annis
560 5606 663 5679 xxhr,
694 5608 767 5664 vixit
789 5611 939 5669 Lxxxhl.
998 5613 1296 5687 uraunntsetmete.
