3892 6136
64 281 137 340 4485

514 286 674 344 HISTORIA
693 287 738 343 bit
755 284 843 341 virts
862 285 946 343 hott.
966 287 1065 343 PGNT.
1087 317 1123 328 —
1141 289 1169 344 S.
1190 289 1326 346 VICTOR.

1702 290 1772 353 4486

58 404 199 475 44444444
215 408 349 476 proponit
363 409 535 479 sequendam
550 411 714 467 Romanam.
728 408 885 480 Epiphanii
900 406 966 466 As.
989 408 1068 465 Pauli
1089 413 1220 480 (quarum
1240 414 1384 481 specimen
1405 414 1470 470 dedi
1492 430 1578 484 supra
1601 412 1665 488 [col.
1689 413 1768 490 loct]

57 478 885 550 aerousqueadgallicantaminOrientejey'nniumprotra-

57 553 150 616 ctum,
165 561 230 603 cum
250 550 285 603 de
302 551 477 618 jejuniorum
498 553 704 620 superstitione
727 553 797 621 agit,
823 553 885 620 ipsc

58 615 204 673 affirmat:
221 621 250 673 ln
265 619 412 675 44444444.
432 641 445 672 4
459 622 513 690 Qui
530 623 653 678 studiosi
670 630 738 678 sunt
753 623 884 689 biduum,

57 701 92 743 ac
113 689 254 752 triduum,
276 703 308 745 44
328 692 515 761 quatriduum
535 703 750 763 superponunt:
767 695 885 764 quidam

57 764 148 814 totam
170 759 374 817 hebdomadam
399 777 488 832 usqne
507 768 540 818 ad
559 764 627 834 galli
648 774 774 820 4444444.
791 773 883 832 sete,

59 843 125 900 quae
141 831 240 886 ultima
259 832 341 887 verba
359 834 512 902 explicant,
535 837 689 890 terminum
710 837 886 906 jejuniorum

57 899 151 956 luisse
169 914 358 965 communem,
375 911 406 959 ut
422 906 451 959 in
469 914 549 961 nocte
565 906 680 961 Sabbati
701 908 887 978 gallicantus

58 977 135 1026 esset
144 971 322 1040 jejnnrorum
340 975 414 1028 duis.
432 976 631 1045 superpositio
644 991 710 1033 vero
724 979 753 1033 44
766 979 887 1047 iejuniis

58 1048 131 1108 erat,
148 1057 213 1098 cum
230 1052 331 1113 praeter
345 1047 526 1102 ordinarium
545 1048 688 1116 jejunium
706 1050 772 1118 quis
786 1048 885 1115 biduo,

58 1118 110 1168 444
132 1114 223 1184 magis
244 1114 351 1185 absque
372 1116 437 1172 cibo
462 1118 654 1187 protrahebat.
679 1118 811 1176 Occurrit
834 1134 888 1175 vox

57 1196 94 1239 eo
105 1198 192 1240 sensu
204 1186 233 1240 ln
243 1187 318 1241 actis
331 1193 485 1257 martyrum
499 1189 642 1244 Numidiae
653 1204 681 1245 4.
692 1190 728 1244 8:
743 1191 889 1245 4444444444-

58 1256 96 1308 ie's
120 1257 148 1309 in
178 1272 283 1310 carcere
316 1260 425 1324 gemino
452 1263 665 1329 superpositione
690 1262 817 1329 jejuniis.
844 1260 886 1315 Ad

58 1325 250 1395 episcopalem
265 1341 362 1383 curam
383 1336 525 1399 spectasse
536 1332 713 1400 ieiuniorum
730 1332 796 1387 lites
810 1332 888 1387 diri-

59 1410 147 1463 mere,
160 1397 355 1454 Tertullianus
370 1401 398 1454 44
417 1399 491 1456 libro
503 1403 538 1457 de
549 1403 663 1471 4444444
677 1402 730 1457 hoc
744 1403 806 1472 ipso
821 1408 888 1458 tem·

59 1481 130 1537 pore
150 1467 290 1537 scribens,
315 1470 429 1540 liquido
452 1477 574 1528 testatur
587 1491 594 1526 z
608 1475 736 1543 Episcopi
754 1475 889 1528 universae

54 1539 134 1608 plebi
145 1540 278 1594 mundare
284 1540 396 1609 jejunio
410 1544 536 1597 assolent.
554 1543 651 1599 Victor
664 1544 761 1614 itaque
773 1543 808 1598 ab
821 1543 888 1613 cpi-

58 1609 155 1678 scopis
170 1610 353 1675 interrogatis
364 1613 518 1668 terminum
526 1615 705 1683 jejuniorum
719 1628 885 1686 agnoscens,

60 1679 94 1734 in
109 1694 161 1737 suo
176 1681 336 1738 constituto
350 1682 507 1739 declaravit
523 1687 592 1754 quid
608 1691 683 1741 esset
697 1688 886 1756 sequendum,

58 1755 93 1806 ut
107 1751 161 1806 rite
174 1752 286 1808 Paschae
298 1753 441 1810 circulum
452 1754 639 1812 celebrarent.
653 1758 740 1812 Porro
754 1758 783 1811 44
796 1757 887 1812 444444
901 1744 926 1805 Β

58 1820 104 1876 444
126 1821 325 1880 Armeniorum
349 1825 443 1881 adhuc
466 1835 624 1895 perseverat
643 1828 831 1895 consuetudo,
855 1834 888 1882 ut

58 1891 535 2018 4418444444444444440444444444
543 1898 888 1967 Resurrectionisjey'unia

75 1977 122 2018 ov
141 1977 159 2018 4
175 2004 182 2017 .

325 2057 408 2111 BINII
427 2058 470 2112 ET
488 2058 618 2114 LABBEI.

95 2142 145 2211 (lix
159 2143 231 2213 Bru.)
246 2144 331 2202 Linea
348 2144 391 2200 44.
407 2176 441 2185 -
458 2147 602 2216 Τ4444444444
622 2150 744 2218 episcopo
761 2150 888 2203 Alcmon-

58 2212 218 2270 drr'aellunc
230 2215 422 2286 Theophilum
438 2231 454 2272 a
470 2218 582 2273 Victore
596 2220 631 2274 ad
648 2221 805 2276 Romanum
818 2235 886 2276 con-

58 2283 162 2339 cilium
186 2287 367 2354 accersitum,
391 2286 481 2344 luisse
503 2301 559 2344 444
578 2290 815 2361 Alexandrinum,
837 2291 885 2346 sed

58 2357 313 2426 metropolitanum
328 2359 494 2428 4444444444
509 2361 642 2417 Caesareae
659 2362 824 2432 Palaestinae,
841 2370 887 2417 te-

58 2433 154 2481 statur
168 2429 309 2485 Eusebius
324 2375 375 2485 tiis.
390 2443 418 2497 v,
435 2431 504 2485 hist.
521 2444 547 2486 c.
560 2429 606 2486 44.

99 2497 183 2553 Linea
199 2493 242 2554 43.
253 2530 288 2542 -
303 2501 480 2556 custodietur
495 2509 619 2556 sunctum
639 2505 753 2557 Pascha.
768 2505 887 2560 Consti-

58 2567 117 2622 tuit
141 2570 246 2624 Pascha
270 2572 470 2627 celebrandum
500 2586 562 2629 esse
587 2575 735 2630 Dominica
758 2576 887 2644 proxima

58 2637 136 2694 lunae
150 2640 268 2696 decimae
283 2651 391 2714 quartae
407 2651 470 2714 post
483 2645 688 2714 aequinoctium
705 2659 832 2702 vernum.

94 2708 145 2779 (Ex
168 2712 242 2783 Lan)
270 2715 355 2769 Linea
379 2712 421 2769 44.
440 2745 475 2757 -
491 2716 574 2770 Facto
593 2716 745 2770 collatione.
768 2720 889 2773 44444444·

56 2779 232 2923 &soffia
252 2790 296 2840 cst
316 2786 352 2841 de
373 2786 489 2855 Pascha,
514 2788 556 2842 vel
580 2787 615 2843 de
638 2787 687 2843 444
710 2788 802 2857 44444
822 2801 888 2844 cum

384 2965 569 3021 BLANtlillNl

315 3084 391 3127 4444
411 3084 629 3128 4444444444444.

95 3172 240 3242 Quantum
265 3176 451 3235 4444444444
479 3180 691 3235 assecutionem
715 3186 776 3235 tum
802 3179 887 3235 chro-

59 3246 193 3317 nologiae,
217 3252 277 3303 tum
302 3249 437 3304 ilistoriac
464 3251 591 3305 Victoris
622 3250 764 3320 inspectio
790 3251 887 3305 arche

57 3322 192 3386 typorum
221 3319 469 3387 documentorum,
502 3320 652 3376 ostendent
682 3322 795 3390 epochae
821 3321 886 3376 4444

56 3387 184 3444 Victoris
214 3395 241 3444 et
272 3390 435 3460 zephyrini,
466 3406 482 3446 a
515 3391 598 3446 nobis
632 3392 828 3447 examinandae
860 3396 889 3447 et

57 3458 250 3516 stabiliendae.
261 3462 314 3517 Vix
325 3463 401 3517 enim
414 3467 508 3531 posset
517 3464 553 3518 de
563 3462 625 3518 illis
635 3463 783 3532 quippiam
795 3463 889 3518 decer·

58 3529 102 3596 ni,
117 3531 177 3586 sola
194 3532 371 3601 inspectione
383 3533 577 3604 catalogorum
593 3534 678 3588 etiam
696 3533 744 3588 ubi
760 3534 888 3589 universi

57 3602 242 3658 consentiunt
255 3621 263 3672 i
274 3603 330 3658 nisi
342 3603 485 3660 consultis
495 3604 667 3673 archetypis,
679 3605 755 3659 unde
765 3605 887 3674 catalogi

57 3673 887 3744 exscriptisunt,vitiumdescriptionibusdeprehendatur.

57 3742 90 3797 ln
104 3742 160 3798 dne
174 3744 331 3800 Eleutherii
347 3746 486 3814 pariundo
500 3759 564 3801 cum
578 3745 749 3801 consulibus
763 3749 889 3802 hlatcrno

57 3817 87 3869 et
98 3813 220 3885 Bretina,
235 3817 368 3871 sivecum
382 3817 483 3885 primis
493 3816 619 3871 Victoris
632 3817 824 3872 annoChristi
837 3815 890 3872 485

58 3896 159 3941 omnes
179 3886 271 3941 catalo
293 3887 312 3954 i,
329 3893 356 3942 44
376 3888 490 3942 codices
510 3888 714 3942 consentiunt:
732 3902 788 3943 non
806 3902 889 3944 secus

58 3968 92 4010 44
109 3956 139 4010 444
154 3955 210 4011 dne
223 3903 387 4027 zepiyrini,
402 3959 450 4012 cui
467 3973 501 4014 44
516 3972 598 4027 aequo
613 3959 766 4029 assignant
780 3972 890 4014 consu-

59 4024 102 4082 les
116 4027 185 4081 anni
200 4024 252 4082 447
274 4030 441 4083 Praesentem
459 4035 487 4084 ct
507 4030 683 4084 Extricatum
713 4029 807 4084 Finem
823 4030 889 4085 vitae

57 4096 218 4153 Eleutherii
241 4097 367 4154 referunt
386 4100 420 4155 ad
436 4100 512 4155 diem
528 4097 564 4155 46
583 4100 667 4160 Μ444;
684 4101 837 4170 zephyrini
853 4101 887 4155 ad

58 4164 96 4223 46
118 4167 253 4238 Augusti.
273 4170 313 4225 4444
329 4170 377 4225 444
397 4167 433 4226 46
450 4172 516 4227 444444
539 4172 607 4226 4444
632 4168 683 4227 485
704 4172 737 4226 44
760 4172 835 4226 diem
854 4169 890 4226 46

58 4238 183 4309 Augusti
205 4240 274 4295 anni
296 4238 359 4308 447,
385 4248 572 4297 4444444444
591 4243 659 4298 4444
683 4242 771 4298 444444
794 4239 838 4309 34,
861 4247 890 4296 et

59 4321 172 4365 menses
185 4316 244 4367 tres
260 4313 368 4380 pariter
382 4312 479 4368 solidi.
497 4313 612 4368 Summa
626 4316 764 4382 temporis
780 4312 887 4368 Victori

59 4379 201 4436 attributa
216 4396 250 4438 444
264 4396 405 4438 44444444
422 4384 551 4439 omnium
567 4383 763 4453 catalogorum
777 4388 889 4439 constat

58 4450 210 4518 decennio,
231 4460 259 4508 44
281 4455 426 4509 mensibus
447 4454 571 4520 duobus,
595 4468 628 4510 44
649 4454 753 4510 diebus
772 4455 887 4525 decem3

57 4520 177 4592 (unicus
195 4524 271 4578 enim
291 4526 379 4580 codex
398 4525 584 4593 Papebrochii
606 4527 733 4581 detrahit
753 4539 888 4595 mensem,

58 4598 87 4648 et
100 4600 260 4660 postremus
270 4609 302 4650 444
316 4595 488 4651 colbertinis
499 4595 630 4651 bimestri
645 4598 757 4668 integro
774 4610 890 4666 praeser-

57 4669 126 4718 vato
140 4663 242 4719 adimit
265 4667 414 4722 octiduum
431 4681 465 4722 ex
479 4666 611 4736 diebusl:
628 4681 718 4737 quare
732 4672 890 4738 supersunt

58 4734 95 4788 ze
119 4732 222 4802 hyrino
236 4737 305 4791 4444
320 4734 365 4804 54,
382 4744 409 4791 44
422 4739 485 4792 4444
498 4735 551 4792 att:
567 4738 615 4793 cui
633 4745 725 4793 tamen
740 4740 890 4808 catalogus

58 4748 166 4859 Peiicis
178 4805 278 4874 Quarti
294 4808 475 4876 septennium
490 4809 628 4879 assignat,
644 4809 697 4863 alii
712 4809 889 4877 octennium,

58 4874 113 4929 4444
135 4878 318 4942 novennium,
339 4878 390 4933 alii
410 4892 502 4933 annos
521 4877 563 4945 43,
587 4880 629 4934 444
651 4879 694 4944 46,
716 4876 760 4944 47,
783 4877 825 4948 48,
845 4877 889 4949 49,

58 4945 163 5001 nullus
180 4959 245 5002 vero
260 4950 347 5003 codex
362 4949 396 5004 ad
413 4951 577 5005 vicennium
592 4950 740 5022 pertingit.
755 4950 891 5006 consulta

59 5018 174 5072 ratione
187 5019 321 5088 pingendi
336 5033 470 5076 numeros
483 5034 511 5075 m
525 5021 646 5078 basilica
658 5022 686 5078 S.
698 5022 777 5077 Pauli
790 5035 890 5090 super·

57 5086 154 5148 stites.
164 5096 192 5142 44
202 5090 509 5161 incodicibusaliquot
519 5094 649 5156 vetustis,
660 5093 891 5163 colligitursatis

59 5156 224 5228 manifeste,
238 5173 330 5217 annos
347 5175 398 5229 444,
412 5169 440 5217 44
454 5163 517 5218 4444
531 5176 549 5217 n
563 5165 725 5235 assignatos
740 5163 831 5220 luisse
846 5163 892 5218 vi-

57 5230 153 5285 ctoris
165 5231 238 5299 sedi,
251 5233 411 5302 zephyrino
426 5240 520 5289 autem
535 5248 626 5291 annos
640 5250 723 5304 444444,
738 5248 848 5292 menses
861 5248 890 5304 4,

58 5313 95 5355 44
110 5299 173 5356 dies
186 5314 223 5356 x:
241 5317 364 5372 quorum
380 5318 491 5360 summa
506 5306 628 5375 complet
643 5305 793 5375 4444434,
809 5319 892 5361 men-

57 5384 109 5426 ses
123 5368 195 5427 4044
207 5373 270 5428 4444
283 5375 413 5440 totidem,
425 5382 453 5430 et
465 5377 582 5431 omnino
599 5379 750 5447 respondet
762 5377 893 5432 consula·

58 5441 144 5497 tibus
152 5444 319 5514 assignatis,
331 5459 364 5501 44
375 5448 494 5515 tempori
508 5448 661 5516 utriusque
674 5447 814 5516 martyrii,
826 5461 891 5502 cum

60 5513 166 5582 paucis
180 5514 284 5571 diebus
304 5516 533 5587 interpontificii,
553 5524 616 5585 post
633 5518 756 5572 Victoris
774 5522 892 5572 44444444

61 5585 245 5641 reservandis
264 5587 397 5643 electioni
418 5589 604 5643 successoris.
621 5588 680 5656 Qua
703 5601 768 5644 vero
781 5588 893 5644 ratione

60 5653 92 5710 ld
113 5655 349 5724 deprehenderim
364 5671 399 5713 ex
424 5658 548 5726 picturis
561 5659 588 5713 S.
611 5657 701 5728 Pauli,
725 5664 753 5714 ct
772 5660 893 5714 vetustis

60 5725 223 5795 codicibus,
239 5741 359 5799 expono.

99 5796 132 5852 la
152 5799 279 5868 picturis
296 5798 467 5871 pontidcum
489 5801 574 5860 toties
591 5802 747 5873 descriptis
764 5800 892 5861 basilicae

903 4491 931 4552 D
945 4454 1112 4525 telligatur:

942 493 971 534 44
1005 480 1095 551 ligura
1126 483 1292 553 impressa)
1324 484 1399 539 inter
1429 493 1579 556 utramque
1614 487 1768 554 imaginem

941 551 1096 620 clypeatam
1112 554 1235 610 duorum
1251 555 1417 624 pontidcum
1435 557 1629 624 proximorum
1644 559 1770 626 spatium

942 624 1018 677 inter
1028 623 1174 679 orbiculus
1186 626 1343 707 imaginum
1356 633 1502 695 superstes
1514 627 1649 696 impletur
1659 629 1770 698 duplici

941 694 1105 763 epigraphe,
1119 694 1168 749 ubi
1181 709 1296 751 nomma
1307 703 1335 752 et
1345 697 1458 765 44444444
1469 698 1632 753 eorumdem
1646 699 1771 754 duorum

943 765 1110 832 pontificum
1120 765 1272 835 signantur
1284 767 1452 837 perlitteras
1464 770 1615 824 Romanas.
1629 771 1771 825 Numerus

942 847 1082 890 annorum
1100 845 1162 904 post
1178 851 1278 892 nomen
1297 839 1452 907 4444444444,
1469 846 1498 893 44
1512 839 1629 894 terbum
1645 840 1709 895 SED
1729 840 1772 895 Au

942 907 1012 959 sedit
1022 909 1102 960 44444
1115 907 1282 978 4444444444
1292 910 1425 979 signatur
1437 910 1465 964 in
1478 923 1536 964 uno
1547 924 1647 967 versu:
1661 924 1772 967 menses

944 976 973 1030 in
998 991 1081 1032 versu
1105 980 1233 1046 proxitne
1258 978 1390 1035 inferiori
1406 998 1412 1033 :
1430 981 1494 1035 dies
1516 994 1581 1035 vero
1606 981 1635 1035 in
1662 981 1771 1038 intimo.

941 1046 1107 1116 Aliquando
1123 1054 1216 1104 44444
1233 1062 1371 1106 numerus
1386 1051 1414 1105 44
1432 1065 1489 1106 444
1503 1064 1588 1106 versu
1606 1053 1771 1118 inchoatus,

942 1116 979 1171 ob
993 1120 1154 1188 angustiam
1171 1120 1257 1188 spatii
1277 1124 1464 1177 continuatur
1480 1122 1508 1176 44
1529 1122 1773 1192 consequentibus

944 1201 993 1256 per
1006 1190 1166 1244 columnas.
1183 1193 1222 1245 lta
1243 1192 1272 1246 44
1294 1193 1428 1260 pontifice
1449 1192 1572 1249 Eusebio
1586 1193 1650 1248 dies
1666 1193 1770 1264 viginti

944 1260 1072 1329 quinque
1087 1263 1127 1315 ita
1141 1262 1344 1332 exprimuntur
1358 1282 1364 1317 ε

1353 1405 1381 1459 x

1358 1477 1382 1530 v

944 1550 1001 1598 noh
1017 1557 1110 1613 secus,
1125 1557 1159 1600 ac
1174 1545 1204 1600 in
1220 1548 1315 1601 llarco
1328 1545 1392 1671 4434
1404 1544 1437 1602 44
1454 1547 1493 1602 444
1509 1547 1679 1619 signantur:

942 1763 970 1811 44
984 1756 1014 1811 44
1029 1757 1181 1815 Anastasio
1197 1757 1309 1816 444446
1325 1760 1580 1885 444444444444444

1331 1902 1395 1957 XVI

978 1971 1006 2026 44
1033 1985 1089 2028 444
1115 1972 1331 2029 attendentibus
1359 1974 1600 2043 descriptoribus,
1626 1974 1712 2032 facile
1736 1990 1772 2033 ex

942 2055 1083 2097 annorum
1104 2057 1221 2100 numero
1236 2044 1381 2113 duplicem
1397 2059 1510 2100 versum
1526 2054 1683 2115 occupante
1698 2060 1773 2103 con·

943 2113 1011 2184 tigit
1027 2114 1089 2170 loco
1103 2115 1226 2171 duarum
1244 2117 1370 2184 partium
1388 2116 1479 2187 legere
1495 2130 1628 2173 nurneros
1643 2119 1727 2182 duos,
1744 2124 1772 2174 et

943 2187 1066 2252 priorem
1084 2186 1117 2241 ad
1133 2199 1224 2241 annos
1238 2186 1352 2257 reterre,
1369 2187 1490 2242 alterum
1506 2188 1540 2243 ad
1558 2201 1678 2253 menses,
1697 2203 1772 2258 prae-

943 2256 1028 2324 cipue
1043 2255 1092 2311 ubi
1114 2259 1220 2312 mensis
1236 2258 1335 2312 nullus
1350 2272 1437 2326 supra
1457 2271 1550 2313 annos
1566 2259 1693 2329 integros
1711 2265 1773 2315 erat

942 2327 1773 2399 exprimendus3velnullusdiesaddendussupramenses

943 2397 1061 2453 solidos.
1081 2400 1136 2453 llac
1156 2413 1221 2455 vero
1240 2399 1371 2455 adhibita
1390 2399 1597 2470 observatione,
1621 2401 1773 2470 pariantur

943 2482 1059 2524 summm
1076 2471 1105 2523 in
1123 2471 1252 2526 numeris
1268 2471 1323 2524 rite
1339 2471 1463 2535 signatis
1483 2485 1547 2525 cum
1568 2471 1771 2527 consulatibus

942 2540 1079 2595 similiter
1098 2549 1172 2596 recte
1191 2542 1344 2609 4444444444.
1365 2542 1622 2596 Demonstrandum
1638 2543 1724 2598 estid
1742 2543 1772 2597 in

943 2612 1066 2667 Victore.
1079 2611 1224 2667 consensu
1237 2612 1432 2683 catalogorum
1445 2612 1627 2683 aliorumque
1639 2613 1773 2669 codicum

947 2682 993 2737 illi
1009 2681 1142 2738 attributi
1158 2690 1235 2747 sunt,
1255 2689 1285 2737 44
1299 2685 1418 2752 exposui
1437 2697 1499 2753 pag.
1517 2695 1581 2737 44444
1598 2686 1627 2738 44
1645 2684 1774 2752 Prolego·

944 2754 1123 2808 4444444444
1144 2767 1172 2820 x,
1196 2766 1307 2808 menses
1328 2768 1360 2820 44,
1381 2754 1443 2809 dies
1466 2768 1494 2808 44.
1519 2754 1698 2822 despondere
1721 2756 1774 2811 hoc

944 2824 1063 2879 minime
1079 2830 1171 2891 potest
1189 2823 1302 2886 diebus,
1319 2833 1347 2880 et
1361 2825 1446 2879 annis
1463 2826 1592 2893 martyrii
1608 2839 1659 2882 seu
1674 2825 1772 2882 obitus

942 2895 1102 2950 decessoris
1115 2893 1285 2960 Eleutherii,
1296 2902 1324 2950 et
1334 2896 1380 2950 sui
1394 2895 1576 2950 Eleutherius
1586 2896 1634 2951 die
1645 2894 1680 2952 46
1689 2897 1770 2963 llaii,

943 2966 1041 3022 Victor
1055 2963 1090 3020 48
1103 2966 1174 3020 44444
1190 2963 1261 3020 44444
1282 2973 1412 3034 44444444
1432 2965 1549 3019 colitur.
1572 2967 1634 3020 Non
1652 2973 1772 3035 possunt

943 3036 1037 3107 igitur
1053 3048 1162 3090 menses
1176 3036 1234 3090 duo
1250 3049 1315 3090 cum
1331 3034 1435 3091 diebus
1453 3036 1548 3090 decem
1566 3043 1667 3104 praeter
1681 3049 1772 3093 444444

902 3104 926 3165 C
943 3107 1052 3163 solidos
1063 3108 1138 3161 inter
1151 3112 1306 3175 utrumque
1318 3107 1471 3161 terminum
1484 3107 1640 3161 numerari.
1656 3108 1770 3163 etiamsi

942 3180 1038 3233 eadem
1060 3177 1108 3233 die
1130 3182 1309 3246 supponatur
1332 3178 1440 3232 electus
1463 3175 1570 3239 Victor,
1595 3190 1651 3246 qua
1673 3179 1773 3233 morie·

941 3247 1026 3303 batur
1040 3248 1233 3303 Eleutherius.
1246 3246 1401 3301 Consulum
1416 3259 1531 3317 quoque
1546 3247 1619 3301 ratio
1633 3254 1772 3318 repugnat

942 3320 1088 3390 assignato
1106 3318 1244 3373 decennio
1259 3335 1265 3382 3
1279 3330 1343 3372 cum
1364 3317 1442 3386 paria
1458 3316 1609 3372 consulum
1627 3318 1770 3386 undecim,

944 3396 1158 3445 numerentura
1173 3388 1325 3443 Commodo
1338 3389 1360 3443 v
1372 3395 1400 3443 et
1412 3388 1568 3443 citeriore
1585 3388 1693 3443 Christi
1710 3386 1771 3449 486,

945 3462 1048 3531 primis
1061 3460 1168 3514 Victori
1180 3459 1340 3528 attributis,
1354 3459 1388 3514 44
1403 3460 1603 3527 Saturninum,
1618 3466 1646 3515 et
1657 3459 1769 3516 Gallum

943 3531 1052 3587 Christi
1067 3529 1119 3585 498
1142 3531 1249 3599 444444
1262 3543 1295 3584 en
1313 3531 1469 3599 adscriptis
1490 3529 1658 3600 zeprhyrino.
1679 3529 1773 3599 Quare

944 3616 995 3658 nec
1009 3602 1082 3668 dies,
1100 3615 1150 3657 nec
1171 3601 1240 3656 anni
1258 3601 1489 3655 consentientia
1511 3602 1618 3670 epocha
1635 3600 1771 3672 Victoris,

945 3675 975 3729 44
999 3687 1055 3744 444
1082 3679 1180 3728 tantus
1204 3681 1248 3727 est
1270 3672 1402 3727 codicum
1428 3677 1456 3726 et
1478 3671 1673 3743 catalogorum
1698 3686 1773 3728 con·

944 3758 1046 3800 sensus
1060 3743 1088 3797 44
1106 3743 1244 3798 4444444.
1260 3742 1381 3798 Picturae
1399 3743 1545 3798 leonianae
1561 3744 1590 3797 in
1606 3741 1728 3797 basilica
1741 3743 1770 3800 S.

944 3815 1024 3871 Pauli
1050 3813 1140 3869 solam
1164 3813 1276 3869 denarii
1303 3820 1398 3869 notam
1423 3820 1597 3882 praesamant
1620 3815 1649 3868 44
1679 3815 1772 3882 primo

943 3901 1038 3956 versu,
1063 3886 1092 3940 44
1113 3899 1170 3955 444
1194 3884 1288 3954 444444
1313 3884 1461 3952 legebatur
1483 3885 1595 3939 numeri
1618 3897 1769 3942 annorum.

943 3957 1151 4013 Desiderantur
1173 3963 1269 4011 autem
1292 3953 1396 4011 litterae
1418 3968 1552 4011 versuum
1577 3956 1770 4026 sequentium,

944 4030 995 4086 uni
1019 4041 1138 4091 menses,
1157 4040 1190 4081 44
1202 4027 1274 4094 4444,
1294 4028 1320 4081 44
1341 4027 1509 4096 quiessent,
1531 4026 1666 4096 signandi
1679 4033 1770 4083 erant.

943 4101 1005 4154 Non
1027 4097 1139 4164 dubito,
1161 4098 1231 4167 quin
1254 4097 1361 4153 binarii
1387 4103 1454 4152 nota
1479 4110 1533 4152 444
1556 4098 1720 4153 4444444444
1743 4099 1773 4154 44

944 4169 1070 4227 4444444
1083 4182 1177 4233 44444,
1193 4182 1248 4224 444
1265 4175 1357 4224 44444
1371 4167 1519 4224 reserenda
1531 4168 1565 4223 44
1584 4181 1705 4234 menses,
1723 4169 1772 4239 qui

944 4241 1019 4296 44444
1032 4247 1124 4307 44444,
1143 4240 1239 4296 44444
1254 4239 1394 4310 44144444
1411 4246 1518 4309 partem
1533 4239 1706 4295 duodenarii
1723 4254 1774 4296 nu·

945 4313 1014 4368 meri
1029 4325 1170 4367 annorum
1180 4311 1326 4379 complens
1339 4324 1479 4367 summam
1491 4322 1526 4365 444
1541 4316 1620 4379 44444
1629 4311 1771 4379 signatam

945 4383 974 4437 44
997 4397 1081 4438 versu
1102 4382 1270 4451 superiore:
1289 4382 1373 4438 itaut
1389 4382 1498 4452 epocha
1519 4382 1559 4436 ita
1578 4394 1711 4450 expressa
1727 4382 1771 4436 in-

1201 4524 1276 4579 SED.
1319 4523 1361 4580 vel
1405 4523 1479 4578 SED.
1656 4522 1737 4577 Sedit

1180 4594 1290 4648 AN.X.
1390 4593 1500 4648 Alex.
1609 4592 1768 4647 annilel.

980 4666 1084 4722 diebus
1197 4664 1229 4718 11.
1246 4665 1278 4719 4).
1420 4665 1453 4718 44.
1616 4662 1719 4719 diebus
1732 4662 1770 4717 X.

1009 4737 1036 4791 Χ
1219 4734 1256 4788 X.
1402 4735 1434 4789 D.
1450 4733 1486 4788 X.

947 4822 996 4875 pro
1009 4820 1066 4878 qua
1077 4805 1238 4874 descriptor
1248 4802 1399 4861 exhibuit:
1413 4804 1488 4860 sedit
1497 4803 1582 4859 annis
1593 4818 1623 4872 x,
1635 4818 1724 4861 mens.
1739 4818 1770 4876 n,

944 4877 1048 4933 diebus
1063 4891 1091 4932 4.

981 4951 1069 5005 Porro
1080 4948 1149 5004 anni
1164 4961 1205 5002 44
1218 4952 1246 5003 44
1257 4947 1320 5002 dies
1335 4959 1364 5013 44,
1386 4952 1449 5017 4444
1461 4945 1545 5001 tinem
1565 4945 1725 5002 Eleutherii
1737 4944 1772 5002 46

945 5021 1014 5076 hlaii
1029 5018 1089 5089 485,
1104 5024 1179 5074 44444
1193 5019 1357 5088 pertingent
1369 5017 1402 5072 ad
1418 5018 1500 5073 linem
1516 5018 1640 5073 Victoris
1653 5014 1689 5073 48
1700 5017 1771 5072 44444

946 5089 1008 5147 itti.
1025 5091 1050 5147 44
1068 5091 1227 5146 vacationis
1248 5089 1326 5144 sedis
1342 5089 1449 5144 mensis
1465 5101 1550 5156 unus,
1567 5082 1719 5144 44444443
1733 5096 1771 5144 at·

946 5162 1114 5218 tribuantur
1133 5165 1195 5230 post
1214 5166 1332 5215 mortem
1358 5159 1514 5215 Eleutherii
1533 5159 1567 5214 ad
1591 5159 1770 5227 electionem,

946 5242 974 5290 et
989 5233 1198 5289 ordinationem
1219 5230 1345 5286 Victoris
1363 5229 1396 5285 48
1409 5230 1478 5285 iulii
1495 5232 1564 5285 anni
1584 5228 1637 5284 485
1656 5229 1705 5285 444
1720 5230 1772 5285 Du·

948 5305 1072 5360 mimica:
1089 5303 1163 5359 unde
1178 5302 1213 5357 ad
1232 5303 1294 5370 eius
1313 5303 1379 5356 444444
1396 5302 1552 5356 terminum
1571 5298 1607 5356 48
1627 5299 1697 5355 iulii
1720 5296 1771 5356 tat

946 5389 1057 5432 summa
1086 5372 1286 5429 numerabitur
1315 5385 1455 5427 annorum
1481 5385 1523 5426 444
1547 5379 1575 5425 44
1600 5371 1712 5427 dierum
1740 5385 1770 5426 x.

947 5447 1035 5501 Primi
1049 5453 1140 5501 44444
1154 5443 1287 5498 44444444
1303 5442 1348 5497 4444
1363 5442 1534 5498 4444444444
1546 5442 1730 5507 Saturninus,
1744 5448 1773 5498 et

947 5516 1058 5579 Gallus,
1072 5516 1122 5587 qui
1141 5515 1256 5584 signant
1275 5526 1380 5569 annum
1401 5511 1460 5578 486,
1474 5520 1503 5568 44
1520 5514 1644 5583 primum
1664 5513 1771 5569 Pascha

946 5588 1073 5658 cjrrsdem
1097 5580 1303 5655 pontrbcatus;
1322 5598 1386 5640 cum
1408 5596 1483 5639 4444
1510 5584 1679 5653 precedenti
1708 5583 1770 5652 485,

948 5658 1083 5714 Paschale
1106 5663 1229 5725 tempus,
1256 5656 1382 5711 llaterno
1404 5661 1432 5710 et
1454 5655 1564 5712 Bradua
1589 5654 1769 5720 consulibus,

948 5730 1089 5801 pertineat
1109 5729 1143 5785 ad
1168 5727 1367 5784 Eleutherium
1387 5725 1481 5782 adhuc
1503 5727 1533 5783 in
1555 5725 1614 5783 rita
1634 5725 1772 5797 supersti-

948 5811 1013 5860 iem.

980 4525 1059 4581 Sedit

944 4596 1031 4651 annis
1043 4596 1105 4651 xli.
