3892 6136
147 257 185 320 Ἠ
375 254 378 259 ’
544 252 593 312 ΑΙ)
610 250 829 311 humatarum
848 248 1106 310 PROLliGOllliNh
1126 251 1216 308 EDIT.
1235 248 1449 309 ΚΘΕ-ΜΕ.
1809 246 1847 308 at

152 389 240 463 mine,
253 383 432 448 veneratione
444 379 568 441 maxima
582 378 637 439 tibi
649 379 756 453 oblato,
770 379 805 437 ad
818 377 1005 437 constitutam
1018 376 1075 435 sibi
1088 377 1219 435 vaticani
1236 377 1419 451 impressoris
1432 379 1534 438 neum
1551 389 1699 452 nunquam
1711 388 1767 434 non
1778 387 1845 447 pro·

152 479 233 558 gredi
247 476 386 534 videatur.

727 823 977 898 CLEMENS
1031 823 1164 897 PhPh
1217 824 1276 896 Xl

789 1022 823 1066 hb
844 1023 971 1068 FUTURAH
990 1024 1036 1069 REI
1060 1024 1214 1069 deuouisse.

185 1334 265 1408 Cum,
300 1337 377 1394 sicut
401 1339 485 1397 uobis
507 1339 621 1397 abunde
653 1344 833 1412 perspectum
864 1345 917 1408 est,
948 1341 1072 1399 dilectus
1102 1343 1181 1401 ilius
1208 1346 1330 1401 loannes
1357 1345 1446 1401 blaria
1479 1344 1615 1413 salviani,
1647 1341 1696 1397 ubi
1726 1339 1850 1410 primum

151 1426 367 1498 typographiam
380 1443 460 1486 suam
475 1431 504 1487 in
516 1430 627 1487 aedibus
640 1431 781 1504 gymnasii
795 1432 948 1501 sapientia
963 1428 1119 1503 nuncupati
1134 1435 1215 1490 alma
1228 1435 1309 1491 urbis
1323 1440 1428 1491 nostrae
1439 1435 1465 1490 ei
1479 1435 1512 1490 ad
1527 1435 1555 1489 id
1568 1435 1653 1504 jussu
1666 1434 1764 1485 nostro
1775 1427 1852 1483 assi-

151 1517 255 1589 gnatis,
270 1523 424 1590 nostraque
440 1521 568 1592 impensa
580 1523 736 1593 ampliatis,
755 1521 903 1592 magnifice
917 1523 1051 1593 externit,
1067 1522 1227 1593 impensius
1239 1531 1335 1580 autem
1350 1530 1378 1581 et
1391 1525 1526 1595 alacrius,
1542 1529 1692 1593 postquam
1707 1533 1757 1574 nos
1769 1518 1850 1572 illum

150 1620 200 1679 per
218 1608 341 1678 speciale
360 1609 584 1684 chirographum
602 1612 650 1668 die
672 1610 707 1668 aa
730 1612 847 1683 hugusti
868 1612 936 1667 anni
958 1611 1086 1682 proxime
1106 1613 1244 1682 preteriti
1265 1628 1350 1670 manu
1372 1618 1467 1671 nostru
1491 1614 1634 1684 signatum
1658 1605 1852 1680 typographia

104 1768 106 1773 Ι
149 1695 291 1753 vaticanae
304 1698 339 1754 ad
356 1700 430 1756 aedes
448 1700 599 1771 praedictas
615 1701 727 1758 anobis
744 1700 890 1757 translatae
908 1701 1127 1771 praeposuimus,
1140 1706 1167 1757 et
1185 1703 1393 1775 typographum
1410 1704 1578 1760 Vaticanum
1596 1714 1662 1757 cum
1682 1694 1849 1762 honoribus,

151 1787 323 1861 privilegiis,
340 1791 536 1862 praerogativis
549 1793 576 1846 et
591 1789 779 1848 facultatibus
793 1791 950 1857 consuetis,
966 1804 1094 1862 congruo
1109 1793 1135 1847 ei
1150 1792 1269 1862 insuper
1284 1793 1443 1849 constituto
1460 1791 1615 1862 stipendio,
1631 1787 1831 1858 deputavimus
1844 1801 1850 1851 3

151 1877 182 1934 ln
197 1890 258 1935 eam
278 1892 386 1951 curam,
406 1878 500 1935 nullis
520 1881 660 1950 parcendo
679 1880 855 1952 sumptibus,
879 1880 1074 1936 indesinenter
1094 1881 1268 1953 incubuerit,
1286 1887 1317 1937 ut
1337 1882 1405 1938 libri
1428 1881 1617 1937 nitidissimis
1638 1873 1853 1933 characteribus

149 1965 293 2039 impressi,
318 1981 487 2040 summaque
507 1969 661 2041 diligentia
680 1983 712 2025 ac
732 1969 787 2025 ide
807 1971 946 2041 recogniti
966 1974 994 2026 et
1014 1971 1167 2043 emendati,
1190 1971 1225 2027 ab
1243 1973 1339 2028 eadem
1362 1986 1413 2027 sua
1435 1971 1624 2043 typographia
1647 1970 1677 2024 iu
1703 1967 1851 2038 publicum

147 2055 299 2113 ederentur
313 2075 319 2110 :
337 2070 386 2112 nec
400 2070 467 2112 sane
483 2056 623 2115 laudabili
640 2060 786 2129 proposito
800 2058 966 2130 frustratus,
980 2059 1029 2128 sit,
1045 2073 1110 2115 cum
1124 2061 1305 2130 quamplura,
1323 2076 1386 2130 quae
1400 2061 1449 2115 ille
1463 2061 1600 2115 haetenus
1614 2057 1751 2128 vulgavit,
1767 2054 1852 2110 volu-

148 2145 236 2215 mina,
253 2145 410 2215 praesertim
422 2159 567 2202 sacrorum
580 2147 899 2220 ecclesiasticorumque
912 2148 1086 2218 scriptorum
1102 2148 1141 2203 ita
1154 2149 1277 2219 exculta,
1293 2154 1392 2204 ornata
1406 2154 1492 2219 atque
1505 2152 1632 2203 correcta
1647 2148 1675 2201 in
1688 2147 1778 2202 lucem
1792 2156 1853 2215 pro

146 2235 264 2306 dicrint,
280 2239 311 2291 ut
325 2248 340 2291 a
354 2233 491 2291 litteratis
503 2236 587 2304 viris,
606 2237 699 2309 iisque
713 2239 857 2308 omnibus,
870 2238 944 2308 apud
960 2251 1031 2308 ques
1042 2237 1122 2292 bonae
1132 2241 1208 2292 artes
1220 2238 1249 2292 in
1264 2238 1356 2306 pretio
1369 2241 1447 2308 suut,
1460 2237 1605 2292 communi
1621 2236 1724 2305 plausu
1738 2239 1853 2306 excepta

147 2323 265 2381 tuerint.
278 2323 439 2381 Novissime
459 2338 536 2396 vero,
555 2325 632 2381 sicut
646 2326 720 2383 idem
741 2329 863 2382 loannes
882 2327 971 2382 blaria
994 2324 1078 2382 nobis
1095 2338 1187 2395 nuper
1201 2326 1304 2395 expnni
1331 2324 1407 2393 iecit,
1432 2326 1492 2394 ipse
1512 2324 1650 2380 celebrem
1672 2323 1790 2392 librum,
1805 2325 1852 2379 oui

147 2413 253 2470 titulus
269 2414 432 2469 :Arbustusit
447 2415 652 2469 bibliothecarii
666 2416 698 2470 de
715 2417 785 2470 Vitis
801 2418 982 2470 homanorum
996 2416 1167 2486 Pontificum,
1184 2431 1201 2468 a
1215 2417 1246 2469 Β.
1260 2417 1339 2469 Petro
1354 2415 1476 2484 apostola
1491 2415 1529 2468 aet
1543 2415 1686 2470 Nicolaum
1700 2416 1724 2476 l,
1739 2415 1853 2482 <roboretis

149 2505 220 2560 vitis
240 2503 361 2558 Adriani
372 2507 401 2559 ll
416 2509 441 2559 et
453 2505 584 2574 Stephani
598 2505 645 2567 Vl,
661 2503 780 2559 tractore
795 2504 939 2559 Gtotttelnoo
961 2505 1181 2568 bibliothecario,
1203 2504 1265 2561 suis
1278 2505 1354 2577 typis
1376 2505 1409 2561 ad
1426 2504 1569 2575 publicam
1591 2505 1719 2559 ommium
1733 2517 1766 2558 aa:
1777 2518 1854 2573 prae-

147 2592 246 2649 sertim
261 2592 462 2649 ecclesiasticae
474 2593 603 2649 historiae
616 2594 811 2650 studiosorum
828 2594 983 2650 utilitatem
998 2594 1132 2650 mandare
1146 2595 1304 2650 decreverit
1315 2612 1323 2664 ς
1335 2594 1382 2650 sed
1394 2599 1487 2649 tamen
1502 2598 1632 2648 vereatur
1644 2607 1686 2661 ne,
1703 2597 1852 2663 postquam

147 2680 1852 2755 edilusiuerit,alii,quiexalieuolaborclucrumquaerunt,librumhuy'usmodiinipsiusloanuisllariaepraejudicium

149 2773 241 2828 terum
258 2769 386 2841 imprimi
408 2775 517 2827 curent.
534 2774 591 2828 Nos
612 2772 738 2841 ejusdem
757 2773 875 2829 loannis
895 2773 991 2828 blarioe
1013 2772 1207 2843 indemnitati,
1231 2787 1265 2829 ne
1280 2787 1313 2828 ex
1335 2773 1525 2842 impressione
1546 2771 1712 2842 hujusmodi
1734 2771 1852 2840 aliquod

147 2859 332 2931 dispendium
347 2860 483 2932 patiatur,
499 2861 656 2931 providere,
672 2861 813 2933 illumque
828 2861 1003 2932 specialibus
1019 2861 1165 2918 favoribus
1178 2869 1206 2918 ct
1218 2862 1320 2934 gratiis
1333 2863 1468 2933 prosequi
1480 2861 1616 2929 volentes,
1632 2865 1658 2915 et
1671 2873 1686 2914 a
1700 2858 1854 2929 quibusvis

147 2948 464 3018 excommunicationis,
482 2950 682 3019 suspensionis
695 2956 723 3006 ct
736 2950 894 3021 interdicti,
910 2951 1035 3024 aliisque
1048 2950 1254 3007 ecclesiasticis
1268 2951 1431 3020 sententiis,
1446 2949 1577 3006 censuris
1589 2954 1617 3004 et
1632 2949 1734 3018 paenis,
1749 2961 1764 3002 a
1778 2948 1853 3016 y'ure,

149 3036 192 3093 vel
206 3036 241 3092 ab
253 3036 368 3093 homine
379 3038 480 3108 quavis
492 3040 650 3105 occasione,
663 3038 706 3095 vel
721 3052 808 3096 causa
821 3039 898 3110 latis,
912 3041 936 3096 si
952 3041 1058 3112 quibus
1071 3040 1286 3111 quomodolibet
1300 3041 1455 3097 innodatus
1468 3039 1579 3109 existit,
1591 3039 1625 3093 ad
1637 3037 1767 3093 ellectum
1780 3051 1854 3105 prae·

150 3125 275 3182 sentium
297 3127 438 3182 duntaxat
459 3132 650 3195 consequente
666 3127 768 3184 barum
791 3128 865 3184 serie
881 3129 1069 3199 absolventes,
1091 3134 1119 3186 et
1137 3130 1302 3187 absolutum
1326 3129 1385 3186 iore
1401 3134 1569 3185 censentes:
1587 3126 1855 3196 supplicationibus
1923 3184 1932 3198 ,

148 3214 213 3285 elus
224 3216 340 3271 nomine
353 3215 436 3272 nobis
447 3230 533 3288 super
545 3216 597 3272 boc
609 3216 760 3274 humiliter
775 3219 913 3293 porrectis
925 3219 1069 3291 inclinati,
1081 3220 1173 3276 eidem
1185 3221 1286 3276 loanni
1304 3220 1409 3289 itariae,
1426 3225 1457 3276 ut
1469 3218 1576 3290 viginti
1587 3218 1673 3273 annis
1688 3216 1854 3287 proximisa

149 3303 284 3376 primaeva
299 3304 366 3360 libri
381 3303 491 3376 praelati
508 3304 697 3375 impressione
711 3308 913 3378 computandis
932 3308 1117 3379 durantibus,
1134 3309 1289 3365 dummodo
1305 3312 1398 3364 tamen
1416 3308 1465 3364 ille
1480 3299 1496 3363 a'
1511 3307 1618 3363 dilecto
1639 3306 1699 3362 illio
1712 3305 1853 3389 'magistro

148 3391 223 3449 sacri
238 3391 337 3461 palatii
353 3393 505 3462 apostolici
518 3395 694 3466 approbatus
707 3393 756 3465 sit,
772 3409 854 3452 uerno
869 3403 926 3452 tam
941 3397 971 3453 iu
984 3397 1058 3454 Urbe
1073 3397 1200 3470 praetuta,
1216 3412 1302 3467 quam
1317 3397 1346 3453 in
1361 3397 1474 3467 reliquo
1487 3398 1568 3452 Statu
1582 3381 1777 3451 ecclesiastico
1793 3406 1854 3447 me-

151 3480 229 3538 diate
243 3481 285 3537 vel
307 3481 470 3538 immediate
490 3482 573 3539 nobis
597 3482 725 3553 subjecto
747 3483 854 3541 librum
876 3486 1044 3556 pradictum
1067 3488 1131 3544 sine
1145 3487 1264 3557 speciali
1283 3486 1431 3542 memorati
1450 3486 1568 3542 loarxuis
1586 3482 1692 3549 llariae,
1708 3489 1758 3539 aut
1772 3481 1807 3537 ab
1823 3494 1854 3536 co

151 3584 267 3629 causam
284 3570 451 3627 habentium
468 3564 586 3628 licentia
601 3572 775 3642 imprimere,
792 3577 842 3631 aut
857 3574 892 3630 ab
905 3576 973 3646 alic,
988 3576 1030 3632 vel
1048 3576 1116 3632 aliis
1135 3577 1306 3647 impressum
1322 3577 1453 3646 vendere,
1469 3580 1519 3632 aaut
1537 3575 1662 3631 venalem
1677 3573 1789 3640 habere,
1806 3575 1856 3626 aut

152 3673 308 3732 proponere
322 3660 422 3730 possit,
436 3657 593 3730 apostolica
607 3661 779 3717 auctoritate
790 3666 887 3719 tenore
900 3665 1084 3734 praesentium
1097 3666 1282 3722 concedimus
1294 3669 1322 3720 et
1336 3665 1530 3736 indulgemus.
1543 3663 1707 3720 lubibentes
1722 3667 1855 3730 propter-

152 3761 185 3806 ea
197 3747 350 3818 utriusque
366 3760 451 3803 sexus
465 3746 572 3803 Christi
590 3747 733 3819 ddelibus,
751 3750 908 3818 prasertim
925 3753 1065 3810 librorum
1082 3754 1317 3826 impressoribus,
1333 3760 1361 3810 et
1377 3753 1547 3825 bibliopolis
1562 3753 1615 3809 sub
1631 3752 1854 3822 quingentorum

152 3835 322 3893 ducatorum
335 3835 399 3891 auri
412 3834 448 3890 de
460 3834 585 3906 camera,
600 3840 628 3891 et
637 3836 805 3892 amissionis
816 3837 957 3894 librorum
970 3845 998 3895 et
1011 3845 1141 3911 typorum
1155 3845 1284 3898 omnium
1297 3856 1347 3912 pro
1359 3854 1416 3898 una
1425 3843 1547 3897 Gamerae
1560 3842 1664 3895 nostrae
1678 3839 1854 3908 apostolica,

153 3927 182 3982 et
197 3940 247 3997 pro
262 3925 320 3981 alia
333 3922 450 3995 praelato
461 3924 580 3981 loannis
596 3925 691 3981 llariae
704 3939 736 3982 ac
752 3941 804 3997 pro
821 3928 934 3999 reliqua
949 3930 1044 3986 tertiis
1058 3931 1190 4000 partibus
1203 3931 1374 3996 accusatori,
1391 3933 1419 3985 et
1429 3928 1522 3998 judici
1537 3927 1704 3996 exsequenti
1721 3926 1855 3981 irremis-

153 4013 478 4085 sibiliterapplicandis,
490 4020 517 4070 et
524 4026 557 4069 eo
567 4015 630 4084 ipso
637 4013 813 4086 absqueulla
821 4015 1207 4077 declarationeincurreudis
1218 4023 1320 4091 patenis,
1331 4017 1461 4074 nedictvs
1470 4015 1573 4085 viginti
1585 4015 1670 4070 anuis
1681 4014 1855 4071 durantibus

155 4103 261 4162 librum
278 4102 437 4174 pnaeiatum,
451 4108 501 4160 aut
515 4104 642 4176 aliquam
656 4105 718 4174 ejus
733 4110 850 4177 partem,
867 4111 923 4162 tam
939 4107 968 4163 iu
984 4107 1068 4179 Urbe,
1085 4123 1170 4182 quam
1185 4109 1214 4165 in
1228 4109 1339 4179 reliquo
1353 4107 1434 4162 Statu
1447 4104 1644 4162 ecclesiastico
1665 4104 1853 4174 supradictis,

154 4195 218 4254 sine
231 4194 396 4266 hujusmodi
411 4193 530 4250 licentia
550 4194 723 4265 imprimere,
737 4200 788 4251 aut
803 4195 837 4252 ab
854 4196 924 4253 aliis
943 4198 1125 4270 impressum,
1145 4203 1196 4254 aut
1211 4199 1379 4266 impressam
1394 4194 1527 4266 vendere,
1544 4207 1594 4251 seu
1607 4193 1733 4250 venalem
1752 4192 1856 4249 habere

156 4283 356 4358 quoquomodo
378 4284 512 4354 audeaut,
535 4297 586 4340 scu
608 4289 791 4354 praesumant.
816 4286 981 4343 Mandautes
1002 4292 1150 4358 propterea
1169 4285 1285 4341 dilectis
1305 4285 1377 4341 tiliis
1397 4286 1518 4356 nostris,
1540 4288 1568 4340 et
1591 4283 1755 4353 apostolicae
1778 4285 1856 4340 sedis

154 4375 190 4433 de
204 4374 293 4431 latere
305 4372 418 4445 legatis,
438 4386 489 4429 seu
501 4381 600 4430 eorum
617 4373 679 4430 vice
697 4373 808 4447 legatis,
824 4379 874 4430 aut
888 4376 1120 4446 presidentibus,
1140 4373 1392 4447 gubernatoribus,
1410 4373 1593 4445 praetoribus,
1608 4377 1636 4428 et
1651 4373 1719 4430 aliis
1732 4374 1855 4443 justitia

155 4463 300 4522 ministris
312 4461 535 4533 provinciarum,
550 4463 710 4534 civitatum,
725 4468 877 4535 terrarum,
891 4468 919 4519 et
930 4464 1056 4520 locorum
1071 4465 1168 4521 Status
1181 4464 1272 4520 nostri
1286 4463 1475 4521 ecclesiastici
1490 4462 1613 4534 praefati,
1628 4469 1769 4534 quatenus
1788 4478 1855 4534 prae

154 4553 233 4612 dicto
242 4553 343 4609 Joauni
354 4551 460 4622 llariae,
472 4565 521 4609 seu
532 4552 567 4607 ab
577 4566 610 4608 eo
620 4566 735 4609 causam
747 4553 920 4610 habentibus
932 4553 1078 4624 predictis
1089 4554 1119 4609 iu
1134 4553 1291 4623 praemissis
1303 4552 1424 4609 efficacis
1434 4551 1612 4609 detensionis
1625 4552 1760 4624 prasidio
1771 4553 1855 4609 assis·

156 4647 232 4702 toute
251 4661 259 4716 3
281 4642 510 4714 quandocunque
530 4643 566 4699 ab
586 4644 683 4700 eodem
704 4645 811 4700 toanuc
832 4645 921 4700 ituria
943 4642 1053 4701 luerint
1075 4642 1222 4715 requisiti,
1247 4656 1343 4713 paenas
1366 4642 1518 4714 praedictas
1541 4647 1641 4698 contra
1667 4656 1855 4713 quoscunque

155 4731 606 4791 inobedientesirremissibiliter
613 4736 815 4804 exsequantur.
824 4731 1074 4789 nonobstantibus
1082 4731 1350 4802 constitutionibus,
1361 4730 1815 4801 ctordinationibusapostolicis,
1823 4746 1855 4786 ae

154 4822 307 4897 quibusvis
316 4822 443 4893 smtutis,
460 4827 487 4879 et
499 4821 770 4892 consuctudinibus,
782 4822 869 4879 etiam
881 4822 1054 4895 juramento,
1065 4822 1283 4879 contirmatiouc
1294 4820 1462 4892 apostolica,
1477 4819 1519 4877 vel
1534 4821 1637 4892 quavis
1649 4820 1785 4876 drmitate
1798 4820 1856 4877 alia

155 4911 307 4984 roboratis,
320 4911 483 4985 privilegiis
493 4926 616 4984 quoque,
632 4910 765 4983 indultis,
779 4916 806 4967 et
816 4911 923 4968 litteris
932 4910 1101 4982 apostolicis
1112 4912 1143 4968 iu
1154 4910 1329 4969 contrarium
1344 4910 1555 4979 premissorum
1567 4908 1783 4982 quomodolibet
1793 4924 1856 4966 con-

155 5000 255 5073 cessis,
276 5000 462 5074 contirmatls,
485 5006 513 5058 et
529 5001 683 5072 innovatis,
705 5000 873 5071 caterisque
897 5000 1053 5058 contrariis
1074 5002 1305 5073 quibuscunque.
1331 5000 1470 5056 Volumus
1492 5004 1587 5057 autem
1614 5002 1646 5054 ut
1670 5000 1854 5069 praesentium

154 5091 358 5163 transsumptis
370 5093 463 5162 etjam
475 5091 505 5147 in
519 5092 581 5162 ipso
593 5090 679 5147 Libro
691 5090 850 5161 impressis,
863 5104 949 5150 manu
959 5092 1085 5165 aliqu‘us
1096 5092 1201 5149 notarii
1215 5088 1325 5160 publici
1338 5089 1523 5161 subscriptis,
1534 5097 1563 5146 et
1574 5088 1673 5161 sigillo
1688 5102 1814 5160 personae
1826 5088 1855 5143 in

154 5180 348 5247 ecelesiastica
367 5179 509 5252 dignitate
524 5179 689 5237 constituta
703 5178 825 5235 munitis
841 5181 939 5238 ecem
958 5195 1076 5254 prorsus
1091 5181 1161 5239 ildes
1176 5179 1284 5251 ubique
1298 5179 1481 5249 adhibeatur,
1498 5191 1561 5251 quae
1577 5178 1650 5248 ipsis
1666 5177 1856 5250 presentibus

153 5270 349 5338 adhiberetur,
362 5268 387 5325 si
401 5266 495 5324 iorent
508 5269 656 5342 exhibitae,
670 5268 714 5325 vel
726 5271 855 5326 ostensa.
868 5271 972 5330 Datum
988 5273 1084 5330 hornae
1097 5269 1173 5344 apud
1188 5269 1215 5325 S.
1233 5269 1352 5326 blancam
1368 5270 1501 5339 blajorem
1515 5266 1569 5326 sub
1582 5268 1690 5327 annulo
1700 5267 1855 5339 piscatoris

152 5361 201 5419 dic
216 5360 308 5432 prima
321 5357 401 5414 lunii
419 5352 497 5429 trra,
517 5358 702 5428 pontificatus
717 5357 809 5416 nostri
826 5372 903 5417 auno
920 5358 963 5416 l8.

1167 5450 1198 5503 ll.
1215 5449 1366 5504 cardinatis
1382 5447 1545 5507 Ouvvunxus.
1645 5529 1649 5534 ,
