3892 6136
126 297 179 356 963

525 297 572 351 Ab
590 292 807 351 haasrasiun
827 288 1085 348 Pnoihuoiiiirth
1103 291 1191 347 EDIT.
1214 288 1430 348 noii.-vhric.
1784 287 1833 346 964

121 437 155 480 ex
169 421 421 493 apostolicaesedis
448 420 628 488 anctoritate,
649 432 706 475 rem
730 412 1188 487 prorsusinau-Aquasciinqne
1207 414 1509 484 firmissimasputant,
1535 410 1764 480 praeselerentes.
1794 414 1834 471 uti

120 495 222 561 ditain,
239 508 303 564 quai
317 499 382 548 ante
393 492 420 547 id
443 493 579 561 temporis
592 503 682 560 neque
703 489 841 559 permissa
856 499 948 556 neque
1005 489 1132 558 pontitlci
1147 487 1228 541 iidem
1245 486 1361 552 iaciant,
1373 483 1695 555 commendationesque
1714 482 1834 540 aberen-

121 565 196 622 iacta
220 578 345 634 unquam
367 563 468 618 iuerat.
497 560 682 628 Quamobrem
704 574 720 615 e
742 562 854 614 Patrem
877 572 951 612 con·
1004 567 1123 629 tesqnae
1137 556 1331 612 maximosihi
1357 556 1423 612 usui
1449 555 1484 611 ad
1512 559 1684 611 movendum
1728 555 1834 624 pontii·

122 651 203 693 sessu
218 636 356 705 expulsus
370 633 435 699 init,
448 640 503 688 ete
524 634 670 687 contrario
691 630 884 686 Theodoretus
896 628 951 683 ad·
1004 630 1184 685 eisanimnm
1199 630 1259 684 sint
1280 628 1394 683 interae.

123 709 240 775 missus,
252 707 302 777 qui
316 720 350 761 ex
365 706 506 760 sententia
533 701 679 772 pontificis
703 701 846 770 propriam
860 700 889 755 in
903 712 951 754 se-

121 781 185 836 dem
199 777 293 834 inerat
305 777 471 832 restitutus.
485 771 874 829 ConvinciturDioscorusi).
889 771 952 825 Leo·

123 851 170 906 nis
181 849 372 920 Dogmaticam
383 845 486 915 Ephesi
497 844 564 901 dolo
581 844 952 913 malosuppressissequam

123 921 241 976 concilii
258 921 354 973 Patres
366 929 464 973 omnes
488 929 557 985 pure
569 929 602 970 ac
616 914 791 984 simpliciter
805 927 834 968 se
856 911 952 967 susci-

122 1005 189 1063 pere
224 990 343 1060 pectitur
375 1003 432 1042 eom
456 1001 546 1041 omnes
577 992 700 1056 prompte
732 986 893 1054 suscipimus
905 980 951 1053 (o).

122 1064 217 1118 Altera
232 1062 262 1116 in
276 1060 388 1116 actione
403 1063 546 1113 testantur
558 1057 655 1113 Patres
678 1056 785 1125 absque
798 1055 875 1111 omni
890 1051 952 1109 ior-

124 1135 243 1190 mulaac
267 1130 476 1188 deliberatione
504 1128 595 1183 eidem
611 1141 641 1183 se
666 1126 795 1196 epistole
821 1124 953 1181 subscri-

123 1202 368 1275 psisseEpistolae
386 1214 476 1254 omnes
501 1199 722 1269 subscripsimus.
752 1199 851 1252 Verani
882 1197 952 1251 inca

122 1275 205 1332 iidem
218 1274 366 1331 continere
382 1269 576 1339 affirmarique
591 1273 778 1341 cognoscunt,
794 1266 911 1333 perinde
920 1278 954 1320 ac

123 1348 238 1403 Nicaeno
267 1347 297 1401 in
327 1340 474 1413 symoboio
508 1346 671 1396 sanctorum
709 1338 865 1394 traditione
899 1338 954 1390 Pa-

122 1425 199 1474 irum
215 1417 266 1488 qui
288 1420 353 1483 post
370 1425 430 1468 eain
454 1409 593 1481 synodum
621 1413 760 1465 inruere:
789 1422 852 1464 cnm
877 1419 954 1463 neca

123 1490 244 1545 recitata
265 1490 370 1546 essent,
396 1482 489 1537 eidem
514 1481 599 1536 etiam
624 1481 754 1552 epistolae
787 1424 954 1559 plangentes

122 1559 286 1616 clamarunt
315 1557 412 1611 Patres
437 1553 495 1620 jani
512 1565 543 1607 se
566 1551 791 1621 subscripsisse:
816 1552 871 1607 Nos
891 1563 954 1618 yom

122 1631 343 1698 subscripsimus.
383 1623 479 1679 Tertia
510 1623 539 1678 in
564 1625 677 1679 actione
702 1621 831 1692 pontiiex
852 1620 954 1676 archi-

1041 698 1381 756 i‘ontiiexdeflnitionem
1400 703 1550 755 summast
1575 704 1655 754 certa
1695 697 1754 754 tide
1778 711 1835 755 cen

1007 770 1131 827 ilrmavit
1144 783 1193 840 per
1208 771 1319 826 litteras
1333 771 1369 826 ad
1392 770 1552 826 Galliarum
1573 770 1729 840 episcopos
1744 767 1792 840 (ρ),
1805 772 1834 827 ad

1009 843 1207 912 imperatorem
1226 842 1413 907 biarclanum,
1438 839 1471 896 ad
1498 839 1680 896 Pulcheriam
1714 840 1834 911 imperi-

1008 914 1119 981 tricem,
1148 914 1182 968 ad
1210 911 1374 969 Anatolium
1397 910 1830 1040 constantinopolitannmdhh

1008 985 1098 1040 multo
1113 991 1207 1040 aulem
1221 986 1350 1054 apertius
1374 984 1408 1040 ad
1435 984 1585 1053 episcopos
1608 983 1660 1053 qui
1701 994 1754 1053 syn
1795 996 1833 1039 nni

1006 1055 1226 1112 celebraverant.
1238 1056 1378 1112 Canonem
1394 1068 1460 1111 vero
1487 1054 1767 1111 duodetricesimum
1791 1068 1833 1125 pro

1006 1126 1293 1196 constantinopoleos
1305 1126 1441 1183 cathedra
1465 1125 1581 1196 penitus
1607 1125 1722 1194 rejecit.
1744 1124 1835 1196 reique

1008 1200 1146 1254 certiores
1159 1198 1226 1254 lecit
1242 1198 1351 1255 litteris
1367 1198 1470 1255 iisdem
1484 1197 1564 1254 viros
1579 1196 1648 1253 illos
1664 1196 1834 1265 praestantis.

1008 1272 1108 1338 simos,
1120 1270 1283 1340 litterisque
1292 1270 1361 1325 aliis
1370 1282 1428 1326 rent
1439 1269 1528 1339 ipsam
1538 1268 1768 1324 communicavit
1777 1281 1832 1323 coni

1008 1341 1240 1397 Alexandrinnet
1256 1340 1436 1397 Antiocheno
1467 1339 1644 1410 patriarchis
1655 1336 1696 1408 (ei.
1719 1351 1832 1409 quornm

1010 1413 1166 1483 prasertim
1185 1414 1320 1468 intererat
1333 1425 1365 1467 ea
1381 1410 1503 1479 novitas,
1519 1409 1773 1481 cumquealiqnot
1783 1410 1833 1480 epi·

1010 1484 1106 1553 scopis
1120 1486 1284 1540 eorumdem
1297 1482 1495 1554 suffraganeis.

1044 1555 1072 1609 S.
1111 1555 1257 1624 pontilicis
1293 1557 1452 1610 auctoritas
1480 1553 1666 1611 exsecutione
1689 1551 1834 1624 probibuit

1011 1624 1087 1681 hunc
1101 1638 1237 1682 canonem
1250 1643 1257 1695 ς
1270 1626 1346 1695 quod
1363 1625 1431 1680 licet
1444 1624 1562 1682 moleste
1583 1624 1673 1681 terret
1697 1626 1834 1680 constan-

122 1700 250 1770 episcopi
269 1694 953 1761 universalisnominenuncupainr3oamnatur
1009 1697 1170 1766 tinopoleos
1193 1696 1351 1768 presulis),
1389 1701 1482 1751 tamen
1509 1695 1545 1752 ab
1570 1696 1748 1766 imperatore
1771 1707 1834 1750 eon-

121 1771 333 1840 deponiturque
343 1770 507 1834 Dioscorus,
520 1770 579 1820 tum
591 1765 680 1819 variis
702 1762 951 1844 nominibustum
965 1775 992 1836 Β
1009 1773 1105 1823 tentus
1119 1767 1148 1822 in
1166 1766 1259 1823 oliicio
1274 1781 1338 1838 erga
1347 1766 1492 1835 pontilicis
1500 1766 1691 1836 voluntatem,
1708 1766 1777 1823 liuic
1789 1764 1832 1821 imi

121 1855 155 1899 eo
170 1842 353 1911 potissimum
369 1837 437 1909 qnia
454 1836 659 1904 impedimento
679 1834 771 1891 inerat
795 1847 953 1902 quominus
1007 1845 1136 1908 peratore
1167 1841 1264 1896 eodem
1299 1843 1426 1909 cogente,
1454 1851 1504 1908 per
1536 1837 1676 1908 epitolam
1709 1836 1833 1909 obsequii

120 1927 160 1970 ese
174 1915 278 1969 litterae
295 1912 457 1981 legerentur
472 1906 574 1974 Ephesi
592 1919 692 1975 magno
712 1919 777 1961 cnm
803 1904 953 1959 catholice
1009 1909 1121 1979 plenam
1137 1909 1289 1965 satisfecit,

120 1985 254 2040 Ecclesiae
269 1981 413 2043 scandalo,
427 1990 489 2047 (111ae
502 1977 559 2045 iam
574 1977 670 2058 ¹plura
694 1989 826 2058 perpessa
849 1975 951 2056 luerat.
1043 1981 1114 2035 Divo
1127 1981 1214 2036 Leoni
1240 1980 1364 2036 maxime
1379 1979 1408 2035 id
1433 1980 1513 2036 cordi
1528 1985 1600 2042 erat.
1616 1985 1649 2038 ut
1661 1978 1833 2038 omnibnsin

120 2055 152 2111 ln
163 2056 274 2110 actione
285 2057 397 2123 quarta,
414 2051 581 2130 interregem
598 2051 693 2129 Patres
705 2047 741 2129 ab
757 2052 954 2127 imperatoriis
1008 2054 1151 2106 terrarum
1165 2051 1245 2107 orbis
1259 2051 1394 2109 Ecclesiis
1409 2050 1492 2107 iidem
1517 2052 1737 2108 incarnationis
1758 2050 1833 2106 llerbi

122 2125 350 2194 inquisitoribus
362 2129 460 2176 utrum
485 2119 545 2175 divi
560 2118 953 2187 Leonisepistolaconveni-
1008 2135 1057 2191 per
1082 2135 1162 2177 suam
1187 2123 1377 2194 dogmaticam
1396 2123 1547 2192 epistolam
1578 2123 1742 2180 stabiliret.
1768 2123 1836 2177 lianc

121 2205 164 2251 ret
179 2209 244 2250 cuni
255 2194 320 2249 tidei
337 2189 570 2261 expositionibus
588 2188 779 2245 conciliorum
800 2188 908 2242 Nicaeni
925 2192 952 2241 et
1007 2192 1140 2249 Ecclesia
1153 2194 1309 2250 Gallicana
1324 2200 1403 2249 tanto
1413 2206 1477 2250 cuni
1491 2193 1750 2265 gandioamptexsi
1762 2200 1832 2257 sunt,

120 2262 442 2332 constantinopolitani,
466 2261 595 2329 epistole
620 2262 723 2316 iterum
750 2258 948 2314 acclamavere.
1007 2271 1145 2334 qnantum
1160 2278 1215 2320 non
1231 2262 1315 2321 iacile
1335 2265 1474 2334 explicari
1489 2264 1583 2320 verbis
1605 2265 1700 2335 possit
1712 2264 1758 2336 (Ιι).
1772 2262 1834 2319 Uita·

120 2337 219 2407 itaque
234 2335 308 2390 nibil
325 2342 368 2388 est
382 2331 490 2387 certius
500 2344 571 2399 pora
586 2330 773 2401 simplicique
788 2330 951 2399 acceptione
1006 2334 1078 2389 nimi
1094 2335 1239 2404 siquidem
1253 2349 1394 2392 coiisensu
1415 2348 1513 2391 omnes
1538 2334 1708 2391 latebantur
1721 2348 1755 2392 ac
1766 2347 1834 2404 prar-

122 2402 582 2476 istabiasniLeoiiisepistolaein
601 2402 827 2458 chalcedonensi
849 2400 951 2481 conci·
1005 2405 1142 2461 dicabant
1168 2408 1356 2476 apostolicam
1386 2407 1491 2475 sedern,
1527 2407 1605 2463 unde
1632 2406 1760 2477 epistola
1780 2409 1833 2460 erat

120 2478 172 2545 iio,
186 2475 329 2547 quidquid
345 2480 495 2529 autument
510 2475 560 2542 qni
577 2486 716 2543 supremae
743 2477 848 2554 sanetae
872 2472 952 2553 sedis
1007 2475 1142 2546 proiecta,
1159 2477 1241 2533 illum
1257 2491 1319 2533 esse
1335 2477 1478 2538 additum.
1495 2491 1528 2533 ex
1554 2491 1612 2561 quo
1627 2484 1750 2534 sanctus
1765 2475 1831 2532 idem

120 2548 288 2605 auctoritati
308 2546 512 2622 adversantem
539 2558 660 2613 quornm
689 2544 750 2612 ipse
776 2543 951 2612 objectiones
1005 2548 1132 2617 spiritus
1169 2548 1198 2604 ni
1217 2549 1364 2618 apostolos
1390 2548 1510 2619 replevit
1533 2549 1670 2613 scientia,
1693 2544 1833 2604 emittebat

120 2619 196 2675 dilui
213 2631 273 2673 mea
288 2621 318 2698 in
344 2618 508 2696 bagmatica
527 2615 655 2669 ilistoria
669 2613 715 2683 (li).
926 2681 932 2692 ,
1005 2563 1312 2676 οιιοιιιιεῆοοιιίιιιιιι
1327 2621 1399 2689 ejus,
1411 2620 1461 2676 liei
1491 2632 1554 2676 esse
1575 2620 1743 2676 doctrinam
1756 2614 1834 2685 3821-

155 2689 238 2744 Actio
254 2693 355 2758 quinta
370 2684 682 2767 propositionemflhanc
700 2689 825 2765 nostram
836 2693 951 2765 egregie
1005 2696 1129 2744 vaterem
1147 2691 1240 2761 ipsum
1253 2691 1462 2747 incarnationis
1472 2705 1532 2747 snae
1559 2690 1735 2761 mysterium
1750 2686 1832 2745 homi

119 2756 417 2817 conflrma1.C0ilcilit
432 2753 818 2832 Patresfldeldefliiitloneiti
836 2758 950 2833 iiislrti-
1005 2760 1093 2815 nibus
1117 2763 1289 2832 liaderepei‘
1314 2776 1346 2817 os
1362 2762 1482 2817 Romani
1508 2761 1669 2832 pontificis,
1693 2761 1832 2817 cuim-

118 2836 231 2898 lerant,
244 2842 329 2899 (iram
359 2827 455 2897 iegati,
476 2831 587 2908 ‘utpote
608 2826 705 2879 minus
729 2836 825 2878 Omma
849 2835 950 2904 rxirr-
1006 2838 1080 2899 ptam
1096 2830 1251 2888 Gallicanae
1268 2831 1493 2889 Ecclesiaessdem
1510 2845 1582 2888 verae
1593 2826 1750 2906 religionis
1763 2827 1831 2886 reio·

120 2908 242 2957 menum
267 2912 329 2969 quae
356 2896 518 2969 dogmatica
543 2895 666 2978 episirlr
693 2900 793 2973 00ss1r³
819 2893 949 2975 haerrsrrr
1006 2901 1116 2963 rebant,
1129 2910 1157 2957 et
1171 2905 1336 2960 arctissimo
1356 2909 1442 2975 atque
1456 2903 1608 2961 insolubili
1622 2899 1831 2974 conjunctionis

118 2970 282 3037 deliniebat,
296 2971 465 3038 rejecerunt.
485 2965 578 3035 Quare
601 2981 634 3036 ii,
665 2971 776 3020 tametsi
800 2964 950 3045 delinitioff
1006 2972 1122 3027 vinculo
1146 2974 1339 3030 admissam,
1367 2974 1570 3044 Hispanienses
1598 2974 1745 3031 Ecclesia
1764 2972 1830 3028 mitt

121 3057 184 3099 nem
196 3043 276 3097 illam
292 3038 541 3110 pertinacistudio
550 3035 744 3118 defenderent,
760 3044 885 3090 attamen
901 3033 949 3089 nbi
1007 3041 1098 3099 tuisse
1113 3052 1259 3114 compotes
1273 3044 1404 3100 beneficii
1422 3045 1512 3100 sancti
1533 3047 1666 3115 ejusdem
1694 3042 1831 3116 pontificis

119 3118 299 3186 agnoverunt
313 3110 538 3179 discrepantiam
559 3121 622 3177 nuae
634 3121 693 3162 eam
709 3107 951 3188 interet'dogma-
1006 3112 1173 3169 litteraenos
1201 3115 1350 3187 decentii).
1367 3115 1573 3186 italashipinm
1598 3112 1832 3173 initimastridit

119 3186 205 3240 ticam
220 3181 372 3251 epistolam
388 3181 535 3247 interemi
550 3185 724 3249 quantocius
739 3190 800 3232 rim
826 3185 872 3258 ita¹
884 3190 949 3232 rir-
1005 3186 1059 3239 Leo
1072 3184 1165 3255 ipsius
1179 3187 1304 3243 decretis
1319 3186 1540 3257 subscripsisse,
1567 3201 1682 3244 necnon
1709 3186 1830 3257 diligen-

119 3260 228 3320 tarent.
246 3252 542 3310 utomnediserirnen
571 3257 759 3331 amoveretur.
787 3248 951 3330 Marcianus
1007 3255 1118 3310 tissime
1127 3256 1277 3313 obsecutis
1296 3257 1446 3328 inisselm).
1467 3258 1581 3322 Oriens,
1596 3265 1698 3329 utpote
1707 3253 1831 3328 procellis

120 3325 354 3406 imperator,qui
382 3322 508 3378 coneilio
542 3319 692 3403 adluitlch
724 3332 952 3400 provisurumse
1006 3340 1159 3395 semperac
1173 3328 1391 3398 tempestatibus
1412 3342 1428 3383 a
1451 3329 1539 3384 itatus
1562 3328 1629 3399 plus
1655 3324 1832 3401 qnamOccl·

118 3398 162 3454 aii
176 3410 211 3453 ⁰⁰
225 3398 293 3466 quis
310 3399 498 3463 ¹¹¹¹P⁰⁵¹0l¹1¹11
514 3393 549 3447 ‘10
578 3401 714 3462 miSl⁰l¹⁰
740 3392 951 3472 Illirssriwfflr
1005 3397 1101 3452 dentis
1117 3399 1280 3465 provincia,
1296 3344 1538 3470 tranquilfitatem
1552 3401 1650 3457 serius
1667 3395 1831 3469 praesetolit.

118 3469 221 3525 docere
234 3470 353 3524 auderet
374 3465 454 3520 aliud
480 3476 566 3534 lissam
579 3462 654 3544 iiiior!
678 3461 812 3545 ³P0St0¹!i
841 3462 949 3542 Nrcaessl
1006 3468 1037 3522 ln
1055 3468 1205 3524 Palaestina
1216 3471 1388 3526 descendere
1398 3470 1433 3525 ad
1463 3471 1519 3526 vim
1534 3471 1668 3541 oportuit
1681 3471 1759 3527 atad
1773 3464 1830 3523 oll-

119 3541 216 3596 Patres
230 3544 258 3593 et
281 3539 335 3592 Leo
359 3536 489 3606 pontifex
516 3535 545 3589 in
572 3532 694 3604 epistola
718 3534 753 3588 ad
784 3532 948 3587 Plaviannm
1006 3538 1084 3594 cium
1098 3539 1228 3595 monachi
1267 3540 1527 3612 seduceremus),
1557 3541 1609 3613 qur
1645 3555 1719 3613 pens
1742 3548 1831 3595 omnes

121 3611 312 3666 tradiderunt.
889 3674 894 3686 ⁸
1006 3610 1176 3677 Eutycbetis
1201 3617 1355 3668 sectatores
1381 3608 1449 3667 laeti
1477 3618 1569 3676 erant,
1595 3619 1828 3685 cogerenturqoe,

154 3684 231 3736 inter
241 3678 482 3736 Chalcedonensis
494 3675 613 3733 concilii
628 3688 752 3757 canones
763 3673 950 3758 duodetrice7
1007 3681 1120 3735 relictis
1136 3681 1269 3737 ecclesiis
1304 3696 1354 3737 nas
1368 3685 1542 3752 invaserant,
1554 3685 1676 3754 propria
1691 3684 1726 3740 ad
1739 3691 1832 3737 nona

118 3751 477 3815 simnstertioinhaerens,
503 3746 949 3815 constantinopolitanesynodi
1006 3753 1094 3807 steria
1107 3754 1220 3807 reverti.
1237 3757 1266 3808 ln
1309 3754 1681 3825 gypsamnbidogmaticae
1694 3751 1831 3810 thimonis

119 3823 235 3893 praesuli
248 3821 329 3877 urbis
345 3822 431 3889 hujus
445 3820 565 3875 alterum
583 3819 613 3872 in
626 3817 753 3873 Ecclesia
768 3817 858 3872 locuni
875 3829 949 3871 eon-
1003 3822 1132 3891 epistolae
1145 3824 1284 3881 nonnulla
1312 3825 1441 3894 exempla
1469 3826 1648 3895 irrepserant
1674 3824 1830 3897 depravata,

118 3895 204 3962 cedit,
216 3898 302 3963 atque
316 3904 371 3946 ⁰¹¹³
380 3891 467 3946 Simul
479 3888 698 3959 patriarchalem
712 3887 947 3955 jurisdictionem
1003 3907 1066 3963 quae
1079 3895 1419 3950 Nestorianismierrores
1437 3895 1612 3952 inducebant
1621 3895 1669 3969 lo),
1685 3902 1764 3953 certa
1776 3890 1832 3949 mit·

120 3965 149 4021 in
165 3965 258 4032 Ponti,
272 3964 346 4019 Asis
362 3962 483 4043 itineris
498 3967 526 4014 et
539 3959 668 4015 Thraciae
691 3959 871 4040 exarchatus.
893 3958 944 4039 Le·⁸
1002 3966 1086 4020 renea
1112 3962 1368 4035 inerantexempla
1383 3967 1526 4047 imperiali
1541 3968 1566 4023 si
1590 3980 1646 4039 no;
1661 3980 1772 4026 necnon
1782 3975 1833 4019 mt-

119 4037 189 4108 gati‚
216 4035 267 4116 qni
295 4046 443 4113 consessui
468 4044 523 4085 non
551 4031 671 4111 aderepi
692 4042 757 4083 rum
780 4027 946 4096 huiusmodi
1002 4035 1315 4161 fistratibusmandari
1331 4051 1404 4108 opus
1418 4039 1475 4093 tuit
1488 4046 1520 4093 ui
1535 3983 1630 4095 engen
1646 4039 1726 4096 clero
1740 4038 1829 4111 popu-

117 4119 208 4163 eanen
225 4107 282 4161 lull
307 4111 475 4173 tirrirrstlrls
489 4100 536 4171 (d),
559 4098 849 4156 acerssmrssdlelfflss
867 4103 946 4180 sunt,
1015 4119 1088 4176 oque
1101 4106 1216 4175 publice
1229 4109 1400 4179 legerentur.
1417 4111 1483 4166 Post
1504 4110 1644 4166 Marciani
1660 4110 1829 4167 ebitudine-

118 4177 169 4234 ubi
179 4179 215 4233 de
229 4181 290 4230 rato
305 4176 401 4229 eodem
429 4172 557 4227 habendo
571 4177 740 4237 actum-rst3
755 4177 784 4224 at
811 4182 948 4240 quonian
1004 4176 1187 4248 ligiosissimi
1198 4180 1349 4250 principis,
1363 4181 1542 4251 maximeque
1557 4182 1741 4238 adhaerentis
1762 4189 1830 4248 apr·

118 4245 337 4316 suffragatione
354 4240 638 4323 Prorrdrrrissllffilffl
661 4241 950 4323 θθῦῑθῦβθΐμῦῐιᾱθ-
1004 4249 1115 4305 stoiiese
1140 4250 1211 4318 sedi,
1245 4253 1363 4306 emersit
1393 4252 1497 4306 iteruin
1530 4253 1641 4308 erroris
1684 4252 1831 4328 iaetioln);

118 4326 196 4374 crete
213 4320 448 4382 intercesserunt,
462 4312 595 4367 adhibite
624 4317 839 4380 protestationis
853 4325 886 4393 ac
903 4325 950 4366 re·
1006 4320 1187 4390 quamobrem
1208 4324 1337 4390 oportuit
1357 4323 1521 4391 poniificem
1543 4322 1642 4389 semel,
1670 4323 1777 4381 imum
1798 4338 1830 4381 ss

117 4386 302 4445 clamationis
334 4385 470 4455 remedio,
498 4390 528 4438 et
559 4383 595 4438 ad
638 4382 731 4437 sedem
763 4383 948 4451 apostolicam
1006 4393 1204 4446 tertionovnm
1233 4393 1268 4447 ad
1291 4394 1491 4463 imperatorem
1514 4393 1584 4449 dare
1609 4394 1733 4466 litteras,
1755 4393 1830 4452 utab

117 4464 318 4531 provocarunt.
585 4525 591 4537 ‚
1007 4461 1125 4517 insidiis
1137 4464 1462 4534 totomredderet,quas
1475 4464 1611 4535 religioni
1625 4465 1690 4537 elus
1700 4465 1830 4538 parabant

153 4532 266 4603 Synodo
290 4528 423 4584 absoluta
458 4528 555 4581 Patres
584 4529 790 4594 imperatorum
828 4520 1145 4601 rogare-Dhaeretici,
1170 4533 1310 4589 tacilitate
1333 4535 1483 4591 abutentes
1517 4548 1590 4607 quas
1612 4537 1676 4607 ipse
1701 4537 1829 4595 audiebat

118 4604 272 4676 runtlelnt
307 4615 349 4657 uae
375 4598 545 4680 ipsiuserat
586 4599 676 4667 pietas
702 4603 787 4677 atque
814 4604 948 4666 potestas,
1003 4603 1285 4660 damnatesasancta
1297 4607 1372 4671 sede,
1392 4607 1476 4676 queis
1503 4613 1606 4677 prater
1635 4609 1827 4679 poenitennan

117 4675 274 4733 fulcirets
313 4674 395 4741 isque
416 4669 581 4739 aposlolicae
607 4673 779 4724 auctoritate
802 4668 950 4723 roboraret
1005 4674 1415 4746 nihilultraeratveliqunm.
1439 4677 1538 4732 Adhuc
1566 4681 1684 4750 insuper
1708 4682 1828 4749 posint

116 4747 183 4806 fidei
198 4743 404 4817 professionem
426 4753 512 4810 quani
536 4737 723 4804 fecerant3se
749 4751 849 4809 nempe
872 4737 947 4808 apud
1004 4745 1184 4808 audientiam,
1204 4762 1264 4800 enm
1286 4748 1411 4802 damnati
1429 4748 1545 4804 debeam
1574 4764 1659 4818 opere
1695 4757 1825 4822 penaten·

115 4818 274 4874 Romanum
301 4811 464 4883 pontiucem
491 4812 695 4879 interponeret,
719 4809 949 4866 coniirinationis
1007 4818 1074 4870 tium
1096 4815 1141 4888 (q).

115 4884 414 4955 causaimpetrandae.
437 4885 535 4964 Postea
560 4878 690 4950 pontifici
714 4881 860 4936 mittentes
884 4885 948 4935 acta
1040 4889 1081 4941 ita
1102 4889 1825 4967 sensitilngustinnscumincansiselnsdemgene·

115 4965 211 5015 omnia
221 4957 351 5025 concilii,
365 4969 413 5025 per
435 4953 600 5025 synodicam
612 4959 697 5035 orant
718 4959 750 5008 nt
765 4953 861 5007 eadem
875 4964 948 5007 con-
1002 4957 1044 5012 ris
1056 4960 1214 5027 apostolica
1225 4963 1307 5018 sedes
1324 4963 1470 5030 judiciam
1493 4965 1573 5020 tulit.
1594 4963 1652 5033 Qui
1669 4972 1766 5023 nostra
1779 4966 1826 5020 hac

116 5031 230 5087 iirmare
245 5041 300 5083 non
319 5028 492 5098 dedignetur
506 5024 549 5095 (ti.
569 5026 704 5105 Apprime
726 5030 821 5080 autem
845 5029 947 5105 trrgrni
1001 5034 1167 5099 tempestate
1178 5033 1249 5088 tanti
1262 5033 1391 5089 doctoris
1404 5034 1570 5104 discipulos
1589 5050 1652 5093 sese
1664 5037 1781 5108 lactant,
1793 5032 1822 5090 ab

116 5102 235 5158 canonis
257 5097 494 5155 duodetricesimi
524 5095 780 5163 confirmationem,
810 5101 945 5171 rationes,
1001 5097 1206 5158 haaseniemts
1225 5105 1391 5161 ordiremur
1415 5113 1568 5177 oporteret,
1593 5106 1822 5179 quamsmffisps

151 5207 187 5282 (a)
206 5207 278 5290 ibid.
1034 5205 1064 5277 (j)
1083 5206 1172 5289 Epist.
1195 5207 1277 5291 inat.
1306 5211 1354 5280 Cp.
1366 5225 1416 5282 ap.
1440 5213 1557 5270 collect.
1573 5213 1704 5271 Holsten.

151 5281 187 5350 qb)
206 5279 267 5335 i.ib.
290 5272 399 5363 y,c.9.
1034 5275 1069 5349 (lc)
1087 5279 1177 5348 Epist.
1204 5293 1291 5349 episc.
1324 5283 1399 5340 Gall.
1429 5290 1491 5355 post
1522 5285 1552 5341 S.
1579 5287 1667 5343 Leon
1698 5277 1816 5357 episttl

151 5349 470 5490 {filiabitdfactlhin
492 5415 541 5487 tin.
999 5348 1128 5492 eigilssp
1160 5419 1206 5478 52.

150 5499 173 5561 le
202 5490 360 5560 ldem,par.
384 5501 468 5557 iii,n.
503 5485 528 5541 l.
1043 5491 1079 5561 m)
1097 5494 1162 5549 Post
1181 5507 1225 5564 ep.
1244 5491 1290 5552 52.

150 5566 156 5627 t
200 5558 365 5644 lbid.,n.E.
1042 5562 1070 5633 n)
1092 5564 1159 5620 Vide
1179 5568 1232 5638 Ep.
1254 5565 1302 5623 83·

149 5634 176 5702 (9
207 5632 295 5697 Epist.
309 5632 377 5699 imp.
397 5643 442 5699 ap.
465 5628 581 5685 collect.
616 5626 741 5684 Holsten.
1041 5649 1055 5687 o
1085 5635 1136 5704 Ep.
1155 5634 1201 5692 69.

148 5705 176 5777 (i
204 5700 295 5782 Epist.
314 5699 359 5769 aa,
375 5699 421 5769 53,
439 5698 530 5769 5t‚55
552 5703 580 5755 et
593 5695 640 5755 64.
1026 5706 1054 5776 (p
1085 5706 1176 5776 Epist.
1198 5704 1291 5777 tais
1313 5717 1342 5767 et
1355 5709 1401 5783 99,
1416 5714 1451 5770 ad
1466 5713 1552 5773 Leon.
1567 5715 1613 5775 iu
1638 5760 1644 5771 .

148 5778 178 5853 (i)
195 5773 287 5845 Epist.
300 5766 346 5840 tia,
368 5769 457 5840 63,68
468 5776 497 5827 et
516 5768 576 5828 ⁴05.
1024 5777 1052 5846 (q
1616 5732 1634 5787 ς

1080 5777 1108 5833 S.
1131 5777 1296 5850 iesconi.
1318 5782 1500 5856 duasepist.
1522 5787 1630 5862 Pelas,
1654 5788 1708 5861 i.i,
1730 5788 1816 5870 inin
