<?xml version="1.0" encoding="UTF-8"?>
<!DOCTYPE html PUBLIC "-//W3C//DTD XHTML 1.0 Transitional//EN"
    "http://www.w3.org/TR/xhtml1/DTD/xhtml1-transitional.dtd">
<html xmlns="http://www.w3.org/1999/xhtml" xml:lang="en" lang="en">
 <head>
  <title>
</title>
<meta http-equiv="Content-Type" content="text/html;charset=utf-8" />
  <meta name='ocr-system' content='tesseract 3.04.00' />
  <meta name='ocr-capabilities' content='ocr_page ocr_carea ocr_par ocr_line ocrx_word'/>
</head>
<body>
  <div class='ocr_page' id='page_1' title='image "./patrologiaecurs48unkngoog_0322.png"; bbox 0 0 3892 6136; ppageno 0'>
   <div class='ocr_carea' id='block_1_1' title="bbox 512 288 1417 374">
    <p class='ocr_par' dir='ltr' id='par_1_1' title="bbox 512 288 1417 374">
     <span class='ocr_line' id='line_1_1' title="bbox 512 288 1417 374; baseline 0.002 -4"><span class='ocrx_word' id='word_1_1' title='bbox 512 313 560 370; x_wconf 85' lang='grc'><strong>44</strong></span> <span class='ocrx_word' id='word_1_2' title='bbox 577 311 796 371; x_wconf 81' lang='grc'><strong>4444444444</strong></span> <span class='ocrx_word' id='word_1_3' title='bbox 814 311 1074 372; x_wconf 84' lang='grc'><strong>44444444444</strong></span> <span class='ocrx_word' id='word_1_4' title='bbox 1091 288 1180 374; x_wconf 82' lang='lat' dir='ltr'><strong>noir.</strong></span> <span class='ocrx_word' id='word_1_5' title='bbox 1200 314 1417 374; x_wconf 80' lang='grc'><strong>444-44444.</strong></span> 
     </span>
    </p>
   </div>
   <div class='ocr_carea' id='block_1_2' title="bbox 112 305 168 368">
    <p class='ocr_par' dir='ltr' id='par_1_2' title="bbox 112 305 168 368">
     <span class='ocr_line' id='line_1_2' title="bbox 112 305 168 368; baseline 0 0"><span class='ocrx_word' id='word_1_6' title='bbox 112 305 168 368; x_wconf 82' lang='grc'><strong>635</strong></span> 
     </span>
    </p>
   </div>
   <div class='ocr_carea' id='block_1_3' title="bbox 111 437 1728 586">
    <p class='ocr_par' dir='ltr' id='par_1_3' title="bbox 111 437 1728 586">
     <span class='ocr_line' id='line_1_3' title="bbox 148 437 1728 514; baseline 0.006 -21"><span class='ocrx_word' id='word_1_7' title='bbox 148 437 226 493; x_wconf 83' lang='lat' dir='ltr'><strong>Anni</strong></span> <span class='ocrx_word' id='word_1_8' title='bbox 256 438 444 509; x_wconf 77' lang='lat' dir='ltr'><strong>Imperatores,</strong></span> <span class='ocrx_word' id='word_1_9' title='bbox 477 439 616 501; x_wconf 79' lang='lat' dir='ltr'><strong>consules,</strong></span> <span class='ocrx_word' id='word_1_10' title='bbox 658 440 797 495; x_wconf 83' lang='lat' dir='ltr'><strong>Romano-</strong></span> <span class='ocrx_word' id='word_1_11' title='bbox 828 439 907 495; x_wconf 83' lang='lat' dir='ltr'><strong>Anni</strong></span> <span class='ocrx_word' id='word_1_12' title='bbox 952 441 981 501; x_wconf 85' lang='lat' dir='ltr'><strong>A</strong></span> <span class='ocrx_word' id='word_1_13' title='bbox 1026 441 1103 497; x_wconf 82' lang='lat' dir='ltr'><strong>Anna</strong></span> <span class='ocrx_word' id='word_1_14' title='bbox 1127 441 1354 507; x_wconf 80' lang='lat' dir='ltr'><strong>Christianorum,</strong></span> <span class='ocrx_word' id='word_1_15' title='bbox 1373 444 1525 500; x_wconf 70' lang='lat' dir='ltr'><strong>iudeorum</strong></span> <span class='ocrx_word' id='word_1_16' title='bbox 1553 448 1579 500; x_wconf 88' lang='grc'><strong>44</strong></span> <span class='ocrx_word' id='word_1_17' title='bbox 1599 445 1669 514; x_wconf 69' lang='grc'><strong>4444-</strong></span> <span class='ocrx_word' id='word_1_18' title='bbox 1704 445 1728 502; x_wconf 81' lang='grc' dir='ltr'><strong><em>Δ</em></strong></span> 
     </span>
     <span class='ocr_line' id='line_1_4' title="bbox 111 510 1728 586; baseline 0.005 -22"><span class='ocrx_word' id='word_1_19' title='bbox 111 560 117 574; x_wconf 73' lang='grc'><strong>,</strong></span> <span class='ocrx_word' id='word_1_20' title='bbox 156 510 208 564; x_wconf 82' lang='lat' dir='ltr'><strong>Per</strong></span> <span class='ocrx_word' id='word_1_21' title='bbox 287 526 359 574; x_wconf 84' lang='lat' dir='ltr'><strong>ram,</strong></span> <span class='ocrx_word' id='word_1_22' title='bbox 380 525 423 566; x_wconf 86' lang='lat' dir='ltr'><strong>res</strong></span> <span class='ocrx_word' id='word_1_23' title='bbox 440 515 522 580; x_wconf 74' lang='lat' dir='ltr'><strong>peste</strong></span> <span class='ocrx_word' id='word_1_24' title='bbox 544 515 569 565; x_wconf 87' lang='lat' dir='ltr'><strong>ct</strong></span> <span class='ocrx_word' id='word_1_25' title='bbox 591 510 760 565; x_wconf 82' lang='lat' dir='ltr'><strong>documento.</strong></span> <span class='ocrx_word' id='word_1_26' title='bbox 828 512 859 567; x_wconf 86' lang='lat' dir='ltr'><strong>U.</strong></span> <span class='ocrx_word' id='word_1_27' title='bbox 878 511 906 566; x_wconf 85' lang='lat' dir='ltr'><strong>C.</strong></span> <span class='ocrx_word' id='word_1_28' title='bbox 1009 510 1114 586; x_wconf 77' lang='lat' dir='ltr'><strong>olymp.</strong></span> <span class='ocrx_word' id='word_1_29' title='bbox 1158 518 1284 569; x_wconf 82' lang='lat' dir='ltr'><strong>timorum</strong></span> <span class='ocrx_word' id='word_1_30' title='bbox 1302 517 1475 585; x_wconf 82' lang='lat' dir='ltr'><strong>populorum.</strong></span> <span class='ocrx_word' id='word_1_31' title='bbox 1506 517 1659 586; x_wconf 63' lang='lat' dir='ltr'><strong>Pontifices,</strong></span> <span class='ocrx_word' id='word_1_32' title='bbox 1700 516 1728 572; x_wconf 75' lang='grc' dir='ltr'><strong><em>Δ</em></strong></span> 
     </span>
    </p>
   </div>
   <div class='ocr_carea' id='block_1_4' title="bbox 129 581 1728 724">
    <p class='ocr_par' dir='ltr' id='par_1_4' title="bbox 129 581 1728 724">
     <span class='ocr_line' id='line_1_5' title="bbox 156 581 1728 655; baseline 0.004 -19"><span class='ocrx_word' id='word_1_33' title='bbox 156 581 209 636; x_wconf 85' lang='grc'><strong>444.</strong></span> <span class='ocrx_word' id='word_1_34' title='bbox 810 587 874 638; x_wconf 86' lang='lat' dir='ltr'><strong>ente</strong></span> <span class='ocrx_word' id='word_1_35' title='bbox 889 587 914 636; x_wconf 87' lang='lat' dir='ltr'><strong>et</strong></span> <span class='ocrx_word' id='word_1_36' title='bbox 1172 588 1262 654; x_wconf 82' lang='lat' dir='ltr'><strong>itepes,</strong></span> <span class='ocrx_word' id='word_1_37' title='bbox 1278 602 1320 642; x_wconf 87' lang='lat' dir='ltr'><strong>res</strong></span> <span class='ocrx_word' id='word_1_38' title='bbox 1334 595 1415 655; x_wconf 77' lang='lat' dir='ltr'><strong>peste</strong></span> <span class='ocrx_word' id='word_1_39' title='bbox 1435 593 1460 642; x_wconf 91' lang='lat' dir='ltr'><strong>et</strong></span> <span class='ocrx_word' id='word_1_40' title='bbox 1488 587 1659 643; x_wconf 81' lang='lat' dir='ltr'><strong>documenta.</strong></span> <span class='ocrx_word' id='word_1_41' title='bbox 1677 586 1728 644; x_wconf 80' lang='lat' dir='ltr'><strong>Chr</strong></span> 
     </span>
     <span class='ocr_line' id='line_1_6' title="bbox 129 652 935 724; baseline 0 -17"><span class='ocrx_word' id='word_1_42' title='bbox 129 656 155 707; x_wconf 85' lang='lat' dir='ltr'><strong>et</strong></span> <span class='ocrx_word' id='word_1_43' title='bbox 172 652 234 708; x_wconf 87' lang='lat' dir='ltr'><strong>ind.</strong></span> <span class='ocrx_word' id='word_1_44' title='bbox 782 659 847 724; x_wconf 86' lang='lat' dir='ltr'><strong>post</strong></span> <span class='ocrx_word' id='word_1_45' title='bbox 853 653 935 708; x_wconf 83' lang='lat' dir='ltr'><strong>Pelii.</strong></span> 
     </span>
    </p>
   </div>
   <div class='ocr_carea' id='block_1_5' title="bbox 254 777 799 1208">
    <p class='ocr_par' dir='ltr' id='par_1_5' title="bbox 254 777 796 939">
     <span class='ocr_line' id='line_1_7' title="bbox 288 777 796 836; baseline 0.002 -2"><span class='ocrx_word' id='word_1_46' title='bbox 288 779 325 834; x_wconf 85' lang='grc'><strong>444</strong></span> <span class='ocrx_word' id='word_1_47' title='bbox 343 777 389 834; x_wconf 84' lang='lat' dir='ltr'><strong>lex</strong></span> <span class='ocrx_word' id='word_1_48' title='bbox 413 790 433 833; x_wconf 89' lang='lat'><strong>1.</strong></span> <span class='ocrx_word' id='word_1_49' title='bbox 456 777 487 833; x_wconf 87' lang='lat' dir='ltr'><strong>c.</strong></span> <span class='ocrx_word' id='word_1_50' title='bbox 509 777 603 834; x_wconf 85' lang='lat' dir='ltr'><strong>Theod</strong></span> <span class='ocrx_word' id='word_1_51' title='bbox 627 778 663 834; x_wconf 92' lang='lat' dir='ltr'><strong>de</strong></span> <span class='ocrx_word' id='word_1_52' title='bbox 685 777 796 836; x_wconf 78' lang='lat' dir='ltr'>domest</span> 
     </span>
     <span class='ocr_line' id='line_1_8' title="bbox 254 867 758 939; baseline -0.004 -14"><span class='ocrx_word' id='word_1_53' title='bbox 254 874 283 925; x_wconf 91' lang='lat' dir='ltr'><strong>et</strong></span> <span class='ocrx_word' id='word_1_54' title='bbox 293 873 401 939; x_wconf 84' lang='lat' dir='ltr'><strong>protect</strong></span> <span class='ocrx_word' id='word_1_55' title='bbox 413 867 535 938; x_wconf 82' lang='lat' dir='ltr'><strong>aliaque</strong></span> <span class='ocrx_word' id='word_1_56' title='bbox 549 868 625 939; x_wconf 88' lang='lat' dir='ltr'><strong>apud</strong></span> <span class='ocrx_word' id='word_1_57' title='bbox 640 867 758 925; x_wconf 89' lang='lat' dir='ltr'><strong>ileland.</strong></span> 
     </span>
    </p>

    <p class='ocr_par' dir='ltr' id='par_1_6' title="bbox 286 955 722 1013">
     <span class='ocr_line' id='line_1_9' title="bbox 286 955 722 1013; baseline 0 -1"><span class='ocrx_word' id='word_1_58' title='bbox 286 958 331 1013; x_wconf 90' lang='lat' dir='ltr'><strong>Pr.</strong></span> <span class='ocrx_word' id='word_1_59' title='bbox 347 956 416 1012; x_wconf 91' lang='lat' dir='ltr'><strong>Urbi</strong></span> <span class='ocrx_word' id='word_1_60' title='bbox 438 955 555 1011; x_wconf 75' lang='lat' dir='ltr'><strong><em>Anicius</em></strong></span> <span class='ocrx_word' id='word_1_61' title='bbox 573 958 722 1012; x_wconf 79' lang='lat' dir='ltr'><strong>iloaimos.</strong></span> 
     </span>
    </p>

    <p class='ocr_par' dir='ltr' id='par_1_7' title="bbox 254 1046 799 1208">
     <span class='ocr_line' id='line_1_10' title="bbox 288 1046 797 1105; baseline 0.006 -3"><span class='ocrx_word' id='word_1_62' title='bbox 288 1047 422 1104; x_wconf 85' lang='grc'><strong>44444444</strong></span> <span class='ocrx_word' id='word_1_63' title='bbox 458 1046 641 1104; x_wconf 79' lang='lat' dir='ltr'><strong>Antiochiam</strong></span> <span class='ocrx_word' id='word_1_64' title='bbox 679 1048 797 1105; x_wconf 81' lang='lat' dir='ltr'><strong>veniens</strong></span> 
     </span>
     <span class='ocr_line' id='line_1_11' title="bbox 254 1135 799 1208; baseline 0.004 -17"><span class='ocrx_word' id='word_1_65' title='bbox 254 1136 455 1208; x_wconf 78' lang='lat' dir='ltr'><strong>grammaticos</strong></span> <span class='ocrx_word' id='word_1_66' title='bbox 476 1142 505 1192; x_wconf 90' lang='lat' dir='ltr'><strong>et</strong></span> <span class='ocrx_word' id='word_1_67' title='bbox 529 1135 688 1193; x_wconf 89' lang='lat' dir='ltr'><strong>rhetoricos</strong></span> <span class='ocrx_word' id='word_1_68' title='bbox 709 1136 799 1193; x_wconf 89' lang='lat' dir='ltr'><strong>Chri·</strong></span> 
     </span>
    </p>
   </div>
   <div class='ocr_carea' id='block_1_6' title="bbox 255 1223 800 1283">
    <p class='ocr_par' dir='ltr' id='par_1_8' title="bbox 255 1223 800 1283">
     <span class='ocr_line' id='line_1_12' title="bbox 255 1223 800 1283; baseline 0.006 -3"><span class='ocrx_word' id='word_1_69' title='bbox 255 1225 394 1280; x_wconf 88' lang='lat' dir='ltr'><strong>stianosa</strong></span> <span class='ocrx_word' id='word_1_70' title='bbox 415 1223 524 1282; x_wconf 85' lang='lat' dir='ltr'><strong>scholis</strong></span> <span class='ocrx_word' id='word_1_71' title='bbox 543 1230 631 1280; x_wconf 86' lang='lat' dir='ltr'><strong>arcet.</strong></span> <span class='ocrx_word' id='word_1_72' title='bbox 653 1225 726 1281; x_wconf 89' lang='lat' dir='ltr'><strong>idem</strong></span> <span class='ocrx_word' id='word_1_73' title='bbox 749 1239 800 1283; x_wconf 89' lang='lat' dir='ltr'><strong>au·</strong></span> 
     </span>
    </p>
   </div>
   <div class='ocr_carea' id='block_1_7' title="bbox 253 1312 798 1920">
    <p class='ocr_par' dir='ltr' id='par_1_9' title="bbox 253 1312 798 1920">
     <span class='ocr_line' id='line_1_13' title="bbox 253 1312 798 1385; baseline 0.002 -15"><span class='ocrx_word' id='word_1_74' title='bbox 253 1312 798 1385; x_wconf 80' lang='lat' dir='ltr'><strong>ctorpersecutionisiitblauditiispo</strong></span> 
     </span>
     <span class='ocr_line' id='line_1_14' title="bbox 255 1402 797 1474; baseline 0.002 -15"><span class='ocrx_word' id='word_1_75' title='bbox 255 1403 314 1460; x_wconf 87' lang='lat' dir='ltr'><strong>tius</strong></span> <span class='ocrx_word' id='word_1_76' title='bbox 329 1416 414 1474; x_wconf 84' lang='lat' dir='ltr'><strong>quam</strong></span> <span class='ocrx_word' id='word_1_77' title='bbox 429 1402 558 1460; x_wconf 78' lang='lat' dir='ltr'><strong>caedihm</strong></span> <span class='ocrx_word' id='word_1_78' title='bbox 572 1403 607 1459; x_wconf 92' lang='lat' dir='ltr'><strong>ad</strong></span> <span class='ocrx_word' id='word_1_79' title='bbox 622 1404 797 1474; x_wconf 70' lang='lat' dir='ltr'><strong>apostasiam</strong></span> 
     </span>
     <span class='ocr_line' id='line_1_15' title="bbox 254 1492 798 1564; baseline 0.004 -15"><span class='ocrx_word' id='word_1_80' title='bbox 254 1492 457 1564; x_wconf 74' lang='lat' dir='ltr'><strong>pertrahentis.</strong></span> <span class='ocrx_word' id='word_1_81' title='bbox 495 1494 625 1549; x_wconf 86' lang='lat' dir='ltr'><strong>Attamen</strong></span> <span class='ocrx_word' id='word_1_82' title='bbox 659 1494 798 1564; x_wconf 86' lang='lat' dir='ltr'><strong>martyrio</strong></span> 
     </span>
     <span class='ocr_line' id='line_1_16' title="bbox 254 1580 797 1655; baseline 0.002 -18"><span class='ocrx_word' id='word_1_83' title='bbox 254 1580 352 1653; x_wconf 90' lang='lat' dir='ltr'><strong>plures</strong></span> <span class='ocrx_word' id='word_1_84' title='bbox 375 1581 480 1652; x_wconf 87' lang='lat' dir='ltr'><strong>allecti,</strong></span> <span class='ocrx_word' id='word_1_85' title='bbox 509 1595 582 1653; x_wconf 85' lang='lat' dir='ltr'><strong>quos</strong></span> <span class='ocrx_word' id='word_1_86' title='bbox 609 1581 684 1655; x_wconf 86' lang='lat' dir='ltr'><strong>inter</strong></span> <span class='ocrx_word' id='word_1_87' title='bbox 709 1580 797 1638; x_wconf 90' lang='lat' dir='ltr'><strong>Arte-</strong></span> 
     </span>
     <span class='ocr_line' id='line_1_17' title="bbox 254 1669 796 1740; baseline -0.002 -14"><span class='ocrx_word' id='word_1_88' title='bbox 254 1669 796 1740; x_wconf 82' lang='lat' dir='ltr'><strong>minsllieronymchronAmmianlih</strong></span> 
     </span>
     <span class='ocr_line' id='line_1_18' title="bbox 253 1749 798 1829; baseline 0 -15"><span class='ocrx_word' id='word_1_89' title='bbox 253 1772 328 1815; x_wconf 80' lang='grc'><strong>4444.</strong></span> <span class='ocrx_word' id='word_1_90' title='bbox 348 1757 461 1828; x_wconf 90' lang='grc'><strong>4444444,</strong></span> <span class='ocrx_word' id='word_1_91' title='bbox 481 1758 532 1829; x_wconf 85' lang='lat' dir='ltr'><strong>qui</strong></span> <span class='ocrx_word' id='word_1_92' title='bbox 546 1757 583 1814; x_wconf 90' lang='lat' dir='ltr'><strong>ah</strong></span> <span class='ocrx_word' id='word_1_93' title='bbox 597 1758 643 1813; x_wconf 90' lang='lat' dir='ltr'><strong>his</strong></span> <span class='ocrx_word' id='word_1_94' title='bbox 658 1749 722 1815; x_wconf 82' lang='grc'><strong>4444</strong></span> <span class='ocrx_word' id='word_1_95' title='bbox 738 1759 798 1814; x_wconf 89' lang='lat' dir='ltr'><strong>im-</strong></span> 
     </span>
     <span class='ocr_line' id='line_1_19' title="bbox 254 1846 632 1920; baseline -0.008 -15"><span class='ocrx_word' id='word_1_96' title='bbox 254 1848 366 1920; x_wconf 86' lang='lat' dir='ltr'><strong>perium</strong></span> <span class='ocrx_word' id='word_1_97' title='bbox 380 1847 489 1905; x_wconf 90' lang='grc'><strong>4444444</strong></span> <span class='ocrx_word' id='word_1_98' title='bbox 506 1846 632 1904; x_wconf 81' lang='lat' dir='ltr'><strong>inchoat.</strong></span> 
     </span>
    </p>
   </div>
   <div class='ocr_carea' id='block_1_8' title="bbox 128 2356 904 2524">
    <p class='ocr_par' dir='ltr' id='par_1_10' title="bbox 128 2356 904 2524">
     <span class='ocr_line' id='line_1_20' title="bbox 146 2356 904 2434; baseline 0.004 -18"><span class='ocrx_word' id='word_1_99' title='bbox 146 2356 218 2416; x_wconf 82' lang='lat' dir='ltr'><strong>sois</strong></span> <span class='ocrx_word' id='word_1_100' title='bbox 289 2361 350 2429; x_wconf 92' lang='lat' dir='ltr'><strong>imp</strong></span> <span class='ocrx_word' id='word_1_101' title='bbox 370 2359 576 2418; x_wconf 83' lang='lat' dir='ltr'><strong>caesiullanus</strong></span> <span class='ocrx_word' id='word_1_102' title='bbox 593 2361 658 2434; x_wconf 75' lang='lat' dir='ltr'><strong>Aug</strong></span> <span class='ocrx_word' id='word_1_103' title='bbox 676 2365 712 2418; x_wconf 91' lang='grc'><strong>44.</strong></span> <span class='ocrx_word' id='word_1_104' title='bbox 734 2375 761 2434; x_wconf 89' lang='lat' dir='ltr'><strong>p.</strong></span> <span class='ocrx_word' id='word_1_105' title='bbox 780 2359 798 2419; x_wconf 90' lang='lat'><strong>3</strong></span> <span class='ocrx_word' id='word_1_106' title='bbox 834 2357 904 2420; x_wconf 79' lang='grc'><strong>4445</strong></span> 
     </span>
     <span class='ocr_line' id='line_1_21' title="bbox 128 2444 438 2524; baseline 0.003 -20"><span class='ocrx_word' id='word_1_107' title='bbox 128 2451 166 2524; x_wconf 66' lang='lat' dir='ltr'><strong>fi)</strong></span> <span class='ocrx_word' id='word_1_108' title='bbox 220 2444 321 2518; x_wconf 86' lang='grc'><strong>8444,</strong></span> <span class='ocrx_word' id='word_1_109' title='bbox 337 2461 438 2506; x_wconf 87' lang='grc'><strong>44444.</strong></span> 
     </span>
    </p>
   </div>
   <div class='ocr_carea' id='block_1_9' title="bbox 127 2544 625 2640">
    <p class='ocr_par' dir='ltr' id='par_1_11' title="bbox 127 2544 625 2640">
     <span class='ocr_line' id='line_1_22' title="bbox 127 2544 625 2640; baseline 0.004 -39"><span class='ocrx_word' id='word_1_110' title='bbox 127 2544 165 2615; x_wconf 61' lang='grc' dir='ltr'><strong>θ</strong></span> <span class='ocrx_word' id='word_1_111' title='bbox 223 2544 241 2602; x_wconf 88' lang='grc'><strong>3</strong></span> <span class='ocrx_word' id='word_1_112' title='bbox 267 2583 336 2640; x_wconf 60' lang='lat' dir='ltr'>Coss</span> <span class='ocrx_word' id='word_1_113' title='bbox 362 2546 497 2604; x_wconf 85' lang='lat' dir='ltr'><strong>lulianus</strong></span> <span class='ocrx_word' id='word_1_114' title='bbox 511 2548 625 2619; x_wconf 78' lang='lat' dir='ltr'><strong>Aug1v.</strong></span> 
     </span>
    </p>
   </div>
   <div class='ocr_carea' id='block_1_10' title="bbox 127 2617 254 2672">
    <p class='ocr_par' dir='ltr' id='par_1_12' title="bbox 127 2617 254 2672">
     <span class='ocr_line' id='line_1_23' title="bbox 127 2617 254 2672; baseline 0.008 -1"><span class='ocrx_word' id='word_1_115' title='bbox 127 2617 254 2672; x_wconf 81' lang='lat' dir='ltr'><strong>Elndiet</strong></span> 
     </span>
    </p>
   </div>
   <div class='ocr_carea' id='block_1_11' title="bbox 142 2718 218 2848">
    <p class='ocr_par' dir='ltr' id='par_1_13' title="bbox 142 2718 218 2848">
     <span class='ocr_line' id='line_1_24' title="bbox 164 2718 192 2759; baseline 0.107 -3"><span class='ocrx_word' id='word_1_116' title='bbox 164 2718 192 2759; x_wconf 89' lang='grc'><strong>44</strong></span> 
     </span>
     <span class='ocr_line' id='line_1_25' title="bbox 142 2797 218 2848; baseline 0.026 -2"><span class='ocrx_word' id='word_1_117' title='bbox 142 2797 218 2848; x_wconf 84' lang='grc'><strong>44444</strong></span> 
     </span>
    </p>
   </div>
   <div class='ocr_carea' id='block_1_12' title="bbox 249 2620 796 4293">
    <p class='ocr_par' dir='ltr' id='par_1_14' title="bbox 251 2620 796 3136">
     <span class='ocr_line' id='line_1_26' title="bbox 367 2620 653 2677; baseline 0 -3"><span class='ocrx_word' id='word_1_118' title='bbox 367 2661 374 2674; x_wconf 94' lang='grc'><strong>.</strong></span> <span class='ocrx_word' id='word_1_119' title='bbox 398 2661 406 2675; x_wconf 94' lang='grc'><strong>.</strong></span> <span class='ocrx_word' id='word_1_120' title='bbox 429 2660 437 2676; x_wconf 92' lang='grc'><strong>.</strong></span> <span class='ocrx_word' id='word_1_121' title='bbox 460 2620 653 2677; x_wconf 77' lang='grc'><strong>,8444444444</strong></span> 
     </span>
     <span class='ocr_line' id='line_1_27' title="bbox 283 2708 796 2776; baseline 0.01 -15"><span class='ocrx_word' id='word_1_122' title='bbox 283 2708 407 2776; x_wconf 89' lang='lat' dir='ltr'><strong>inscript</strong></span> <span class='ocrx_word' id='word_1_123' title='bbox 437 2715 518 2766; x_wconf 91' lang='grc'><strong>44444</strong></span> <span class='ocrx_word' id='word_1_124' title='bbox 548 2710 578 2766; x_wconf 89' lang='grc'><strong>44</strong></span> <span class='ocrx_word' id='word_1_125' title='bbox 608 2709 636 2766; x_wconf 89' lang='lat' dir='ltr'><strong>S.</strong></span> <span class='ocrx_word' id='word_1_126' title='bbox 662 2712 735 2767; x_wconf 87' lang='lat' dir='ltr'><strong>biart</strong></span> <span class='ocrx_word' id='word_1_127' title='bbox 760 2710 796 2766; x_wconf 93' lang='lat' dir='ltr'><strong>de</strong></span> 
     </span>
     <span class='ocr_line' id='line_1_28' title="bbox 252 2795 796 2868; baseline 0.009 -19"><span class='ocrx_word' id='word_1_128' title='bbox 252 2795 408 2865; x_wconf 81' lang='lat' dir='ltr'><strong>Montibus,</strong></span> <span class='ocrx_word' id='word_1_129' title='bbox 421 2804 448 2853; x_wconf 87' lang='lat' dir='ltr'><strong>et</strong></span> <span class='ocrx_word' id='word_1_130' title='bbox 458 2800 533 2867; x_wconf 87' lang='lat' dir='ltr'><strong>apud</strong></span> <span class='ocrx_word' id='word_1_131' title='bbox 545 2799 660 2855; x_wconf 85' lang='lat' dir='ltr'><strong>Fabrelt</strong></span> <span class='ocrx_word' id='word_1_132' title='bbox 672 2799 796 2868; x_wconf 78' lang='lat' dir='ltr'><strong>inscript</strong></span> 
     </span>
     <span class='ocr_line' id='line_1_29' title="bbox 252 2880 796 2959; baseline 0.009 -21"><span class='ocrx_word' id='word_1_133' title='bbox 252 2899 277 2954; x_wconf 91' lang='lat' dir='ltr'><strong>p.</strong></span> <span class='ocrx_word' id='word_1_134' title='bbox 302 2880 354 2941; x_wconf 96' lang='grc'><strong>443</strong></span> <span class='ocrx_word' id='word_1_135' title='bbox 372 2894 399 2942; x_wconf 88' lang='grc'><strong>44</strong></span> <span class='ocrx_word' id='word_1_136' title='bbox 418 2886 525 2943; x_wconf 83' lang='lat' dir='ltr'><strong>Gruter</strong></span> <span class='ocrx_word' id='word_1_137' title='bbox 544 2885 607 2959; x_wconf 85' lang='grc'><strong>485,</strong></span> <span class='ocrx_word' id='word_1_138' title='bbox 621 2884 649 2954; x_wconf 74' lang='grc'><strong>3,</strong></span> <span class='ocrx_word' id='word_1_139' title='bbox 670 2895 699 2944; x_wconf 87' lang='grc'><strong>44</strong></span> <span class='ocrx_word' id='word_1_140' title='bbox 721 2887 796 2959; x_wconf 77' lang='lat' dir='ltr'><strong>leges</strong></span> 
     </span>
     <span class='ocr_line' id='line_1_30' title="bbox 251 2973 794 3044; baseline 0.009 -16"><span class='ocrx_word' id='word_1_141' title='bbox 251 2973 405 3044; x_wconf 84' lang='lat' dir='ltr'><strong>utriusque</strong></span> <span class='ocrx_word' id='word_1_142' title='bbox 420 2974 531 3031; x_wconf 90' lang='lat' dir='ltr'><strong>codicis</strong></span> <span class='ocrx_word' id='word_1_143' title='bbox 547 2978 620 3044; x_wconf 88' lang='lat' dir='ltr'><strong>apud</strong></span> <span class='ocrx_word' id='word_1_144' title='bbox 639 2976 745 3033; x_wconf 89' lang='lat' dir='ltr'><strong>ileland</strong></span> <span class='ocrx_word' id='word_1_145' title='bbox 764 2981 794 3033; x_wconf 86' lang='grc'><strong>44</strong></span> 
     </span>
     <span class='ocr_line' id='line_1_31' title="bbox 251 3058 747 3136; baseline 0.006 -20"><span class='ocrx_word' id='word_1_146' title='bbox 251 3060 296 3133; x_wconf 79' lang='lat' dir='ltr'><strong>leg</strong></span> <span class='ocrx_word' id='word_1_147' title='bbox 307 3058 335 3134; x_wconf 72' lang='lat'><strong>2,</strong></span> <span class='ocrx_word' id='word_1_148' title='bbox 351 3077 375 3118; x_wconf 93' lang='lat' dir='ltr'><strong>c.</strong></span> <span class='ocrx_word' id='word_1_149' title='bbox 392 3063 485 3118; x_wconf 77' lang='lat' dir='ltr'><strong>Theoti</strong></span> <span class='ocrx_word' id='word_1_150' title='bbox 500 3064 536 3120; x_wconf 93' lang='grc'><strong>44</strong></span> <span class='ocrx_word' id='word_1_151' title='bbox 549 3062 676 3136; x_wconf 90' lang='lat' dir='ltr'><strong>dotibus,</strong></span> <span class='ocrx_word' id='word_1_152' title='bbox 693 3070 747 3121; x_wconf 91' lang='lat' dir='ltr'><strong>etc.</strong></span> 
     </span>
    </p>

    <p class='ocr_par' dir='ltr' id='par_1_15' title="bbox 251 3149 796 3476">
     <span class='ocr_line' id='line_1_32' title="bbox 288 3149 796 3225; baseline 0.01 -20"><span class='ocrx_word' id='word_1_153' title='bbox 288 3149 362 3206; x_wconf 75' lang='lat' dir='ltr'><strong>Praei</strong></span> <span class='ocrx_word' id='word_1_154' title='bbox 380 3151 446 3207; x_wconf 89' lang='lat' dir='ltr'><strong>Urbi</strong></span> <span class='ocrx_word' id='word_1_155' title='bbox 467 3153 498 3206; x_wconf 82' lang='lat' dir='ltr'><strong>l.</strong></span> <span class='ocrx_word' id='word_1_156' title='bbox 516 3154 630 3208; x_wconf 84' lang='lat' dir='ltr'><strong>Tarcios</strong></span> <span class='ocrx_word' id='word_1_157' title='bbox 650 3154 796 3225; x_wconf 82' lang='lat' dir='ltr'><strong>Apronio-</strong></span> 
     </span>
     <span class='ocr_line' id='line_1_33' title="bbox 251 3239 795 3300; baseline 0.013 -8"><span class='ocrx_word' id='word_1_158' title='bbox 251 3254 315 3293; x_wconf 87' lang='lat' dir='ltr'><strong>nas.</strong></span> <span class='ocrx_word' id='word_1_159' title='bbox 344 3239 477 3296; x_wconf 85' lang='lat' dir='ltr'><strong>Contelor</strong></span> <span class='ocrx_word' id='word_1_160' title='bbox 501 3255 535 3298; x_wconf 82' lang='lat' dir='ltr'><strong>ex</strong></span> <span class='ocrx_word' id='word_1_161' title='bbox 566 3243 672 3299; x_wconf 79' lang='grc'><strong>444444</strong></span> <span class='ocrx_word' id='word_1_162' title='bbox 696 3249 725 3299; x_wconf 88' lang='grc'><strong>44</strong></span> <span class='ocrx_word' id='word_1_163' title='bbox 749 3248 795 3300; x_wconf 91' lang='grc'><strong>444</strong></span> 
     </span>
     <span class='ocr_line' id='line_1_34' title="bbox 253 3328 795 3404; baseline 0.011 -20"><span class='ocrx_word' id='word_1_164' title='bbox 253 3328 377 3400; x_wconf 86' lang='lat' dir='ltr'><strong>inscript</strong></span> <span class='ocrx_word' id='word_1_165' title='bbox 407 3329 482 3386; x_wconf 84' lang='lat' dir='ltr'><strong>Faue</strong></span> <span class='ocrx_word' id='word_1_166' title='bbox 503 3332 541 3402; x_wconf 90' lang='lat' dir='ltr'><strong>si,</strong></span> <span class='ocrx_word' id='word_1_167' title='bbox 570 3330 696 3403; x_wconf 83' lang='lat' dir='ltr'><strong>allisque</strong></span> <span class='ocrx_word' id='word_1_168' title='bbox 725 3332 795 3404; x_wconf 89' lang='lat' dir='ltr'><strong>plu-</strong></span> 
     </span>
     <span class='ocr_line' id='line_1_35' title="bbox 251 3417 344 3476; baseline 0.011 -3"><span class='ocrx_word' id='word_1_169' title='bbox 251 3417 344 3476; x_wconf 87' lang='lat' dir='ltr'><strong>ribus.</strong></span> 
     </span>
    </p>

    <p class='ocr_par' dir='ltr' id='par_1_16' title="bbox 249 3508 796 4293">
     <span class='ocr_line' id='line_1_36' title="bbox 278 3508 795 3570; baseline 0.012 -6"><span class='ocrx_word' id='word_1_170' title='bbox 278 3508 394 3566; x_wconf 87' lang='lat' dir='ltr'><strong>iuliano</strong></span> <span class='ocrx_word' id='word_1_171' title='bbox 419 3524 453 3567; x_wconf 85' lang='lat' dir='ltr'><strong>ex</strong></span> <span class='ocrx_word' id='word_1_172' title='bbox 476 3512 594 3570; x_wconf 83' lang='lat' dir='ltr'><strong>vulnere</strong></span> <span class='ocrx_word' id='word_1_173' title='bbox 623 3513 681 3569; x_wconf 96' lang='grc'><strong>4444</strong></span> <span class='ocrx_word' id='word_1_174' title='bbox 709 3526 795 3570; x_wconf 81' lang='grc'><strong>4444-</strong></span> 
     </span>
     <span class='ocr_line' id='line_1_37' title="bbox 250 3598 793 3670; baseline 0.011 -17"><span class='ocrx_word' id='word_1_175' title='bbox 250 3598 335 3655; x_wconf 86' lang='lat' dir='ltr'><strong>dente</strong></span> <span class='ocrx_word' id='word_1_176' title='bbox 346 3600 432 3657; x_wconf 88' lang='lat' dir='ltr'><strong>etiam</strong></span> <span class='ocrx_word' id='word_1_177' title='bbox 443 3601 525 3670; x_wconf 82' lang='lat' dir='ltr'><strong>Juxta</strong></span> <span class='ocrx_word' id='word_1_178' title='bbox 538 3602 626 3659; x_wconf 89' lang='lat' dir='ltr'><strong>chron</strong></span> <span class='ocrx_word' id='word_1_179' title='bbox 643 3603 731 3658; x_wconf 84' lang='lat' dir='ltr'><strong>Pasch</strong></span> <span class='ocrx_word' id='word_1_180' title='bbox 745 3604 762 3659; x_wconf 88' lang='lat' dir='ltr'><strong>h</strong></span> <span class='ocrx_word' id='word_1_181' title='bbox 776 3616 793 3659; x_wconf 89' lang='lat' dir='ltr'><strong>a</strong></span> 
     </span>
     <span class='ocr_line' id='line_1_38' title="bbox 250 3686 794 3749; baseline 0.015 -8"><span class='ocrx_word' id='word_1_182' title='bbox 250 3686 285 3742; x_wconf 90' lang='lat' dir='ltr'><strong>ad</strong></span> <span class='ocrx_word' id='word_1_183' title='bbox 300 3688 376 3744; x_wconf 91' lang='lat' dir='ltr'><strong>diem</strong></span> <span class='ocrx_word' id='word_1_184' title='bbox 391 3702 419 3745; x_wconf 89' lang='grc'><strong>44</strong></span> <span class='ocrx_word' id='word_1_185' title='bbox 436 3690 487 3745; x_wconf 87' lang='lat' dir='ltr'><strong>ilai</strong></span> <span class='ocrx_word' id='word_1_186' title='bbox 501 3690 594 3748; x_wconf 78' lang='lat' dir='ltr'><strong>iulias</strong></span> <span class='ocrx_word' id='word_1_187' title='bbox 612 3694 746 3748; x_wconf 85' lang='grc'><strong>44444444</strong></span> <span class='ocrx_word' id='word_1_188' title='bbox 759 3706 794 3749; x_wconf 84' lang='lat' dir='ltr'><strong>ex</strong></span> 
     </span>
     <span class='ocr_line' id='line_1_39' title="bbox 251 3777 794 3838; baseline 0.013 -8"><span class='ocrx_word' id='word_1_189' title='bbox 251 3777 356 3831; x_wconf 82' lang='lat' dir='ltr'><strong>comite</strong></span> <span class='ocrx_word' id='word_1_190' title='bbox 371 3777 594 3834; x_wconf 87' lang='lat' dir='ltr'><strong>domesticorum</strong></span> <span class='ocrx_word' id='word_1_191' title='bbox 613 3780 648 3834; x_wconf 89' lang='lat' dir='ltr'><strong>ab</strong></span> <span class='ocrx_word' id='word_1_192' title='bbox 665 3783 794 3838; x_wconf 80' lang='lat' dir='ltr'><strong>exercitu</strong></span> 
     </span>
     <span class='ocr_line' id='line_1_40' title="bbox 251 3861 793 3936; baseline 0.009 -18"><span class='ocrx_word' id='word_1_193' title='bbox 251 3861 372 3933; x_wconf 79' lang='lat' dir='ltr'><strong>eiigitur</strong></span> <span class='ocrx_word' id='word_1_194' title='bbox 391 3865 556 3932; x_wconf 89' lang='lat' dir='ltr'><strong>imperator.</strong></span> <span class='ocrx_word' id='word_1_195' title='bbox 573 3866 601 3920; x_wconf 92' lang='lat' dir='ltr'><strong>ls</strong></span> <span class='ocrx_word' id='word_1_196' title='bbox 617 3880 712 3936; x_wconf 82' lang='lat' dir='ltr'><strong>pacem</strong></span> <span class='ocrx_word' id='word_1_197' title='bbox 728 3882 793 3924; x_wconf 91' lang='lat' dir='ltr'><strong>cum</strong></span> 
     </span>
     <span class='ocr_line' id='line_1_41' title="bbox 251 3950 791 4012; baseline 0.009 -7"><span class='ocrx_word' id='word_1_198' title='bbox 251 3950 347 4006; x_wconf 85' lang='lat' dir='ltr'><strong>Persis</strong></span> <span class='ocrx_word' id='word_1_199' title='bbox 362 3950 512 4008; x_wconf 88' lang='grc'><strong>44444444</strong></span> <span class='ocrx_word' id='word_1_200' title='bbox 530 3966 621 4009; x_wconf 89' lang='lat' dir='ltr'><strong>annos</strong></span> <span class='ocrx_word' id='word_1_201' title='bbox 637 3967 704 4011; x_wconf 79' lang='lat' dir='ltr'><strong>xxx.</strong></span> <span class='ocrx_word' id='word_1_202' title='bbox 722 3956 791 4012; x_wconf 90' lang='grc'><strong>4444.</strong></span> 
     </span>
     <span class='ocr_line' id='line_1_42' title="bbox 249 4039 793 4115; baseline 0.015 -21"><span class='ocrx_word' id='word_1_203' title='bbox 249 4039 393 4095; x_wconf 88' lang='lat' dir='ltr'><strong>Ammian.</strong></span> <span class='ocrx_word' id='word_1_204' title='bbox 419 4039 581 4113; x_wconf 80' lang='lat' dir='ltr'><strong>Hieronym.</strong></span> <span class='ocrx_word' id='word_1_205' title='bbox 609 4043 685 4100; x_wconf 88' lang='lat' dir='ltr'><strong>idem</strong></span> <span class='ocrx_word' id='word_1_206' title='bbox 711 4044 793 4115; x_wconf 74' lang='lat' dir='ltr'><strong>iubet</strong></span> 
     </span>
     <span class='ocr_line' id='line_1_43' title="bbox 252 4127 796 4201; baseline 0.013 -18"><span class='ocrx_word' id='word_1_207' title='bbox 252 4127 394 4184; x_wconf 87' lang='lat' dir='ltr'><strong>idolorum</strong></span> <span class='ocrx_word' id='word_1_208' title='bbox 410 4130 515 4201; x_wconf 87' lang='lat' dir='ltr'><strong>templa</strong></span> <span class='ocrx_word' id='word_1_209' title='bbox 529 4133 637 4194; x_wconf 80' lang='lat' dir='ltr'><strong>claudi,</strong></span> <span class='ocrx_word' id='word_1_210' title='bbox 658 4140 687 4189; x_wconf 90' lang='lat' dir='ltr'><strong>et</strong></span> <span class='ocrx_word' id='word_1_211' title='bbox 700 4135 796 4190; x_wconf 90' lang='lat' dir='ltr'><strong>sacri·</strong></span> 
     </span>
     <span class='ocr_line' id='line_1_44' title="bbox 252 4217 719 4293; baseline 0.006 -19"><span class='ocrx_word' id='word_1_212' title='bbox 252 4217 317 4274; x_wconf 90' lang='lat' dir='ltr'><strong>licia</strong></span> <span class='ocrx_word' id='word_1_213' title='bbox 331 4217 451 4274; x_wconf 85' lang='lat' dir='ltr'><strong>aboleri.</strong></span> <span class='ocrx_word' id='word_1_214' title='bbox 467 4219 573 4276; x_wconf 87' lang='lat' dir='ltr'><strong>Socrat.</strong></span> <span class='ocrx_word' id='word_1_215' title='bbox 588 4217 615 4293; x_wconf 91' lang='grc'><strong>3,</strong></span> <span class='ocrx_word' id='word_1_216' title='bbox 632 4235 656 4277; x_wconf 92' lang='lat' dir='ltr'><strong>c.</strong></span> <span class='ocrx_word' id='word_1_217' title='bbox 673 4219 719 4279; x_wconf 75' lang='lat'><strong>25.</strong></span> 
     </span>
    </p>
   </div>
   <div class='ocr_carea' id='block_1_13' title="bbox 834 2448 903 2508">
    <p class='ocr_par' dir='ltr' id='par_1_17' title="bbox 834 2448 903 2508">
     <span class='ocr_line' id='line_1_45' title="bbox 834 2448 903 2508; baseline 0 -1"><span class='ocrx_word' id='word_1_218' title='bbox 834 2448 903 2508; x_wconf 91' lang='grc'><strong>4446</strong></span> 
     </span>
    </p>
   </div>
   <div class='ocr_carea' id='block_1_14' title="bbox 951 1782 978 1844">
    <p class='ocr_par' dir='ltr' id='par_1_18' title="bbox 951 1782 978 1844">
     <span class='ocr_line' id='line_1_46' title="bbox 951 1782 978 1844; baseline 0 0"><span class='ocrx_word' id='word_1_219' title='bbox 951 1782 978 1844; x_wconf 92' lang='grc' dir='ltr'><strong>Β</strong></span> 
     </span>
    </p>
   </div>
   <div class='ocr_carea' id='block_1_15' title="bbox 1046 2352 1078 2483">
    <p class='ocr_par' dir='ltr' id='par_1_19' title="bbox 1046 2352 1078 2483">
     <span class='ocr_line' id='line_1_47' title="bbox 1046 2352 1067 2395; baseline 0 0"><span class='ocrx_word' id='word_1_220' title='bbox 1046 2352 1067 2395; x_wconf 88' lang='grc'><strong>44</strong></span> 
     </span>
     <span class='ocr_line' id='line_1_48' title="bbox 1047 2441 1078 2483; baseline 0 0"><span class='ocrx_word' id='word_1_221' title='bbox 1047 2441 1078 2483; x_wconf 89' lang='grc'><strong>444</strong></span> 
     </span>
    </p>
   </div>
   <div class='ocr_carea' id='block_1_16' title="bbox 124 4465 1074 4721">
    <p class='ocr_par' dir='ltr' id='par_1_20' title="bbox 124 4465 1074 4721">
     <span class='ocr_line' id='line_1_49' title="bbox 143 4465 1074 4547; baseline 0.004 -21"><span class='ocrx_word' id='word_1_222' title='bbox 143 4465 213 4526; x_wconf 79' lang='lat' dir='ltr'><strong>soit</strong></span> <span class='ocrx_word' id='word_1_223' title='bbox 284 4468 566 4540; x_wconf 84' lang='lat' dir='ltr'><strong>impCaesiovianus</strong></span> <span class='ocrx_word' id='word_1_224' title='bbox 585 4471 695 4545; x_wconf 82' lang='lat' dir='ltr'><strong>Augtr.</strong></span> <span class='ocrx_word' id='word_1_225' title='bbox 714 4491 742 4547; x_wconf 91' lang='lat' dir='ltr'><strong>p.</strong></span> <span class='ocrx_word' id='word_1_226' title='bbox 762 4473 786 4532; x_wconf 92' lang='grc'><strong>4.</strong></span> <span class='ocrx_word' id='word_1_227' title='bbox 828 4473 896 4534; x_wconf 91' lang='grc'><strong>4446</strong></span> <span class='ocrx_word' id='word_1_228' title='bbox 944 4465 973 4529; x_wconf 88' lang='lat' dir='ltr'>D</span> <span class='ocrx_word' id='word_1_229' title='bbox 1039 4475 1074 4517; x_wconf 87' lang='lat'><strong>1¹¹</strong></span> 
     </span>
     <span class='ocr_line' id='line_1_50' title="bbox 124 4556 896 4634; baseline 0.013 -20"><span class='ocrx_word' id='word_1_230' title='bbox 124 4561 162 4634; x_wconf 66' lang='lat' dir='ltr'><strong>fi)</strong></span> <span class='ocrx_word' id='word_1_231' title='bbox 218 4556 298 4616; x_wconf 87' lang='grc'><strong>9444</strong></span> <span class='ocrx_word' id='word_1_232' title='bbox 311 4558 361 4630; x_wconf 88' lang='lat' dir='ltr'><strong>qui</strong></span> <span class='ocrx_word' id='word_1_233' title='bbox 375 4558 475 4615; x_wconf 82' lang='lat' dir='ltr'><strong>obitxl</strong></span> <span class='ocrx_word' id='word_1_234' title='bbox 491 4560 541 4616; x_wconf 87' lang='lat' dir='ltr'><strong>ilai</strong></span> <span class='ocrx_word' id='word_1_235' title='bbox 558 4562 665 4618; x_wconf 85' lang='lat' dir='ltr'><strong>llartii.</strong></span> <span class='ocrx_word' id='word_1_236' title='bbox 678 4565 710 4620; x_wconf 91' lang='lat' dir='ltr'><strong>ln</strong></span> <span class='ocrx_word' id='word_1_237' title='bbox 726 4566 789 4634; x_wconf 86' lang='lat' dir='ltr'><strong>ejus</strong></span> <span class='ocrx_word' id='word_1_238' title='bbox 827 4565 839 4623; x_wconf 93' lang='grc'><strong>4</strong></span> <span class='ocrx_word' id='word_1_239' title='bbox 846 4564 896 4624; x_wconf 85' lang='grc'><strong>447</strong></span> 
     </span>
     <span class='ocr_line' id='line_1_51' title="bbox 129 4644 788 4721; baseline 0.012 -18"><span class='ocrx_word' id='word_1_240' title='bbox 129 4645 166 4719; x_wconf 71' lang='lat'>0</span> <span class='ocrx_word' id='word_1_241' title='bbox 220 4644 344 4705; x_wconf 85' lang='grc'><strong>4444444</strong></span> <span class='ocrx_word' id='word_1_242' title='bbox 356 4648 477 4721; x_wconf 83' lang='lat' dir='ltr'><strong>eligitur</strong></span> <span class='ocrx_word' id='word_1_243' title='bbox 491 4650 715 4709; x_wconf 81' lang='grc'><strong>4444444444444</strong></span> <span class='ocrx_word' id='word_1_244' title='bbox 725 4655 788 4711; x_wconf 89' lang='grc'><strong>444</strong></span> 
     </span>
    </p>
   </div>
   <div class='ocr_carea' id='block_1_17' title="bbox 129 4737 222 5060">
    <p class='ocr_par' dir='ltr' id='par_1_21' title="bbox 129 4737 222 5060">
     <span class='ocr_line' id='line_1_52' title="bbox 147 4737 205 4795; baseline 0.086 -5"><span class='ocrx_word' id='word_1_245' title='bbox 147 4737 172 4790; x_wconf 86' lang='lat' dir='ltr'><strong>b</strong></span> <span class='ocrx_word' id='word_1_246' title='bbox 184 4739 205 4795; x_wconf 80' lang='lat' dir='ltr'><strong>d</strong></span> 
     </span>
     <span class='ocr_line' id='line_1_53' title="bbox 129 4826 221 4884; baseline -0.033 0"><span class='ocrx_word' id='word_1_247' title='bbox 129 4826 221 4884; x_wconf 82' lang='lat' dir='ltr'><strong>Indici</strong></span> 
     </span>
     <span class='ocr_line' id='line_1_54' title="bbox 159 4930 198 4972; baseline 0.077 -3"><span class='ocrx_word' id='word_1_248' title='bbox 159 4930 198 4972; x_wconf 87' lang='grc'><strong>444</strong></span> 
     </span>
     <span class='ocr_line' id='line_1_55' title="bbox 131 5009 222 5060; baseline -0.011 0"><span class='ocrx_word' id='word_1_249' title='bbox 131 5009 157 5060; x_wconf 88' lang='lat' dir='ltr'><strong>et</strong></span> <span class='ocrx_word' id='word_1_250' title='bbox 170 5017 222 5060; x_wconf 83' lang='grc'><strong>4444</strong></span> 
     </span>
    </p>
   </div>
   <div class='ocr_carea' id='block_1_18' title="bbox 246 4737 789 5062">
    <p class='ocr_par' dir='ltr' id='par_1_22' title="bbox 246 4737 789 5062">
     <span class='ocr_line' id='line_1_56' title="bbox 246 4737 787 4800; baseline 0.015 -8"><span class='ocrx_word' id='word_1_251' title='bbox 246 4737 298 4793; x_wconf 74' lang='lat' dir='ltr'><strong>ital</strong></span> <span class='ocrx_word' id='word_1_252' title='bbox 333 4738 429 4793; x_wconf 87' lang='lat' dir='ltr'><strong>illariii</strong></span> <span class='ocrx_word' id='word_1_253' title='bbox 463 4737 512 4795; x_wconf 90' lang='lat' dir='ltr'><strong>die</strong></span> <span class='ocrx_word' id='word_1_254' title='bbox 541 4739 604 4795; x_wconf 82' lang='lat' dir='ltr'><strong>iiiss</strong></span> <span class='ocrx_word' id='word_1_255' title='bbox 634 4741 787 4800; x_wconf 83' lang='lat' dir='ltr'><strong>declinato.</strong></span> 
     </span>
     <span class='ocr_line' id='line_1_57' title="bbox 246 4826 789 4898; baseline 0.013 -16"><span class='ocrx_word' id='word_1_256' title='bbox 246 4827 321 4883; x_wconf 90' lang='lat' dir='ltr'><strong>Idem</strong></span> <span class='ocrx_word' id='word_1_257' title='bbox 354 4826 602 4898; x_wconf 87' lang='lat' dir='ltr'><strong>Constantinopoli</strong></span> <span class='ocrx_word' id='word_1_258' title='bbox 639 4830 789 4889; x_wconf 75' lang='grc'><strong>44444444</strong></span> 
     </span>
     <span class='ocr_line' id='line_1_58' title="bbox 254 4913 789 4993; baseline 0.013 -22"><span class='ocrx_word' id='word_1_259' title='bbox 254 4916 415 4987; x_wconf 82' lang='lat' dir='ltr'><strong>Augustum</strong></span> <span class='ocrx_word' id='word_1_260' title='bbox 439 4915 565 4987; x_wconf 86' lang='lat' dir='ltr'><strong>appellat</strong></span> <span class='ocrx_word' id='word_1_261' title='bbox 585 4913 602 4973; x_wconf 86' lang='lat' dir='ltr'><strong>l</strong></span> <span class='ocrx_word' id='word_1_262' title='bbox 621 4918 683 4975; x_wconf 85' lang='lat' dir='ltr'><strong>Kal.</strong></span> <span class='ocrx_word' id='word_1_263' title='bbox 707 4922 789 4993; x_wconf 87' lang='lat' dir='ltr'><strong>April</strong></span> 
     </span>
     <span class='ocr_line' id='line_1_59' title="bbox 253 5004 362 5062; baseline 0.009 -3"><span class='ocrx_word' id='word_1_264' title='bbox 253 5004 362 5062; x_wconf 89' lang='lat' dir='ltr'><strong>idatius</strong></span> 
     </span>
    </p>
   </div>
   <div class='ocr_carea' id='block_1_19' title="bbox 247 5094 787 5241">
    <p class='ocr_par' dir='ltr' id='par_1_23' title="bbox 247 5094 787 5241">
     <span class='ocr_line' id='line_1_60' title="bbox 247 5094 786 5226; baseline 0.022 -81"><span class='ocrx_word' id='word_1_265' title='bbox 247 5095 338 5183; x_wconf 64' lang='lat' dir='ltr'><strong>&#39;Coss</strong></span> <span class='ocrx_word' id='word_1_266' title='bbox 357 5094 417 5162; x_wconf 90' lang='lat' dir='ltr'><strong>imp</strong></span> <span class='ocrx_word' id='word_1_267' title='bbox 448 5094 508 5178; x_wconf 76' lang='lat' dir='ltr'><strong>Caes</strong></span> <span class='ocrx_word' id='word_1_268' title='bbox 539 5096 677 5154; x_wconf 85' lang='grc'><strong>44444444</strong></span> <span class='ocrx_word' id='word_1_269' title='bbox 713 5099 786 5226; x_wconf 42' lang='lat' dir='ltr'><strong>Aa}</strong></span> 
     </span>
     <span class='ocr_line' id='line_1_61' title="bbox 367 5165 787 5241; baseline 0.026 -24"><span class='ocrx_word' id='word_1_270' title='bbox 367 5165 562 5223; x_wconf 77' lang='lat' dir='ltr'><strong>Varronianus</strong></span> <span class='ocrx_word' id='word_1_271' title='bbox 583 5167 644 5223; x_wconf 79' lang='lat' dir='ltr'><strong>caes</strong></span> <span class='ocrx_word' id='word_1_272' title='bbox 667 5171 730 5241; x_wconf 76' lang='lat' dir='ltr'><strong>Aug</strong></span> <span class='ocrx_word' id='word_1_273' title='bbox 780 5213 787 5228; x_wconf 92' lang='lat'><strong>.</strong></span> 
     </span>
    </p>
   </div>
   <div class='ocr_carea' id='block_1_20' title="bbox 247 5252 788 5681">
    <p class='ocr_par' dir='ltr' id='par_1_24' title="bbox 247 5252 788 5681">
     <span class='ocr_line' id='line_1_62' title="bbox 282 5252 788 5322; baseline 0.018 -15"><span class='ocrx_word' id='word_1_274' title='bbox 282 5252 391 5307; x_wconf 79' lang='lat' dir='ltr'><strong>&#39;Vetus</strong></span> <span class='ocrx_word' id='word_1_275' title='bbox 412 5252 486 5322; x_wconf 88' lang='lat' dir='ltr'><strong>iupis</strong></span> <span class='ocrx_word' id='word_1_276' title='bbox 501 5254 536 5307; x_wconf 89' lang='lat' dir='ltr'><strong>ll.</strong></span> <span class='ocrx_word' id='word_1_277' title='bbox 559 5255 591 5308; x_wconf 88' lang='grc' dir='ltr'><strong>Ν.</strong></span> <span class='ocrx_word' id='word_1_278' title='bbox 614 5254 722 5312; x_wconf 86' lang='lat' dir='ltr'><strong>relatus</strong></span> <span class='ocrx_word' id='word_1_279' title='bbox 741 5264 788 5316; x_wconf 86' lang='lat' dir='ltr'><strong>io-</strong></span> 
     </span>
     <span class='ocr_line' id='line_1_63' title="bbox 248 5337 787 5417; baseline 0.013 -19"><span class='ocrx_word' id='word_1_280' title='bbox 248 5337 335 5398; x_wconf 74' lang='grc'><strong>4442</strong></span> <span class='ocrx_word' id='word_1_281' title='bbox 364 5339 392 5395; x_wconf 91' lang='grc'><strong>44</strong></span> <span class='ocrx_word' id='word_1_282' title='bbox 416 5340 574 5411; x_wconf 80' lang='lat' dir='ltr'><strong>Proiegom.</strong></span> <span class='ocrx_word' id='word_1_283' title='bbox 590 5339 610 5396; x_wconf 91' lang='grc'><strong>4.</strong></span> <span class='ocrx_word' id='word_1_284' title='bbox 637 5356 738 5417; x_wconf 79' lang='lat' dir='ltr'><strong>cxviii,</strong></span> <span class='ocrx_word' id='word_1_285' title='bbox 759 5355 787 5405; x_wconf 91' lang='lat' dir='ltr'><strong>et</strong></span> 
     </span>
     <span class='ocr_line' id='line_1_64' title="bbox 248 5426 785 5502; baseline 0.013 -15"><span class='ocrx_word' id='word_1_286' title='bbox 248 5430 322 5500; x_wconf 86' lang='lat' dir='ltr'><strong>apud</strong></span> <span class='ocrx_word' id='word_1_287' title='bbox 351 5426 463 5484; x_wconf 86' lang='lat' dir='ltr'><strong>iioldett</strong></span> <span class='ocrx_word' id='word_1_288' title='bbox 491 5434 592 5485; x_wconf 79' lang='grc'><strong>4444444</strong></span> <span class='ocrx_word' id='word_1_289' title='bbox 618 5446 644 5502; x_wconf 91' lang='lat' dir='ltr'><strong>p.</strong></span> <span class='ocrx_word' id='word_1_290' title='bbox 672 5431 708 5488; x_wconf 82' lang='lat' dir='ltr'><strong>sl</strong></span> <span class='ocrx_word' id='word_1_291' title='bbox 736 5435 785 5494; x_wconf 91' lang='lat' dir='ltr'><strong>ubi</strong></span> 
     </span>
     <span class='ocr_line' id='line_1_65' title="bbox 247 5514 787 5594; baseline 0.013 -19"><span class='ocrx_word' id='word_1_292' title='bbox 247 5526 315 5575; x_wconf 81' lang='lat' dir='ltr'><strong>atas</strong></span> <span class='ocrx_word' id='word_1_293' title='bbox 330 5520 415 5575; x_wconf 74' lang='lat' dir='ltr'><strong>unna</strong></span> <span class='ocrx_word' id='word_1_294' title='bbox 429 5514 543 5573; x_wconf 87' lang='grc'><strong>4444444</strong></span> <span class='ocrx_word' id='word_1_295' title='bbox 560 5526 633 5577; x_wconf 91' lang='lat' dir='ltr'><strong>recte</strong></span> <span class='ocrx_word' id='word_1_296' title='bbox 652 5525 787 5594; x_wconf 82' lang='lat' dir='ltr'><strong>exprimi·</strong></span> 
     </span>
     <span class='ocr_line' id='line_1_66' title="bbox 248 5606 786 5681; baseline 0.017 -19"><span class='ocrx_word' id='word_1_297' title='bbox 248 5615 305 5663; x_wconf 88' lang='lat' dir='ltr'><strong>tur.</strong></span> <span class='ocrx_word' id='word_1_298' title='bbox 326 5607 396 5665; x_wconf 82' lang='lat' dir='ltr'><strong>Vide</strong></span> <span class='ocrx_word' id='word_1_299' title='bbox 412 5606 488 5681; x_wconf 76' lang='lat' dir='ltr'><strong>leges</strong></span> <span class='ocrx_word' id='word_1_300' title='bbox 508 5608 584 5678; x_wconf 87' lang='lat' dir='ltr'><strong>apud</strong></span> <span class='ocrx_word' id='word_1_301' title='bbox 605 5610 713 5667; x_wconf 81' lang='lat' dir='ltr'><strong>lieland</strong></span> <span class='ocrx_word' id='word_1_302' title='bbox 740 5614 786 5671; x_wconf 89' lang='lat' dir='ltr'><strong>his</strong></span> 
     </span>
    </p>
   </div>
   <div class='ocr_carea' id='block_1_21' title="bbox 1041 4562 1069 4605">
    <p class='ocr_par' dir='ltr' id='par_1_25' title="bbox 1041 4562 1069 4605">
     <span class='ocr_line' id='line_1_67' title="bbox 1041 4562 1069 4605; baseline 0 0"><span class='ocrx_word' id='word_1_303' title='bbox 1041 4562 1069 4605; x_wconf 78' lang='lat' dir='ltr'>W</span> 
     </span>
    </p>
   </div>
   <div class='ocr_carea' id='block_1_22' title="bbox 1133 746 1680 1532">
    <p class='ocr_par' dir='ltr' id='par_1_26' title="bbox 1133 746 1677 1072">
     <span class='ocr_line' id='line_1_68' title="bbox 1133 746 1677 819; baseline 0.004 -17"><span class='ocrx_word' id='word_1_304' title='bbox 1133 752 1233 816; x_wconf 72' lang='grc'><strong>444444</strong></span> <span class='ocrx_word' id='word_1_305' title='bbox 1247 746 1313 804; x_wconf 86' lang='grc'><strong>4444</strong></span> <span class='ocrx_word' id='word_1_306' title='bbox 1325 755 1353 804; x_wconf 91' lang='grc'><strong>44</strong></span> <span class='ocrx_word' id='word_1_307' title='bbox 1365 748 1520 805; x_wconf 85' lang='lat' dir='ltr'><strong>simulacro</strong></span> <span class='ocrx_word' id='word_1_308' title='bbox 1531 747 1677 819; x_wconf 76' lang='lat' dir='ltr'><strong>Apollinis</strong></span> 
     </span>
     <span class='ocr_line' id='line_1_69' title="bbox 1133 836 1677 909; baseline 0.002 -17"><span class='ocrx_word' id='word_1_309' title='bbox 1133 836 1298 907; x_wconf 87' lang='lat' dir='ltr'><strong>Daphnitici</strong></span> <span class='ocrx_word' id='word_1_310' title='bbox 1336 839 1523 909; x_wconf 72' lang='lat' dir='ltr'><strong>questionem</strong></span> <span class='ocrx_word' id='word_1_311' title='bbox 1562 836 1677 908; x_wconf 85' lang='lat' dir='ltr'><strong>habuit,</strong></span> 
     </span>
     <span class='ocr_line' id='line_1_70' title="bbox 1134 926 1676 997; baseline 0.002 -17"><span class='ocrx_word' id='word_1_312' title='bbox 1134 926 1299 997; x_wconf 78' lang='lat' dir='ltr'><strong>suspiratos</strong></span> <span class='ocrx_word' id='word_1_313' title='bbox 1311 941 1328 983; x_wconf 89' lang='lat' dir='ltr'><strong>a</strong></span> <span class='ocrx_word' id='word_1_314' title='bbox 1342 927 1517 983; x_wconf 72' lang='lat' dir='ltr'><strong>christianis</strong></span> <span class='ocrx_word' id='word_1_315' title='bbox 1530 933 1676 983; x_wconf 82' lang='lat' dir='ltr'><strong>exustum.</strong></span> 
     </span>
     <span class='ocr_line' id='line_1_71' title="bbox 1140 1012 1388 1072; baseline 0.004 -4"><span class='ocrx_word' id='word_1_316' title='bbox 1140 1012 1388 1072; x_wconf 66' lang='lat' dir='ltr'><strong>Ammianlibffl.</strong></span> 
     </span>
    </p>

    <p class='ocr_par' dir='ltr' id='par_1_27' title="bbox 1134 1102 1680 1532">
     <span class='ocr_line' id='line_1_72' title="bbox 1170 1102 1679 1176; baseline 0.006 -16"><span class='ocrx_word' id='word_1_317' title='bbox 1170 1102 1311 1174; x_wconf 68' lang='lat' dir='ltr'><strong>Georgius</strong></span> <span class='ocrx_word' id='word_1_318' title='bbox 1371 1106 1679 1176; x_wconf 86' lang='lat' dir='ltr'><strong>pseudo-episeopus</strong></span> 
     </span>
     <span class='ocr_line' id='line_1_73' title="bbox 1134 1192 1680 1265; baseline 0.009 -17"><span class='ocrx_word' id='word_1_319' title='bbox 1134 1192 1345 1251; x_wconf 83' lang='lat' dir='ltr'><strong>Alexandrinus</strong></span> <span class='ocrx_word' id='word_1_320' title='bbox 1357 1208 1373 1250; x_wconf 91' lang='grc'><strong>4</strong></span> <span class='ocrx_word' id='word_1_321' title='bbox 1384 1194 1526 1251; x_wconf 77' lang='lat' dir='ltr'><strong>concitata</strong></span> <span class='ocrx_word' id='word_1_322' title='bbox 1541 1194 1622 1265; x_wconf 84' lang='lat' dir='ltr'><strong>plebe</strong></span> <span class='ocrx_word' id='word_1_323' title='bbox 1633 1209 1680 1253; x_wconf 91' lang='grc'><strong>44·</strong></span> 
     </span>
     <span class='ocr_line' id='line_1_74' title="bbox 1136 1282 1678 1355; baseline 0.007 -18"><span class='ocrx_word' id='word_1_324' title='bbox 1136 1282 1263 1338; x_wconf 87' lang='grc'><strong>4444444;</strong></span> <span class='ocrx_word' id='word_1_325' title='bbox 1279 1283 1441 1354; x_wconf 76' lang='lat' dir='ltr'><strong>regreditur</strong></span> <span class='ocrx_word' id='word_1_326' title='bbox 1456 1283 1604 1355; x_wconf 76' lang='lat' dir='ltr'><strong>legitimus</strong></span> <span class='ocrx_word' id='word_1_327' title='bbox 1618 1284 1678 1355; x_wconf 91' lang='lat' dir='ltr'><strong>epi·</strong></span> 
     </span>
     <span class='ocr_line' id='line_1_75' title="bbox 1136 1373 1678 1444; baseline 0.004 -16"><span class='ocrx_word' id='word_1_328' title='bbox 1136 1384 1241 1444; x_wconf 89' lang='lat' dir='ltr'><strong>scopus</strong></span> <span class='ocrx_word' id='word_1_329' title='bbox 1269 1373 1444 1429; x_wconf 72' lang='lat' dir='ltr'><strong>Athanasius</strong></span> <span class='ocrx_word' id='word_1_330' title='bbox 1470 1391 1477 1427; x_wconf 91' lang='lat'><strong>:</strong></span> <span class='ocrx_word' id='word_1_331' title='bbox 1503 1373 1554 1443; x_wconf 85' lang='lat' dir='ltr'><strong>qul</strong></span> <span class='ocrx_word' id='word_1_332' title='bbox 1582 1378 1678 1430; x_wconf 83' lang='lat' dir='ltr'><strong>tamen</strong></span> 
     </span>
     <span class='ocr_line' id='line_1_76' title="bbox 1134 1461 1667 1532; baseline 0.008 -16"><span class='ocrx_word' id='word_1_333' title='bbox 1134 1461 1252 1518; x_wconf 86' lang='lat' dir='ltr'><strong>Arianis</strong></span> <span class='ocrx_word' id='word_1_334' title='bbox 1267 1461 1444 1518; x_wconf 84' lang='lat' dir='ltr'><strong>instantibus</strong></span> <span class='ocrx_word' id='word_1_335' title='bbox 1460 1461 1569 1517; x_wconf 89' lang='grc'><strong>4444444</strong></span> <span class='ocrx_word' id='word_1_336' title='bbox 1582 1462 1667 1532; x_wconf 76' lang='lat' dir='ltr'><strong>iussu</strong></span> 
     </span>
    </p>
   </div>
   <div class='ocr_carea' id='block_1_23' title="bbox 1125 1547 1678 1622">
    <p class='ocr_par' dir='ltr' id='par_1_28' title="bbox 1125 1547 1678 1622">
     <span class='ocr_line' id='line_1_77' title="bbox 1125 1547 1678 1622; baseline 0.004 -15"><span class='ocrx_word' id='word_1_337' title='bbox 1125 1552 1240 1622; x_wconf 84' lang='lat' dir='ltr'><strong>ilerum</strong></span> <span class='ocrx_word' id='word_1_338' title='bbox 1255 1551 1420 1622; x_wconf 81' lang='lat' dir='ltr'><strong>expellitur.</strong></span> <span class='ocrx_word' id='word_1_339' title='bbox 1436 1551 1535 1607; x_wconf 83' lang='lat' dir='ltr'><strong>socrat</strong></span> <span class='ocrx_word' id='word_1_340' title='bbox 1549 1547 1576 1622; x_wconf 87' lang='grc'><strong>3,</strong></span> <span class='ocrx_word' id='word_1_341' title='bbox 1591 1550 1678 1609; x_wconf 82' lang='lat' dir='ltr'><strong>Theo</strong></span> 
     </span>
    </p>
   </div>
   <div class='ocr_carea' id='block_1_24' title="bbox 1134 1638 1680 2246">
    <p class='ocr_par' dir='ltr' id='par_1_29' title="bbox 1134 1638 1406 1709">
     <span class='ocr_line' id='line_1_78' title="bbox 1134 1638 1406 1709; baseline 0 -13"><span class='ocrx_word' id='word_1_342' title='bbox 1134 1640 1216 1696; x_wconf 85' lang='lat' dir='ltr'><strong>doret</strong></span> <span class='ocrx_word' id='word_1_343' title='bbox 1225 1638 1252 1709; x_wconf 88' lang='grc'><strong>3,</strong></span> <span class='ocrx_word' id='word_1_344' title='bbox 1268 1640 1366 1697; x_wconf 86' lang='lat' dir='ltr'><strong>sozom</strong></span> <span class='ocrx_word' id='word_1_345' title='bbox 1379 1639 1406 1697; x_wconf 86' lang='lat'><strong>5.</strong></span> 
     </span>
    </p>

    <p class='ocr_par' dir='ltr' id='par_1_30' title="bbox 1134 1727 1680 2246">
     <span class='ocr_line' id='line_1_79' title="bbox 1169 1727 1677 1786; baseline 0.002 -1"><span class='ocrx_word' id='word_1_346' title='bbox 1169 1727 1416 1786; x_wconf 80' lang='lat' dir='ltr'><strong>luciferianorum</strong></span> <span class='ocrx_word' id='word_1_347' title='bbox 1438 1728 1565 1786; x_wconf 87' lang='lat' dir='ltr'><strong>schisma</strong></span> <span class='ocrx_word' id='word_1_348' title='bbox 1579 1729 1677 1786; x_wconf 86' lang='lat' dir='ltr'><strong>Antio·</strong></span> 
     </span>
     <span class='ocr_line' id='line_1_80' title="bbox 1135 1817 1680 1875; baseline 0.002 -1"><span class='ocrx_word' id='word_1_349' title='bbox 1135 1817 1207 1874; x_wconf 78' lang='lat' dir='ltr'><strong>chiae</strong></span> <span class='ocrx_word' id='word_1_350' title='bbox 1229 1817 1389 1875; x_wconf 89' lang='lat' dir='ltr'><strong>subortum.</strong></span> <span class='ocrx_word' id='word_1_351' title='bbox 1415 1819 1571 1875; x_wconf 79' lang='lat' dir='ltr'><strong>Donatistae</strong></span> <span class='ocrx_word' id='word_1_352' title='bbox 1593 1832 1609 1874; x_wconf 92' lang='lat' dir='ltr'><strong>a</strong></span> <span class='ocrx_word' id='word_1_353' title='bbox 1632 1819 1680 1875; x_wconf 90' lang='grc'><strong>44·</strong></span> 
     </span>
     <span class='ocr_line' id='line_1_81' title="bbox 1135 1907 1677 1975; baseline 0.004 -11"><span class='ocrx_word' id='word_1_354' title='bbox 1135 1908 1213 1964; x_wconf 87' lang='grc'><strong>44444</strong></span> <span class='ocrx_word' id='word_1_355' title='bbox 1251 1908 1349 1964; x_wconf 85' lang='lat' dir='ltr'><strong>exsilii</strong></span> <span class='ocrx_word' id='word_1_356' title='bbox 1389 1907 1608 1975; x_wconf 83' lang='lat' dir='ltr'><strong>relaxationem,</strong></span> <span class='ocrx_word' id='word_1_357' title='bbox 1648 1914 1677 1966; x_wconf 95' lang='grc'><strong>44</strong></span> 
     </span>
     <span class='ocr_line' id='line_1_82' title="bbox 1134 1997 1678 2069; baseline 0.002 -16"><span class='ocrx_word' id='word_1_358' title='bbox 1134 1997 1323 2054; x_wconf 73' lang='lat' dir='ltr'><strong>basilicarum</strong></span> <span class='ocrx_word' id='word_1_359' title='bbox 1351 1998 1563 2054; x_wconf 87' lang='lat' dir='ltr'><strong>restitutionem</strong></span> <span class='ocrx_word' id='word_1_360' title='bbox 1591 1999 1678 2069; x_wconf 80' lang='lat' dir='ltr'><strong>impe</strong></span> 
     </span>
     <span class='ocr_line' id='line_1_83' title="bbox 1135 2086 1678 2157; baseline 0.006 -16"><span class='ocrx_word' id='word_1_361' title='bbox 1135 2092 1222 2157; x_wconf 89' lang='grc'><strong>44444,</strong></span> <span class='ocrx_word' id='word_1_362' title='bbox 1251 2093 1278 2143; x_wconf 91' lang='grc'><strong>44</strong></span> <span class='ocrx_word' id='word_1_363' title='bbox 1302 2087 1398 2143; x_wconf 88' lang='lat' dir='ltr'><strong>omnia</strong></span> <span class='ocrx_word' id='word_1_364' title='bbox 1426 2086 1522 2143; x_wconf 90' lang='lat' dir='ltr'><strong>turbis</strong></span> <span class='ocrx_word' id='word_1_365' title='bbox 1544 2087 1678 2145; x_wconf 84' lang='lat' dir='ltr'><strong>miscent.</strong></span> 
     </span>
     <span class='ocr_line' id='line_1_84' title="bbox 1134 2173 1297 2246; baseline 0 -15"><span class='ocrx_word' id='word_1_366' title='bbox 1134 2174 1255 2246; x_wconf 88' lang='lat' dir='ltr'><strong>Optatus</strong></span> <span class='ocrx_word' id='word_1_367' title='bbox 1269 2173 1297 2232; x_wconf 75' lang='grc'><strong>2.</strong></span> 
     </span>
    </p>
   </div>
   <div class='ocr_carea' id='block_1_25' title="bbox 1128 2335 1677 4201">
    <p class='ocr_par' dir='ltr' id='par_1_31' title="bbox 1165 2335 1425 2396">
     <span class='ocr_line' id='line_1_85' title="bbox 1165 2335 1425 2396; baseline 0.004 -2"><span class='ocrx_word' id='word_1_368' title='bbox 1165 2339 1272 2396; x_wconf 83' lang='lat' dir='ltr'><strong>liberii</strong></span> <span class='ocrx_word' id='word_1_369' title='bbox 1291 2335 1324 2396; x_wconf 89' lang='grc'><strong>40</strong></span> <span class='ocrx_word' id='word_1_370' title='bbox 1338 2343 1366 2396; x_wconf 88' lang='grc'><strong>44</strong></span> <span class='ocrx_word' id='word_1_371' title='bbox 1381 2337 1425 2396; x_wconf 89' lang='grc'><strong>44.</strong></span> 
     </span>
    </p>

    <p class='ocr_par' dir='ltr' id='par_1_32' title="bbox 1132 2428 1677 3741">
     <span class='ocr_line' id='line_1_86' title="bbox 1167 2428 1660 2501; baseline 0.006 -18"><span class='ocrx_word' id='word_1_372' title='bbox 1167 2428 1301 2484; x_wconf 88' lang='grc'><strong>44444444</strong></span> <span class='ocrx_word' id='word_1_373' title='bbox 1315 2428 1462 2499; x_wconf 89' lang='lat' dir='ltr'><strong>Templum</strong></span> <span class='ocrx_word' id='word_1_374' title='bbox 1477 2429 1660 2501; x_wconf 86' lang='lat' dir='ltr'><strong>ierosolymi-</strong></span> 
     </span>
     <span class='ocr_line' id='line_1_87' title="bbox 1135 2519 1677 2589; baseline 0.006 -16"><span class='ocrx_word' id='word_1_375' title='bbox 1135 2523 1233 2574; x_wconf 91' lang='lat' dir='ltr'><strong>tanum</strong></span> <span class='ocrx_word' id='word_1_376' title='bbox 1277 2532 1325 2589; x_wconf 88' lang='lat' dir='ltr'><strong>per</strong></span> <span class='ocrx_word' id='word_1_377' title='bbox 1361 2519 1473 2575; x_wconf 82' lang='grc'><strong>444444</strong></span> <span class='ocrx_word' id='word_1_378' title='bbox 1513 2519 1677 2577; x_wconf 87' lang='lat' dir='ltr'><strong>instaurare</strong></span> 
     </span>
     <span class='ocr_line' id='line_1_88' title="bbox 1135 2607 1676 2666; baseline 0.002 -3"><span class='ocrx_word' id='word_1_379' title='bbox 1135 2607 1279 2664; x_wconf 85' lang='lat' dir='ltr'><strong>incassum</strong></span> <span class='ocrx_word' id='word_1_380' title='bbox 1307 2613 1424 2664; x_wconf 75' lang='lat' dir='ltr'><strong>tentat:</strong></span> <span class='ocrx_word' id='word_1_381' title='bbox 1451 2616 1551 2664; x_wconf 88' lang='grc'><strong>444444</strong></span> <span class='ocrx_word' id='word_1_382' title='bbox 1575 2608 1676 2666; x_wconf 86' lang='lat' dir='ltr'><strong>Persas</strong></span> 
     </span>
     <span class='ocr_line' id='line_1_89' title="bbox 1135 2696 1672 2769; baseline 0.006 -17"><span class='ocrx_word' id='word_1_383' title='bbox 1135 2696 1280 2767; x_wconf 88' lang='lat' dir='ltr'><strong>proiectus</strong></span> <span class='ocrx_word' id='word_1_384' title='bbox 1309 2699 1524 2769; x_wconf 74' lang='lat' dir='ltr'><strong>Ctesiphontem</strong></span> <span class='ocrx_word' id='word_1_385' title='bbox 1547 2698 1672 2755; x_wconf 79' lang='lat' dir='ltr'><strong>obsidet</strong></span> 
     </span>
     <span class='ocr_line' id='line_1_90' title="bbox 1134 2778 1676 2847; baseline 0.009 -5"><span class='ocrx_word' id='word_1_386' title='bbox 1134 2786 1176 2843; x_wconf 93' lang='lat' dir='ltr'><strong>Ab</strong></span> <span class='ocrx_word' id='word_1_387' title='bbox 1204 2778 1236 2844; x_wconf 79' lang='lat' dir='ltr'><strong>e&#39;a</strong></span> <span class='ocrx_word' id='word_1_388' title='bbox 1265 2790 1398 2845; x_wconf 88' lang='lat' dir='ltr'><strong>recedens</strong></span> <span class='ocrx_word' id='word_1_389' title='bbox 1432 2789 1531 2845; x_wconf 89' lang='lat' dir='ltr'><strong>lethali</strong></span> <span class='ocrx_word' id='word_1_390' title='bbox 1558 2789 1676 2847; x_wconf 88' lang='grc'><strong>4444444</strong></span> 
     </span>
     <span class='ocr_line' id='line_1_91' title="bbox 1135 2877 1676 2949; baseline 0.007 -16"><span class='ocrx_word' id='word_1_391' title='bbox 1135 2877 1286 2948; x_wconf 83' lang='grc'><strong>[44444444</strong></span> <span class='ocrx_word' id='word_1_392' title='bbox 1307 2891 1342 2934; x_wconf 92' lang='grc'><strong>44</strong></span> <span class='ocrx_word' id='word_1_393' title='bbox 1362 2879 1477 2936; x_wconf 89' lang='lat' dir='ltr'><strong>coeiitus</strong></span> <span class='ocrx_word' id='word_1_394' title='bbox 1497 2880 1620 2949; x_wconf 89' lang='lat' dir='ltr'><strong>indicto,</strong></span> <span class='ocrx_word' id='word_1_395' title='bbox 1640 2893 1676 2937; x_wconf 91' lang='lat' dir='ltr'><strong>an</strong></span> 
     </span>
     <span class='ocr_line' id='line_1_92' title="bbox 1133 2966 1676 3044; baseline 0.007 -22"><span class='ocrx_word' id='word_1_396' title='bbox 1133 2979 1183 3022; x_wconf 81' lang='lat' dir='ltr'><strong>ner</strong></span> <span class='ocrx_word' id='word_1_397' title='bbox 1197 2968 1325 3039; x_wconf 76' lang='lat' dir='ltr'><strong>ignotum</strong></span> <span class='ocrx_word' id='word_1_398' title='bbox 1347 2966 1502 3044; x_wconf 88' lang='lat' dir='ltr'><strong>hominem]</strong></span> <span class='ocrx_word' id='word_1_399' title='bbox 1517 2970 1595 3026; x_wconf 90' lang='lat' dir='ltr'><strong>diem</strong></span> <span class='ocrx_word' id='word_1_400' title='bbox 1614 2969 1676 3027; x_wconf 87' lang='lat' dir='ltr'><strong>obit</strong></span> 
     </span>
     <span class='ocr_line' id='line_1_93' title="bbox 1133 3058 1675 3130; baseline 0.011 -18"><span class='ocrx_word' id='word_1_401' title='bbox 1133 3058 1317 3128; x_wconf 82' lang='lat' dir='ltr'><strong>blasphemus</strong></span> <span class='ocrx_word' id='word_1_402' title='bbox 1340 3065 1368 3115; x_wconf 90' lang='lat' dir='ltr'><strong>et</strong></span> <span class='ocrx_word' id='word_1_403' title='bbox 1388 3064 1528 3130; x_wconf 86' lang='lat' dir='ltr'><strong>apostata.</strong></span> <span class='ocrx_word' id='word_1_404' title='bbox 1551 3059 1675 3117; x_wconf 86' lang='lat' dir='ltr'><strong>Theodo-</strong></span> 
     </span>
     <span class='ocr_line' id='line_1_94' title="bbox 1133 3146 1677 3220; baseline 0.007 -17"><span class='ocrx_word' id='word_1_405' title='bbox 1133 3153 1185 3217; x_wconf 88' lang='lat' dir='ltr'><strong>rei,</strong></span> <span class='ocrx_word' id='word_1_406' title='bbox 1218 3147 1244 3216; x_wconf 87' lang='grc'><strong>3,</strong></span> <span class='ocrx_word' id='word_1_407' title='bbox 1276 3162 1300 3205; x_wconf 92' lang='lat' dir='ltr'><strong>c.</strong></span> <span class='ocrx_word' id='word_1_408' title='bbox 1341 3146 1369 3218; x_wconf 75' lang='grc'><strong>2,</strong></span> <span class='ocrx_word' id='word_1_409' title='bbox 1405 3162 1470 3205; x_wconf 93' lang='lat' dir='ltr'><strong>cum</strong></span> <span class='ocrx_word' id='word_1_410' title='bbox 1509 3149 1677 3220; x_wconf 86' lang='lat' dir='ltr'><strong>imperasset</strong></span> 
     </span>
     <span class='ocr_line' id='line_1_95' title="bbox 1134 3235 1670 3307; baseline 0.002 -13"><span class='ocrx_word' id='word_1_411' title='bbox 1134 3243 1198 3307; x_wconf 90' lang='lat' dir='ltr'><strong>post</strong></span> <span class='ocrx_word' id='word_1_412' title='bbox 1231 3237 1343 3294; x_wconf 86' lang='lat' dir='ltr'><strong>obitum</strong></span> <span class='ocrx_word' id='word_1_413' title='bbox 1376 3237 1536 3295; x_wconf 86' lang='lat' dir='ltr'><strong>Constantii</strong></span> <span class='ocrx_word' id='word_1_414' title='bbox 1570 3253 1628 3296; x_wconf 92' lang='lat' dir='ltr'><strong>ann</strong></span> <span class='ocrx_word' id='word_1_415' title='bbox 1658 3235 1670 3295; x_wconf 94' lang='grc'><strong>4</strong></span> 
     </span>
     <span class='ocr_line' id='line_1_96' title="bbox 1134 3323 1676 3399; baseline 0.004 -16"><span class='ocrx_word' id='word_1_416' title='bbox 1134 3326 1243 3383; x_wconf 92' lang='lat' dir='ltr'><strong>mensib</strong></span> <span class='ocrx_word' id='word_1_417' title='bbox 1262 3323 1290 3396; x_wconf 89' lang='grc'><strong>’4,</strong></span> <span class='ocrx_word' id='word_1_418' title='bbox 1312 3326 1378 3383; x_wconf 90' lang='lat' dir='ltr'><strong>iere.</strong></span> <span class='ocrx_word' id='word_1_419' title='bbox 1399 3330 1533 3384; x_wconf 83' lang='grc'><strong>44444444</strong></span> <span class='ocrx_word' id='word_1_420' title='bbox 1554 3331 1676 3399; x_wconf 86' lang='lat' dir='ltr'><strong>impera·</strong></span> 
     </span>
     <span class='ocr_line' id='line_1_97' title="bbox 1133 3417 1676 3489; baseline 0.007 -18"><span class='ocrx_word' id='word_1_421' title='bbox 1133 3421 1178 3471; x_wconf 91' lang='lat' dir='ltr'><strong>tor</strong></span> <span class='ocrx_word' id='word_1_422' title='bbox 1203 3417 1324 3489; x_wconf 83' lang='lat' dir='ltr'><strong>eligitur</strong></span> <span class='ocrx_word' id='word_1_423' title='bbox 1344 3431 1361 3473; x_wconf 90' lang='lat' dir='ltr'><strong>a</strong></span> <span class='ocrx_word' id='word_1_424' title='bbox 1384 3417 1538 3486; x_wconf 84' lang='lat' dir='ltr'><strong>militibus,</strong></span> <span class='ocrx_word' id='word_1_425' title='bbox 1565 3419 1615 3489; x_wconf 83' lang='lat' dir='ltr'><strong>qui</strong></span> <span class='ocrx_word' id='word_1_426' title='bbox 1645 3431 1676 3476; x_wconf 90' lang='lat' dir='ltr'><strong>se</strong></span> 
     </span>
     <span class='ocr_line' id='line_1_98' title="bbox 1132 3505 1675 3565; baseline 0.007 -5"><span class='ocrx_word' id='word_1_427' title='bbox 1132 3505 1314 3562; x_wconf 82' lang='lat' dir='ltr'><strong>Christianos</strong></span> <span class='ocrx_word' id='word_1_428' title='bbox 1330 3520 1392 3563; x_wconf 87' lang='lat' dir='ltr'><strong>esse</strong></span> <span class='ocrx_word' id='word_1_429' title='bbox 1408 3506 1559 3564; x_wconf 76' lang='lat' dir='ltr'><strong>confestim</strong></span> <span class='ocrx_word' id='word_1_430' title='bbox 1583 3507 1675 3565; x_wconf 82' lang='grc'><strong>44444·</strong></span> 
     </span>
     <span class='ocr_line' id='line_1_99' title="bbox 1132 3595 1674 3667; baseline 0.013 -20"><span class='ocrx_word' id='word_1_431' title='bbox 1132 3600 1220 3664; x_wconf 90' lang='lat' dir='ltr'><strong>mant,</strong></span> <span class='ocrx_word' id='word_1_432' title='bbox 1237 3609 1300 3650; x_wconf 92' lang='lat' dir='ltr'><strong>cum</strong></span> <span class='ocrx_word' id='word_1_433' title='bbox 1315 3595 1479 3653; x_wconf 86' lang='lat' dir='ltr'><strong>Gentilibus</strong></span> <span class='ocrx_word' id='word_1_434' title='bbox 1491 3610 1522 3653; x_wconf 88' lang='lat' dir='ltr'><strong>se</strong></span> <span class='ocrx_word' id='word_1_435' title='bbox 1534 3597 1674 3667; x_wconf 84' lang='lat' dir='ltr'><strong>inperare</strong></span> 
     </span>
     <span class='ocr_line' id='line_1_100' title="bbox 1134 3682 1355 3741; baseline 0.014 -3"><span class='ocrx_word' id='word_1_436' title='bbox 1134 3682 1210 3739; x_wconf 92' lang='lat' dir='ltr'><strong>nolle</strong></span> <span class='ocrx_word' id='word_1_437' title='bbox 1223 3684 1355 3741; x_wconf 81' lang='lat' dir='ltr'><strong>dixisset.</strong></span> 
     </span>
    </p>

    <p class='ocr_par' dir='ltr' id='par_1_33' title="bbox 1128 3773 1677 4201">
     <span class='ocr_line' id='line_1_101' title="bbox 1166 3773 1676 3834; baseline 0.014 -7"><span class='ocrx_word' id='word_1_438' title='bbox 1166 3773 1197 3829; x_wconf 93' lang='lat' dir='ltr'><strong>ln</strong></span> <span class='ocrx_word' id='word_1_439' title='bbox 1229 3773 1359 3830; x_wconf 85' lang='lat' dir='ltr'><strong>Concilio</strong></span> <span class='ocrx_word' id='word_1_440' title='bbox 1387 3775 1566 3834; x_wconf 77' lang='lat' dir='ltr'><strong>Antiocheno</strong></span> <span class='ocrx_word' id='word_1_441' title='bbox 1591 3776 1676 3834; x_wconf 80' lang='grc'><strong>4444·</strong></span> 
     </span>
     <span class='ocr_line' id='line_1_102' title="bbox 1131 3861 1672 3936; baseline 0.015 -19"><span class='ocrx_word' id='word_1_442' title='bbox 1131 3861 1208 3918; x_wconf 89' lang='grc'><strong>44444</strong></span> <span class='ocrx_word' id='word_1_443' title='bbox 1229 3877 1259 3919; x_wconf 89' lang='lat' dir='ltr'><strong>se</strong></span> <span class='ocrx_word' id='word_1_444' title='bbox 1274 3863 1309 3919; x_wconf 90' lang='grc'><strong>44</strong></span> <span class='ocrx_word' id='word_1_445' title='bbox 1332 3863 1477 3920; x_wconf 88' lang='lat' dir='ltr'><strong>llelelinm</strong></span> <span class='ocrx_word' id='word_1_446' title='bbox 1499 3865 1672 3936; x_wconf 75' lang='grc'><strong>4444444444.</strong></span> 
     </span>
     <span class='ocr_line' id='line_1_103' title="bbox 1134 3952 1675 4024; baseline 0.011 -17"><span class='ocrx_word' id='word_1_447' title='bbox 1134 3958 1163 4008; x_wconf 90' lang='grc'><strong>44</strong></span> <span class='ocrx_word' id='word_1_448' title='bbox 1187 3952 1330 4009; x_wconf 81' lang='lat' dir='ltr'><strong>Nicaenam</strong></span> <span class='ocrx_word' id='word_1_449' title='bbox 1353 3954 1434 4010; x_wconf 89' lang='lat' dir='ltr'><strong>tidem</strong></span> <span class='ocrx_word' id='word_1_450' title='bbox 1459 3953 1675 4024; x_wconf 87' lang='lat' dir='ltr'><strong>amplectuntur</strong></span> 
     </span>
     <span class='ocr_line' id='line_1_104' title="bbox 1128 4041 1677 4114; baseline 0.011 -18"><span class='ocrx_word' id='word_1_451' title='bbox 1128 4043 1210 4110; x_wconf 78' lang='lat' dir='ltr'><strong>Juxta</strong></span> <span class='ocrx_word' id='word_1_452' title='bbox 1234 4042 1332 4099; x_wconf 84' lang='lat' dir='ltr'><strong>socrat</strong></span> <span class='ocrx_word' id='word_1_453' title='bbox 1356 4043 1375 4099; x_wconf 93' lang='lat' dir='ltr'><strong>l.</strong></span> <span class='ocrx_word' id='word_1_454' title='bbox 1396 4042 1424 4114; x_wconf 89' lang='lat'><strong>3,</strong></span> <span class='ocrx_word' id='word_1_455' title='bbox 1444 4058 1469 4101; x_wconf 90' lang='grc'><strong>4.</strong></span> <span class='ocrx_word' id='word_1_456' title='bbox 1489 4041 1534 4100; x_wconf 75' lang='lat'><strong>25.</strong></span> <span class='ocrx_word' id='word_1_457' title='bbox 1559 4045 1587 4100; x_wconf 89' lang='lat' dir='ltr'><strong>S.</strong></span> <span class='ocrx_word' id='word_1_458' title='bbox 1613 4046 1677 4103; x_wconf 88' lang='lat' dir='ltr'><strong>iile·</strong></span> 
     </span>
     <span class='ocr_line' id='line_1_105' title="bbox 1131 4133 1675 4201; baseline 0.013 -16"><span class='ocrx_word' id='word_1_459' title='bbox 1131 4143 1229 4201; x_wconf 77' lang='grc'><strong>444444</strong></span> <span class='ocrx_word' id='word_1_460' title='bbox 1258 4133 1382 4188; x_wconf 89' lang='lat' dir='ltr'><strong>medium</strong></span> <span class='ocrx_word' id='word_1_461' title='bbox 1410 4136 1571 4189; x_wconf 80' lang='lat' dir='ltr'><strong>Homoestdn</strong></span> <span class='ocrx_word' id='word_1_462' title='bbox 1598 4134 1675 4192; x_wconf 87' lang='lat' dir='ltr'><strong>inter</strong></span> 
     </span>
    </p>
   </div>
   <div class='ocr_carea' id='block_1_26' title="bbox 1129 4220 1676 4366">
    <p class='ocr_par' dir='ltr' id='par_1_34' title="bbox 1129 4220 1676 4366">
     <span class='ocr_line' id='line_1_106' title="bbox 1129 4220 1676 4283; baseline 0.018 -10"><span class='ocrx_word' id='word_1_463' title='bbox 1129 4220 1294 4275; x_wconf 82' lang='lat' dir='ltr'><strong>iloneasioo</strong></span> <span class='ocrx_word' id='word_1_464' title='bbox 1327 4226 1355 4277; x_wconf 88' lang='lat' dir='ltr'><strong>et</strong></span> <span class='ocrx_word' id='word_1_465' title='bbox 1387 4222 1555 4281; x_wconf 86' lang='lat' dir='ltr'><strong>Anomoeum</strong></span> <span class='ocrx_word' id='word_1_466' title='bbox 1585 4225 1676 4283; x_wconf 87' lang='lat' dir='ltr'><strong>admi·</strong></span> 
     </span>
     <span class='ocr_line' id='line_1_107' title="bbox 1129 4309 1331 4366; baseline -0.02 -2"><span class='ocrx_word' id='word_1_467' title='bbox 1129 4310 1203 4364; x_wconf 87' lang='grc'><strong>44444</strong></span> <span class='ocrx_word' id='word_1_468' title='bbox 1219 4309 1331 4366; x_wconf 91' lang='lat' dir='ltr'><strong>scribit.</strong></span> 
     </span>
    </p>
   </div>
   <div class='ocr_carea' id='block_1_27' title="bbox 1124 4461 1693 5607">
    <p class='ocr_par' dir='ltr' id='par_1_35' title="bbox 1165 4461 1416 4522">
     <span class='ocr_line' id='line_1_108' title="bbox 1165 4461 1416 4522; baseline 0.02 -5"><span class='ocrx_word' id='word_1_469' title='bbox 1165 4462 1273 4521; x_wconf 83' lang='lat' dir='ltr'><strong>liberii</strong></span> <span class='ocrx_word' id='word_1_470' title='bbox 1291 4461 1319 4520; x_wconf 92' lang='grc'><strong>44</strong></span> <span class='ocrx_word' id='word_1_471' title='bbox 1337 4469 1365 4522; x_wconf 90' lang='grc'><strong>44</strong></span> <span class='ocrx_word' id='word_1_472' title='bbox 1381 4463 1416 4521; x_wconf 72' lang='lat' dir='ltr'><strong>ii</strong></span> 
     </span>
    </p>

    <p class='ocr_par' dir='ltr' id='par_1_36' title="bbox 1127 4551 1688 4717">
     <span class='ocr_line' id='line_1_109' title="bbox 1160 4551 1688 4631; baseline 0.019 -25"><span class='ocrx_word' id='word_1_473' title='bbox 1160 4551 1356 4610; x_wconf 83' lang='lat' dir='ltr'><strong>ilacedoniani</strong></span> <span class='ocrx_word' id='word_1_474' title='bbox 1381 4568 1397 4610; x_wconf 89' lang='lat' dir='ltr'><strong>a</strong></span> <span class='ocrx_word' id='word_1_475' title='bbox 1422 4555 1539 4612; x_wconf 89' lang='lat' dir='ltr'><strong>Valente</strong></span> <span class='ocrx_word' id='word_1_476' title='bbox 1564 4559 1688 4631; x_wconf 71' lang='lat' dir='ltr'><strong>cogendi</strong></span> 
     </span>
     <span class='ocr_line' id='line_1_110' title="bbox 1127 4640 1626 4717; baseline 0.016 -21"><span class='ocrx_word' id='word_1_477' title='bbox 1127 4640 1251 4698; x_wconf 82' lang='lat' dir='ltr'><strong>concilii</strong></span> <span class='ocrx_word' id='word_1_478' title='bbox 1271 4649 1437 4714; x_wconf 86' lang='lat' dir='ltr'><strong>potestatem</strong></span> <span class='ocrx_word' id='word_1_479' title='bbox 1458 4645 1626 4717; x_wconf 85' lang='lat' dir='ltr'><strong>impetrant.</strong></span> 
     </span>
    </p>

    <p class='ocr_par' dir='ltr' id='par_1_37' title="bbox 1127 4731 1693 5057">
     <span class='ocr_line' id='line_1_111' title="bbox 1162 4731 1675 4808; baseline 0.018 -22"><span class='ocrx_word' id='word_1_480' title='bbox 1162 4731 1265 4788; x_wconf 89' lang='lat' dir='ltr'><strong>Valens</strong></span> <span class='ocrx_word' id='word_1_481' title='bbox 1302 4734 1483 4791; x_wconf 81' lang='lat' dir='ltr'><strong>Antiochiam</strong></span> <span class='ocrx_word' id='word_1_482' title='bbox 1525 4734 1675 4808; x_wconf 87' lang='lat' dir='ltr'><strong>proiectus</strong></span> 
     </span>
     <span class='ocr_line' id='line_1_112' title="bbox 1128 4822 1693 4890; baseline 0.014 -12"><span class='ocrx_word' id='word_1_483' title='bbox 1128 4822 1273 4879; x_wconf 88' lang='lat' dir='ltr'><strong>lieietium</strong></span> <span class='ocrx_word' id='word_1_484' title='bbox 1299 4823 1390 4890; x_wconf 77' lang='lat' dir='ltr'><strong>elicit,</strong></span> <span class='ocrx_word' id='word_1_485' title='bbox 1417 4830 1444 4880; x_wconf 90' lang='lat' dir='ltr'><strong>cl</strong></span> <span class='ocrx_word' id='word_1_486' title='bbox 1471 4839 1537 4883; x_wconf 93' lang='lat' dir='ltr'><strong>cum</strong></span> <span class='ocrx_word' id='word_1_487' title='bbox 1567 4827 1693 4886; x_wconf 79' lang='lat' dir='ltr'><strong>liutosio</strong></span> 
     </span>
     <span class='ocr_line' id='line_1_113' title="bbox 1127 4909 1673 4990; baseline 0.013 -23"><span class='ocrx_word' id='word_1_488' title='bbox 1127 4909 1340 4967; x_wconf 87' lang='lat' dir='ltr'><strong>communicare</strong></span> <span class='ocrx_word' id='word_1_489' title='bbox 1381 4912 1546 4972; x_wconf 84' lang='lat' dir='ltr'><strong>catholicos</strong></span> <span class='ocrx_word' id='word_1_490' title='bbox 1581 4917 1673 4990; x_wconf 70' lang='lat' dir='ltr'><strong>cogit</strong></span> 
     </span>
     <span class='ocr_line' id='line_1_114' title="bbox 1127 5001 1290 5057; baseline -0.037 0"><span class='ocrx_word' id='word_1_491' title='bbox 1127 5001 1290 5057; x_wconf 71' lang='lat' dir='ltr'><strong>Socraten.</strong></span> 
     </span>
    </p>

    <p class='ocr_par' dir='ltr' id='par_1_38' title="bbox 1124 5087 1674 5607">
     <span class='ocr_line' id='line_1_115' title="bbox 1162 5087 1673 5154; baseline 0.023 -13"><span class='ocrx_word' id='word_1_492' title='bbox 1162 5087 1358 5146; x_wconf 83' lang='grc'><strong>444444444444</strong></span> <span class='ocrx_word' id='word_1_493' title='bbox 1405 5106 1438 5149; x_wconf 91' lang='grc'><strong>44</strong></span> <span class='ocrx_word' id='word_1_494' title='bbox 1483 5093 1673 5154; x_wconf 87' lang='lat' dir='ltr'><strong>semi-Ariani</strong></span> 
     </span>
     <span class='ocr_line' id='line_1_116' title="bbox 1126 5179 1674 5247; baseline 0.024 -16"><span class='ocrx_word' id='word_1_495' title='bbox 1126 5179 1272 5247; x_wconf 88' lang='lat' dir='ltr'><strong>Lampsaci</strong></span> <span class='ocrx_word' id='word_1_496' title='bbox 1319 5182 1494 5238; x_wconf 88' lang='lat' dir='ltr'><strong>conveniunt</strong></span> <span class='ocrx_word' id='word_1_497' title='bbox 1533 5185 1674 5244; x_wconf 87' lang='lat' dir='ltr'><strong>adversus</strong></span> 
     </span>
     <span class='ocr_line' id='line_1_117' title="bbox 1126 5266 1673 5340; baseline 0.02 -19"><span class='ocrx_word' id='word_1_498' title='bbox 1126 5266 1282 5322; x_wconf 88' lang='lat' dir='ltr'><strong>horrendas</strong></span> <span class='ocrx_word' id='word_1_499' title='bbox 1317 5267 1511 5340; x_wconf 88' lang='lat' dir='ltr'><strong>blasphemias</strong></span> <span class='ocrx_word' id='word_1_500' title='bbox 1539 5273 1568 5328; x_wconf 89' lang='lat' dir='ltr'><strong>in</strong></span> <span class='ocrx_word' id='word_1_501' title='bbox 1601 5275 1673 5332; x_wconf 85' lang='lat' dir='ltr'><strong>Con·</strong></span> 
     </span>
     <span class='ocr_line' id='line_1_118' title="bbox 1125 5357 1672 5427; baseline 0.015 -14"><span class='ocrx_word' id='word_1_502' title='bbox 1125 5357 1383 5427; x_wconf 87' lang='lat' dir='ltr'><strong>stantinupolitano</strong></span> <span class='ocrx_word' id='word_1_503' title='bbox 1409 5359 1610 5420; x_wconf 81' lang='lat' dir='ltr'><strong>conciliabulo</strong></span> <span class='ocrx_word' id='word_1_504' title='bbox 1633 5363 1672 5420; x_wconf 91' lang='lat' dir='ltr'><strong>ab</strong></span> 
     </span>
     <span class='ocr_line' id='line_1_119' title="bbox 1124 5446 1669 5525; baseline 0.018 -24"><span class='ocrx_word' id='word_1_505' title='bbox 1124 5446 1237 5515; x_wconf 86' lang='lat' dir='ltr'><strong>Acacio,</strong></span> <span class='ocrx_word' id='word_1_506' title='bbox 1252 5447 1378 5518; x_wconf 83' lang='lat' dir='ltr'><strong>aliisque</strong></span> <span class='ocrx_word' id='word_1_507' title='bbox 1397 5449 1545 5507; x_wconf 83' lang='lat' dir='ltr'><strong>Anomoels</strong></span> <span class='ocrx_word' id='word_1_508' title='bbox 1563 5452 1669 5525; x_wconf 84' lang='lat' dir='ltr'><strong>editas,</strong></span> 
     </span>
     <span class='ocr_line' id='line_1_120' title="bbox 1125 5534 1670 5607; baseline 0.02 -17"><span class='ocrx_word' id='word_1_509' title='bbox 1125 5543 1152 5591; x_wconf 92' lang='lat' dir='ltr'><strong>et</strong></span> <span class='ocrx_word' id='word_1_510' title='bbox 1178 5534 1355 5593; x_wconf 77' lang='lat' dir='ltr'><strong>Ariminensi</strong></span> <span class='ocrx_word' id='word_1_511' title='bbox 1382 5535 1560 5607; x_wconf 82' lang='lat' dir='ltr'><strong>professione</strong></span> <span class='ocrx_word' id='word_1_512' title='bbox 1580 5542 1670 5600; x_wconf 86' lang='lat' dir='ltr'><strong>dam-</strong></span> 
     </span>
    </p>
   </div>
   <div class='ocr_carea' id='block_1_28' title="bbox 0 0 1950 6134">
    <p class='ocr_par' dir='ltr' id='par_1_39' title="bbox 0 0 1950 6134">
     <span class='ocr_line' id='line_1_121' title="bbox 0 0 1950 6134; baseline 0 0"><span class='ocrx_word' id='word_1_513' title='bbox 0 0 1950 6134; x_wconf 95' lang='lat' dir='ltr'><strong> </strong></span> 
     </span>
    </p>
   </div>
  </div>
 </body>
</html>
