3892 6136
1776 252 1840 311 tobi

746 256 924 312 ANASTASII
944 254 1215 312 blhtlorhacnhn

126 258 197 316 ⁴031

125 388 183 453 tur,
199 395 229 437 se
245 380 387 437 didicisse
400 381 483 437 iidem
496 378 607 437 lecerit.
633 382 672 436 lle
684 379 792 450 quibus
804 393 868 434 cum
886 384 952 433 ante
964 380 995 440 A
1011 382 1039 433 ιι
1051 377 1184 433 Ecclesiae
1200 377 1351 449 legendnm
1365 391 1416 434 sua
1432 381 1607 435 auctoritate
1617 378 1713 435 dedit.
1729 379 1841 435 lissum·

124 453 274 509 biennium
302 451 361 507 lere
384 453 572 508 reverendiss.
600 454 631 506 l).
658 451 768 507 Nicolai
784 448 950 504 Coelioteari
1011 455 1058 518 pto
1070 450 1168 519 itaque
1184 448 1347 517 Evangelio,
1363 448 1437 519 quod
1453 448 1699 519 lpseconiecerat,
1717 450 1840 519 perrexit

124 523 318 580 llassiliensis
332 524 459 593 episcopi
473 525 526 592 piae
543 523 685 578 memorie
702 525 801 591 rogatu
818 520 953 575 hortatu-
1009 522 1039 574 ln
1068 520 1228 590 AEgyptum.
1255 520 1470 590 autographum
1510 521 1660 589 Evangelii
1690 521 1721 574 li.
1757 521 1839 577 blarci

124 609 181 665 que
196 594 431 649 Dissertationem
449 595 627 662 scripserim,
644 606 728 663 quam
744 592 793 646 ille
807 590 953 646 loculento
1010 590 1288 645 venetiisasservari
1306 590 1335 643 in
1352 590 1487 647 thesauro
1506 592 1570 660 ejus
1582 590 1700 646 ducalis
1717 590 1839 647 basilice

123 672 152 721 et
166 667 282 748 egregio
298 665 377 734 operi
393 665 438 719 llll
454 665 588 729 intenuit,
606 665 682 735 qnod
696 669 796 718 contra
809 661 954 731 Spalaten·
1010 660 1083 715 lama
1096 668 1149 727 est,
1166 661 1274 716 litteris
1288 662 1450 730 principum
1463 661 1490 716 id
1505 662 1761 717 contestantibus:
1775 675 1840 733 quas

125 749 183 792 sem
198 736 301 802 edidit,
318 749 380 805 quse
393 735 456 789 illic
470 733 565 789 lusius
575 742 662 805 atque
677 733 797 790 uberius
814 730 955 801 exposui·
1009 732 1101 787 edidit
1112 733 1148 786 h.
1161 733 1193 785 l).
1209 730 1392 786 blontiaucon
1409 732 1439 786 in
1452 745 1506 787 suo
1519 732 1735 788 Diarioltallco
1750 730 1840 801 pausa

124 820 199 875 mus,
225 806 380 861 summatin
400 808 452 860 hoc
473 806 501 860 in
520 804 591 874 loco,
630 820 673 861 use
683 813 727 860 est
738 805 854 873 propria
874 802 955 857 sedes
1009 807 1037 857 et
1055 815 1114 872 sep.
1136 801 1274 857 Benehclo
1288 801 1527 858 excellentissimi
1548 804 1581 856 l).
1608 804 1764 859 Fuscarini
1783 776 1838 859 iro

124 877 296 947 questionis
316 876 408 943 illius,
431 821 649 947 perstringeris
673 876 873 944 putavimus.»
893 875 954 927 Non
1009 874 1096 927 lllarol
1119 873 1322 941 procuratoris,
1339 875 1386 929 cui
1401 873 1585 945 magistratui
1601 888 1675 929 cura
1688 874 1840 929 sacrltbe-

125 948 314 1004 transcribam
331 945 553 1002 Petavianllibri
567 948 661 1017 capita
678 945 801 1012 ldetll,
817 958 882 999 cum
900 957 956 1012 prae
1012 946 1090 998 sauri
1106 944 1276 999 demandata
1301 952 1355 1011 est,
1382 944 1543 1015 impetravi,
1561 951 1594 999 ut
1615 944 1751 1000 evolvere
1773 946 1837 1001 mihi

124 1018 259 1074 manibus
278 1018 408 1072 omnium
423 1018 492 1073 sint.
514 1019 658 1073 summam
675 1016 873 1073 tantummodo
888 1028 956 1083 per·
1012 1012 1112 1068 liceret
1126 1014 1235 1069 codicis
1249 1012 1328 1083 lolia,
1348 1015 1417 1070 dum
1432 1028 1509 1071 anno
1533 1016 1688 1085 superiore
1703 1011 1785 1083 ttae,
1797 1017 1839 1073 die

125 1088 276 1159 stringam.
293 1086 426 1144 Ostendit
436 1088 583 1143 veritatem
594 1094 681 1159 atque
695 1087 840 1142 inscitiam
854 1085 958 1154 spala—
1010 1082 1206 1140 abscensus
1225 1098 1305 1141 sacra
1328 1085 1440 1154 lipsana
1453 1099 1606 1142 venerarer
1620 1086 1733 1142 ibidem
1749 1099 1839 1143 asser-

122 1160 224 1221 tensis,
251 1164 432 1228 recoquentis
453 1159 564 1214 calvini
580 1159 732 1225 crambem,
745 1165 773 1212 et
785 1157 955 1227 Magdehur-
1011 1161 1095 1224 vata,
1110 1161 1138 1209 et
1159 1155 1291 1211 adhibito
1307 1156 1474 1225 perspicillo
1497 1157 1658 1229 diligenter
1683 1157 1837 1228 inquirere,

124 1228 952 1300 gensiumobjecta,totiesacatholicisdissoluta.indicat
1012 1239 1079 1280 num
1090 1227 1240 1293 draconar
1263 1227 1356 1281 Latini
1381 1228 1558 1283 characteris
1573 1226 1668 1284 lorma
1686 1228 1719 1283 iu
1737 1228 1836 1285 litteris

123 1313 157 1356 ex
169 1303 241 1356 luca
253 1300 307 1356 sub
326 1301 392 1355 inde
403 1313 419 1354 a
430 1313 496 1355 neme
507 1300 854 1369 Stephaniperdispersos
865 1297 955 1352 discl-
1010 1302 1169 1366 appareret,
1186 1310 1202 1351 a
1223 1297 1436 1353 hlontlauconio
1449 1298 1590 1367 depictis:
1609 1300 1700 1368 cujus
1715 1299 1836 1356 diarium

124 1370 410 1441 puloschristianam
421 1369 880 1426 lucemludaeishntiochensibus
892 1367 954 1423 illa·
1009 1368 1141 1423 consulto
1157 1381 1264 1423 mecum
1286 1368 1449 1434 attuleram,
1466 1382 1522 1424 una
1534 1383 1600 1425 eum
1618 1369 1739 1425 lamella
1752 1370 1834 1437 moni,

124 1440 289 1497 tamlulsse.
303 1441 419 1496 Petrum
434 1441 561 1497 triennio
578 1448 643 1511 post
658 1440 950 1496 conversioneml‘an·
1008 1452 1063 1562 qna
1080 1452 1188 1507 possem
1210 1439 1326 1507 putrida
1337 1436 1406 1494 lolia
1420 1440 1568 1503 diducere,
1584 1440 1662 1495 citra
1681 1440 1833 1566 geniculum

124 1511 144 1568 li
162 1511 321 1582 proiectum
332 1512 514 1566 Antiochiam
531 1512 628 1567 llxisse
646 1512 674 1566 in
687 1526 720 1567 ea
730 1512 847 1566 civitate
857 1508 951 1565 sedem
1022 1515 1151 1564 rectura..
1167 1508 1516 1565 incassumlaboravimus
1526 1518 1673 1580 quotquot
1704 1512 1834 1567 ocstndio

122 1583 325 1653 episcopalem.
361 1583 484 1637 ductum
511 1583 615 1638 deiude
639 1596 788 1638 numerum
818 1581 950 1635 Ecclesiae
1009 1580 1274 1642 tenebamur;uam
1298 1581 1366 1634 licet
1388 1580 1499 1635 lamina
1521 1582 1677 1650 complura
1708 1582 1833 1639 admors-

123 1655 320 1721 Antiocbenae,
349 1654 464 1723 quando
487 1654 644 1708 Cbistianae
668 1652 733 1709 hdci
763 1652 869 1708 ibidem
885 1665 950 1705 am-
1007 1663 1113 1717 remus,
1130 1656 1158 1706 et
1175 1650 1302 1705 lentibus
1323 1651 1502 1721 crystallinis
1523 1665 1705 1719 augeremus
1720 1653 1831 1709 visionis

124 1725 257 1795 pllhcatae
281 1725 401 1779 nuntius
430 1724 654 1794 Hierosolymam
671 1724 777 1779 allatus
802 1727 854 1778 est.
880 1723 949 1776 Fre·
965 1761 989 1821 Β
1005 1721 1154 1791 angulum,
1185 1722 1297 1776 nullum
1325 1727 1418 1777 tamen
1444 1724 1579 1778 elementi
1607 1723 1651 1778 vel
1675 1723 1782 1791 Latini,
1795 1723 1830 1779 rel

123 1802 243 1866 quentes
255 1792 945 1865 excursusPetrlvlsitandorumgratialldelium:
1005 1792 1096 1846 Greci
1110 1792 1263 1861 vestigium
1286 1793 1497 1861 deprehendere
1508 1793 1612 1849 datum
1628 1792 1708 1850 luit:
1736 1794 1774 1849 ita
1787 1794 1831 1851 de-

123 1878 215 1937 neqoe
228 1878 327 1922 omnes
340 1865 479 1920 distincte
502 1866 531 1920 in
557 1866 678 1921 Actibus
696 1871 874 1920 memoratos.
899 1863 947 1917 sed
1006 1863 1086 1917 tritis
1098 1876 1166 1927 aevo,
1183 1869 1270 1931 atque
1293 1865 1386 1918 erosis
1407 1864 1562 1932 (salsedine
1582 1863 1714 1920 forsitan
1736 1871 1830 1921 aestua-

121 1942 288 1993 contentum
299 1933 390 1992 luisse
407 1936 510 1991 Lucam
526 1950 616 2008 genus
630 1937 752 1999 edicere,
771 1949 837 1990 cum
857 1932 945 1989 reler·
1007 1934 1127 2005 riorum)
1136 1933 1389 2003 singullslltteris,
1400 1934 1827 2006 utnullinsllgurasuperessct

122 2014 175 2069 ret,
192 2010 305 2062 Petrum
322 2007 468 2062 visitando
480 2007 655 2074 pertransire
667 2008 830 2062 universos.
850 2004 947 2060 l'iderl
1004 2004 1144 2060 Narratur
1160 2004 1189 2058 in
1204 2005 1385 2059 dirrumontls
1407 2019 1422 2059 a
1444 2003 1665 2062 llontlauconio
1687 2007 1785 2063 allatis
1802 2021 1827 2063 ιι

122 2085 232 2148 poterat
246 2077 489 2133 satisconsnltum
502 2079 663 2146 patrocinio
671 2078 812 2145 veritatis,
828 2090 876 2145 per
891 2075 949 2129 haec
1005 2074 1137 2129 bolland.
1150 2080 1217 2130 tom.
1230 2078 1276 2130 lll.
1288 2076 1408 2144 aprilis,
1422 2074 1557 2146 pagati,
1571 2079 1603 2132 in
1620 2078 1827 2148 metropolitam

121 2149 268 2204 observata
285 2148 391 2202 letarii
403 2145 738 2220 chronologorumlaelle
753 2147 895 2217 principis
909 2148 949 2200 lta
1004 2144 1132 2199 Ecclesia
1154 2146 1288 2214 Pragensi
1313 2147 1453 2202 asservari
1478 2148 1552 2202 duos
1581 2148 1711 2204 ultimos
1726 2155 1828 2275 quater·

123 2219 336 2280 medicamenti
349 2218 569 2288 explicatiuitlo
582 2217 950 2289 caprosiaooeaohaere
1006 2216 1107 2271 niones
1130 2217 1258 2285 eiusdem
1283 2218 1393 2272 codicis
1417 2218 1445 2272 S.
1474 2220 1561 2273 lllarci
1588 2220 1708 2275 Latinis
1751 2219 1828 2275 itteris

122 2289 203 2356 ticis,
221 2289 328 2357 inquit,
343 2302 376 2343 ex
402 2297 534 2344 accurata
548 2304 687 2346 annorum
707 2290 906 2359 disputatione
922 2293 950 2342 et
1005 2288 1130 2355 scriptos
1150 2301 1222 2357 quos
1237 2287 1358 2343 h'arolus
1379 2288 1506 2356 Quartus
1523 2289 1689 2357 imperator
1705 2290 1825 2349 obtinuit

125 2360 262 2415 notorum
276 2359 408 2425 historia,
419 2367 518 2415 contra
528 2362 601 2416 Petri
613 2358 888 2429 cathedramopponi
901 2371 951 2412 so-
1005 2365 1033 2412 et
1053 2365 1214 2412 memoratae
1228 2358 1362 2427 Pragensi
1384 2359 1663 2416 Ecclesiaedonavlt.
1680 2362 1772 2431 llujns
1785 2362 1826 2416 ιι

126 2430 196 2499 lent,
210 2430 248 2485 lis
259 2428 394 2485 lunditus
404 2432 551 2486 eversisac
562 2431 713 2494 convictis,
725 2430 800 2486 nihil
811 2432 869 2498 jam
881 2428 951 2483 obs·
1006 2429 1063 2482 neti
1078 2428 1189 2483 codicis
1204 2429 1415 2484 membranacea
1430 2442 1492 2484 esse
1510 2428 1595 2496 lolia,
1614 2440 1780 2488 nouantem
1799 2444 1825 2485 ιι

122 2507 184 2556 ιιιι
195 2500 376 2571 potest,quin
386 2506 476 2568 vetus,
488 2502 599 2570 etapud
610 2502 767 2556 catholicos
774 2507 883 2569 recepta
896 2505 952 2553 tra·
1006 2498 1169 2568 phylira(ut
1179 2499 1390 2568 illeoplnatur),
1401 2501 1828 2570 nemoexpraesenribusaomts

122 2572 199 2627 ditio
212 2574 322 2639 pondus
336 2585 420 2626 suum
432 2577 460 2625 et
473 2574 675 2627 auctoritatem
697 2573 828 2626 retineat.
849 2573 949 2625 Verum
1005 2570 1191 2625 considerans
1209 2571 1366 2625 dubitavit.
1384 2569 1571 2627 defendenda
1587 2579 1633 2627 est
1652 2573 1685 2627 in
1716 2574 1827 2629 acrimo-

121 2642 191 2712 qula
207 2642 363 2697 necessitas
376 2643 564 2710 componendi
582 2655 691 2696 sacram
709 2642 860 2696 historiam
878 2654 950 2707 apo-
1006 2640 1082 2694 nlam
1096 2640 1165 2695 salsi
1194 2641 1324 2696 humoris
1338 2641 1374 2695 ab
1385 2642 1567 2697 australibus
1583 2646 1684 2699 ventis
1714 2644 1829 2707 excitati,

121 2713 251 2767 stolloam
269 2725 332 2767 cum
355 2711 518 2767 rationibus
533 2711 669 2781 prolana,
693 2713 723 2767 in
750 2713 835 2766 annis
851 2723 949 2781 regum
1006 2709 1113 2780 qulbus
1127 2712 1315 2779 perflantibus
1329 2725 1471 2766 marmora
1483 2713 1546 2781 ipsa
1560 2715 1697 2769 ecclesiae
1711 2718 1739 2770 ti.
1754 2715 1826 2771 llarcl

120 2783 296 2847 ludaeorum,
313 2782 497 2837 acCaesarum
514 2783 705 2837 llomanornm
722 2783 879 2852 prasertim
898 2794 950 2848 pa·
1005 2781 1209 2852 lluntlrrlgua,
1220 2784 1348 2838 corrosio
1361 2784 1525 2852 atramenti,
1536 2797 1571 2839 ac
1588 2784 1828 2856 litterarumque

120 2851 950 2923 riandiscuml'etriprasentiallierosolymis,Pauloilluc
1005 2858 1122 2921 apparet
1136 2853 1165 2907 ln
1189 2854 1398 2908 recentioribus
1421 2854 1508 2908 ctiam
1530 2856 1691 2911 codicibus
1714 2858 1828 2928 Evange-

120 2925 303 2989 ascendente,
319 2929 351 2977 ut
363 2925 477 2979 Petrum
488 2925 608 2993 videret,
620 2924 951 2995 llerodehgrlppaeum-
1007 2921 1113 2978 liorum
1129 2922 1225 2977 eodem
1242 2925 1546 2992 armarlocustoditis,
1564 2926 1634 2981 licet
1648 2928 1753 2983 horum
1762 2927 1827 2982 scri-

120 2995 183 3051 dem
196 2994 322 3050 vinculis
337 2995 528 3063 mancipante,
539 3002 601 3064 post
612 2994 746 3049 iacobum
758 2995 854 3065 gladio
869 2995 951 3048 occi·
1008 2999 1099 3063 ptura
1121 2995 1285 3064 antiquitas
1301 3008 1391 3050 anuos
1404 2992 1456 3049 llil)
1473 3009 1528 3050 non
1556 3003 1691 3066 superet.
1717 3002 1752 3053 lia
1763 3000 1825 3053 enin

120 3079 196 3134 sum,
227 3072 330 3120 iterum
357 3066 480 3120 adeunte
507 3065 742 3135 Hierosolymam.
772 3064 858 3119 l’aulo
887 3070 950 3133 post
977 3077 1036 3132 ,se
1053 3065 1220 3118 insinuante
1243 3079 1308 3121 cum
1324 3078 1379 3120 ere
1399 3066 1461 3135 ipso
1483 3068 1589 3122 intima
1613 3069 1645 3122 in
1671 3069 1825 3139 penetralia.

120 3136 441 3206 annosquatuordecim
455 3149 470 3190 a
483 3137 670 3192 conversione
684 3136 744 3191 sive
757 3150 772 3190 a
784 3137 876 3205 prima
895 3134 950 3189 col·
1007 3134 1189 3204 «quantolibet
1202 3137 1300 3190 studio
1323 3138 1478 3197 custodita,
1496 3136 1632 3193 ellectum
1649 3147 1705 3203 est,
1725 3147 1755 3196 ot
1775 3152 1826 3209 qua

120 3207 267 3263 locutione
278 3220 342 3260 cum
354 3207 434 3261 Petro
445 3214 473 3261 et
485 3207 666 3278 congregatis
677 3207 817 3276 apostolis
834 3208 863 3261 in
877 3219 950 3261 con·
1006 3206 1179 3260 lineamenta
1195 3206 1357 3262 litterarum
1371 3208 1401 3262 ll.
1415 3209 1443 3261 P.
1464 3208 1657 3265 llontlaucon
1675 3210 1827 3266 observanti

119 3278 191 3333 cillo
205 3279 240 3332 ad
265 3277 493 3347 respondendum
515 3279 549 3333 de
564 3278 715 3349 legalibus,
733 3279 807 3347 quod
822 3276 951 3332 relerunt
1005 3277 1826 3349 Laturaescripturaeindiciumevidensexhlbuerantjan

120 3349 312 3404 communiter
333 3349 368 3402 ad
395 3360 503 3403 annum
525 3348 560 3404 53
587 3364 649 3404 aerae
673 3349 781 3403 Christi
810 3347 947 3417 vulgaris,
1004 3348 1123 3402 omniuo
1144 3348 1292 3415 deperdita
1327 3349 1403 3403 intra
1436 3362 1527 3404 annos
1557 3352 1636 3406 duos
1672 3359 1701 3407 et
1727 3352 1826 3424 viginti,

121 3422 287 3482 necessitas,
301 3421 430 3488 inquam,
443 3421 630 3488 componendi
655 3427 791 3489 utrasque
811 3419 949 3473 historias
1005 3417 1117 3473 nullum
1131 3432 1190 3472 snae
1205 3419 1304 3489 ligura
1315 3419 1469 3488 vestigium
1489 3420 1681 3490 reliquerint.
1712 3490 1716 3495 .

119 3490 327 3560 apostolorum,
352 3502 384 3543 ac
407 3491 550 3545 Caesarum
577 3504 642 3545 cuth
668 3491 761 3559 pariae
785 3489 948 3558 implicatas
1040 3490 1126 3543 Linea
1153 3486 1180 3543 i.
1207 3520 1240 3530 -
1269 3492 1332 3544 Posi
1373 3506 1478 3543 omnimo
1513 3499 1639 3560 quotuor
1675 3494 1827 3561 Euangelio-

119 3561 312 3631 quaeslionest
329 3559 495 3616 indeiaclle
509 3574 607 3616 ansam
620 3562 767 3630 arripiunt
780 3561 876 3616 hostes
889 3560 945 3614 llo-
1003 3574 1065 3612 rum
1093 3563 1204 3627 saulem,
1234 3577 1295 3629 quae
1319 3561 1356 3614 orl
1379 3563 1638 3629 iuterrogotionom,
1671 3572 1698 3619 et
1721 3567 1826 3619 testimo-

120 3632 945 3697 manaecathedraeexuno,velalterotextuhistoricorum
1002 3632 1151 3699 niururjus
1171 3635 1359 3699 pernatassent
1391 3633 1505 3687 codices
1520 3633 1682 3706 llolstcnii,
1703 3643 1732 3691 et
1752 3636 1825 3691 Sobe-

120 3703 278 3773 quaerendl,
295 3708 327 3757 ul
339 3703 433 3766 aiunt,
453 3703 558 3757 nollunt
571 3705 599 3758 ln
617 3704 723 3771 scirpo.
750 3703 821 3756 llinc
838 3701 945 3756 Patavii
1004 3700 1129 3756 lestratii
1142 3703 1245 3757 hahent
1257 3706 1377 3765 solariolo
1403 3744 1410 3764 ,
1427 3703 1704 3773 dumaliasLatirae,
1717 3707 1823 3774 aliusque·

119 3771 453 3839 rationibusdeollnatis,
465 3775 824 3843 aciequeargumentorum
839 3771 943 3835 refusa,
1003 3771 1105 3833 Graece,
1126 3777 1151 3825 et
1170 3774 1243 3825 uleus
1257 3774 1390 3826 llebroice
1415 3780 1578 3842 consonant,
1606 3782 1704 3831 tomen
1725 3778 1780 3845 qus
1797 3782 1824 3828 te·

117 3841 375 3898 schelestratloilli
387 3843 416 3895 in
433 3856 526 3912 pugna
539 3845 702 3898 succedenti
717 3858 803 3899 novos
818 3847 893 3898 ictus
905 3845 946 3896 in·
1002 3845 1128 3896 stimonio
1151 3851 1216 3896 serit
1239 3847 1358 3912 firmato.
1388 3845 1541 3916 Evangelia
1567 3847 1716 3913 hlatthaei,
1741 3845 1823 3909 llarci,

119 3919 240 3982 tentant,
264 3911 480 3983 chronologiam
506 3914 534 3966 in
547 3914 704 3969 discrimen
723 3922 895 3970 revocantes.
914 3919 944 3966 ut
1004 3915 1094 3982 Lucae,
1115 3927 1170 3969 non
1195 3913 1288 3969 solum
1305 3915 1416 3970 llrmata
1438 3919 1607 3973 testimonio
1629 3920 1720 3987 Petri,
1744 3928 1824 3973 vernn

120 3990 217 4038 nostra
226 3982 349 4037 historia
361 3981 537 4050 porrtlllcalis
547 3998 611 4039 rrum
626 3984 687 4053 ipsa
696 3986 943 4052 concidatlleqne
1002 3983 1256 4041 etinmlormataex
1266 3985 1392 4054 eJusdem
1406 3987 1824 4055 responsionetextuseultlbet

119 4051 943 4123 idpraestantsulummodohoduellosetl‘earsoniusscm·
1001 4056 1188 4126 Evangelium
1206 4056 1334 4115 loannis.
1363 4065 1425 4125 post
1451 4060 1624 4128 martyrium
1653 4062 1742 4125 Petri,
1755 4058 1826 4114 annis

120 4137 169 4194 per
182 4125 381 4178 vehementius
395 4128 496 4179 contra
510 4136 560 4179 nos
577 4126 709 4194 incitati,
727 4129 774 4182 sed
790 4128 876 4180 etiam
890 4125 940 4194 qui
1001 4124 1089 4181 lcrme
1109 4127 1227 4196 triginta
1245 4133 1420 4198 contextum,
1439 4135 1470 4183 ut
1487 4129 1515 4182 in
1530 4128 1682 4187 Clemente
1700 4133 1824 4196 dicemus,

119 4194 296 4249 moderatius
306 4193 399 4248 solent
412 4192 562 4249 nobiscum
576 4209 669 4262 arere,
685 4197 727 4250 uti
747 4198 868 4251 ioannes
881 4194 943 4249 llil·
998 4198 1082 4250 auxit
1100 4210 1233 4252 canonem
1250 4199 1476 4267 scripturarum,
1491 4214 1577 4269 quem
1593 4201 1707 4258 clausit
1728 4205 1827 4271 Apoca-

119 4261 570 4333 llusinpraeiationeadllovum
606 4273 869 4321 estamentumsuae
884 4266 942 4320 edi·
998 4266 1675 4340 lypsis.EdltoreshlaguntinietParisiniboc
1696 4274 1758 4329 loco
1780 4282 1826 4325 noo

119 4336 219 4400 tionis,
232 4340 260 4390 et
271 4334 653 4391 Guillem.daveinh·storia
664 4337 843 4404 scripteccl.
858 4336 942 4391 verbo
998 4348 1089 4393 onose
1104 4344 1265 4408 observant,
1285 4341 1481 4408 apostolorum
1497 4343 1645 4411 principis
1674 4342 1826 4400 testimonio

117 4409 225 4469 Petrus,
240 4407 323 4476 qnasi
337 4406 541 4461 conclamatam
554 4408 748 4478 chronologia
764 4416 867 4463 nostrae
879 4422 944 4462 can-
1000 4408 1050 4463 illa
1061 4411 1177 4479 scripta.
1190 4409 1538 4481 licetdivinitusdictata,
1550 4415 1827 4471 noncaruissezsire

118 4491 178 4533 sam
193 4477 380 4532 miserantur.
396 4477 579 4546 Utconstare,
591 4478 658 4547 sibl,
672 4487 700 4533 et
710 4481 872 4534 consentire
882 4487 941 4533 tum
961 4481 1149 4545 nllatthaeus
1172 4481 1201 4535 in
1218 4487 1331 4536 retenti
1350 4484 1496 4551 momenti,
1520 4486 1625 4553 quanti
1652 4494 1715 4541 erat
1730 4484 1825 4541 Christi

117 4549 942 4619 sacrislitteris,tumdocumentisprobataehistoriactlaru

118 4618 244 4689 profanae
259 4626 470 4691 cognoscantur
485 4627 621 4690 tempora,
636 4635 669 4676 ac
680 4629 768 4692 gesta,
783 4635 847 4690 qua.
863 4622 943 4676 Petro

118 4690 943 4760 tribuimus,placetllnnaliummoreChroniconbrcvehic

116 4763 288 4818 attexereab
302 4762 421 4817 exordio
437 4762 622 4831 pontificatus
637 4765 710 4818 Petri
725 4764 759 4818 ad
776 4771 835 4818 tres
847 4764 944 4832 praeri-

116 4847 189 4958 Ruas
202 4834 283 4889 sedes
306 4832 341 4887 ab
357 4833 420 4901 ipso
436 4832 581 4901 fundatas,
604 4835 765 4889 Antiochiae
779 4836 894 4904 quidem
910 4849 943 4890 ac

141 4909 333 4960 omaesuamet
355 4905 516 4972 prasentia,
532 4904 712 4961 Alexandria
722 4919 787 4960 vero
803 4919 851 4975 per
865 4906 943 4959 llar-

116 4988 180 5030 cum
192 4975 406 5046 evangelistam.
427 4975 479 5030 Sed
496 4989 530 5030 ne
546 4975 751 5046 interrumpam
777 4982 941 5032 contextum

117 5054 249 5171 notarr}m
262 5046 297 5101 ad
314 5045 391 5101 lrunc
406 5059 567 5115 numerum,
583 5048 613 5101 lu
629 5048 683 5103 line
694 5047 856 5104 earumdem
869 5054 943 5117 pote-

117 5116 158 5171 rit
176 5117 321 5174 coloceri.

152 5188 238 5243 Linea
264 5186 290 5242 6.
306 5216 344 5229 --
365 5189 399 5241 nt
420 5189 600 5255 Euohpsiium
614 5190 712 5253 diciret,
740 5191 807 5257 quic
831 5190 941 5243 Murcus

116 5258 228 5312 auditor
238 5259 296 5327 ejus
308 5260 376 5326 suit,
389 5263 414 5312 et
434 5259 508 5328 pilius
528 5260 561 5313 de
573 5260 714 5343 baptismo.
731 5260 939 5324 l'ertnllianus,

117 5327 167 5383 llb.
184 5342 222 5396 rv,
239 5338 331 5386 contr.
347 5330 589 5400 Marcionemcap.
603 5344 755 5394 scansam
771 5330 879 5396 retulit,
890 5345 941 5387 cur

116 5398 151 5451 ab
168 5401 317 5469 aliquibus
334 5401 518 5472 Evangellum
540 5403 627 5457 lllarcl
645 5401 822 5457 tribueretur
845 5404 937 5457 Petro:

118 5467 263 5525 indicante
277 5474 362 5527 etiam
378 5474 407 5526 b.
425 5473 595 5542 llleronymo
613 5475 641 5527 iu
658 5473 711 5527 lib.
730 5473 882 5542 descript.
900 5487 941 5528 ec·

116 5538 298 5596 clesiasticls.
315 5545 406 5613 liujus
418 5542 503 5598 verba
525 5551 609 5598 sunt:
626 5547 764 5599 «alarcos
776 5543 942 5614 discipulus

115 5616 143 5666 el
158 5610 298 5678 interpres
307 5614 395 5682 Petri,
405 5616 488 5684 juxta
497 5616 572 5684 quod
585 5616 698 5668 Petrum
710 5615 876 5670 referentem
885 5630 942 5671 au-

114 5682 225 5737 diverat
255 5691 371 5753 rogatus
393 5686 487 5741 Romae
512 5698 529 5739 a
554 5682 694 5739 iratribus
719 5684 802 5740 breve
822 5687 943 5755 scripsit

114 5719 313 5822 Evangeiium.
327 5755 408 5823 Quod
416 5768 482 5812 cum
493 5756 594 5812 Petrus
603 5754 745 5826 audisset,
757 5761 786 5812 et
799 5757 940 5829 probavit,

999 4557 1077 4622 gesta
1089 4559 1117 4606 et
1130 4553 1291 4607 doctrinam
1315 4554 1423 4621 scripto
1441 4555 1626 4625 consignare,
1650 4558 1775 4613 noluerit
1791 4555 1826 4610 uti

999 4624 1827 4698 potestateapostolica,citraconsclentiamprincipisapo

998 4694 1154 4762 stolorum,
1177 4706 1237 4749 srve
1252 4695 1447 4749 testimonium
1468 4696 1544 4750 Petri
1560 4697 1732 4755 adhibitum
1751 4700 1825 4753 luent

997 4765 1032 4818 ad
1045 4766 1201 4819 versionem
1217 4766 1361 4836 Evangelii
1377 4777 1411 4820 ex
1427 4765 1541 4835 triplici
1553 4768 1659 4838 lingua
1687 4769 1825 4825 conierer-

997 4834 1062 4889 dam
1077 4850 1141 4890 cum
1157 4840 1335 4905 autographo
1349 4836 1567 4906 scripturarum
1579 4856 1587 4907 3
1601 4847 1632 4894 et
1655 4839 1824 4912 signaculum

997 4906 1161 4962 adhibitum
1175 4908 1210 4962 ad
1227 4908 1380 4977 genuinam
1393 4908 1568 4978 exemplaris
1595 4910 1684 4967 illius
1706 4909 1825 4967 auctori-

999 4983 1084 5031 tatem
1096 4977 1296 5048 roborandam,
1312 4979 1386 5048 quod
1403 4978 1538 5035 Ecclesia
1560 4982 1699 5037 Romanae
1721 4988 1825 5037 contra-

997 5047 1093 5117 didit3
1110 5055 1219 5103 certum
1234 5055 1287 5113 est,
1305 5050 1454 5117 pontldces
1464 5052 1610 5107 llomanos
1636 5054 1714 5109 Petri
1729 5064 1827 5109 succos·

997 5131 1076 5174 sores
1086 5119 1112 5174 id
1127 5120 1253 5186 honoris,
1265 5133 1298 5174 ao
1308 5121 1555 5188 jurisinEcolesla
1565 5122 1714 5180 catholica
1728 5134 1826 5191 semper

997 5189 1169 5257 obtinuisse,
1186 5196 1218 5245 ut
1230 5193 1471 5247 oecunrenicorum
1494 5193 1692 5250 conciliorum
1726 5194 1825 5250 decreta

996 5266 1056 5314 tum
1073 5263 1107 5315 de
1120 5261 1184 5327 ilde,
1201 5268 1262 5316 tum
1275 5264 1310 5317 de
1331 5261 1469 5329 moribus,
1499 5263 1569 5319 licet
1596 5265 1711 5333 prolata
1723 5265 1758 5320 ab
1780 5265 1825 5320 tic·

995 5331 1083 5386 clesia
1098 5331 1241 5397 universa,
1255 5333 1384 5401 eiusdem
1405 5333 1499 5389 divini
1515 5334 1649 5405 Spiritus
1673 5336 1781 5393 albata.
1802 5342 1825 5388 ct

995 5404 1178 5465 auctoritate,
1204 5417 1261 5472 qua
1289 5405 1443 5475 Evangelia
1475 5406 1749 5471 conscribebantur,
1776 5405 1823 5475 ipsi

982 5466 1222 5542 'coullrment,ac
1245 5473 1426 5545 subsignant,
1450 5483 1478 5531 et
1506 5484 1568 5531 rata
1595 5476 1731 5535 habeant.
1761 5480 1823 5532 llinc

995 5545 1082 5599 etiam
1095 5554 1225 5600 vetustus
1243 5559 1303 5600 mos
1315 5546 1435 5602 inolevit
1450 5546 1534 5603 illius
1546 5547 1625 5604 ritus
1638 5552 1727 5617 sacri,
1749 5560 1822 5619 quen

998 5617 1026 5670 ln
1038 5617 1244 5685 antiquissima
1258 5617 1330 5672 litur
1354 5631 1389 5687 ra,
1406 5620 1466 5673 sive
1480 5616 1590 5675 Ordine
1607 5620 1737 5677 llomauo
1760 5632 1823 5674 con-

996 5687 1134 5769 traditum
1152 5687 1315 5746 retulerunt
1326 5633 1408 5745 iilius
1419 5689 1556 5760 editores,
1571 5692 1728 5748 ntscilieet
1740 5692 1822 5761 signa

995 5756 1062 5814 culo
1075 5760 1203 5828 episcopi
1231 5760 1318 5816 toties
1343 5760 1574 5817 communiretur
1591 5762 1685 5821 codes
1703 5764 1820 5835 timage-
