3892 6136
122 322 191 380 ittet

733 316 914 372 anastasii
933 313 1207 374 bibctoititicantt

1760 314 1823 375 itti

120 446 268 512 rimarent,
290 457 323 500 ac
339 444 449 499 certius
471 450 549 513 gesta
564 454 662 497 eorum
677 440 885 496 describerent.
903 440 943 492 De
958 439 988 497 A
1000 445 1057 492 tur.
1076 440 1145 493 Duae
1160 437 1327 495 istiusmodi
1343 440 1482 508 epistotae,
1498 454 1563 511 qnae
1580 440 1677 497 lucem
1693 440 1821 512 habuere,

121 531 178 586 quo
188 517 309 587 antiquo
321 517 509 571 diaconorum
521 526 636 569 munere
646 513 675 566 in
695 512 819 567 Ecclesia
830 510 944 565 Cartha·

120 589 233 658 ginensi
248 595 358 642 servaci
375 588 433 641 ιιι
447 585 607 655 Cyprianus
619 598 663 652 ep.
679 581 710 637 fil
731 600 737 636 :
756 603 768 634 ι
785 581 944 650 semperab

120 659 350 715 antecessoribus
374 658 481 712 nostris
503 655 608 710 factum
635 659 688 721 est,
717 661 747 710 nt
770 654 884 709 diaconi
908 653 943 707 ad

120 743 249 786 carceres
261 736 452 784 commeantes
477 735 634 796 martyrum
647 726 793 780 desideria
808 724 944 781 consiliis

121 802 185 856 suis
195 801 439 868 etScripturarum
456 798 604 868 praeceptis
617 795 836 867 gubernarent.»
848 798 945 850 Etan-

120 879 183 927 ctor
199 871 327 942 illartyrii
341 871 387 926 SS.
401 870 599 925 Felicitatiset
615 869 758 936 Perpetua
767 882 801 923 ex
816 868 944 923 editione

121 943 261 999 llolstenii
284 943 382 997 landaf
403 944 521 997 Tertium
545 944 571 993 et
591 941 768 1007 Pomponium
793 939 944 992 benedictos

120 1020 265 1082 martyres,
284 1014 370 1068 eisin
390 1012 555 1068 carceribus
580 1010 787 1073 ministrantes,
804 1016 854 1078 qni
870 1009 944 1064 inter

120 1084 177 1139 alia
195 1085 231 1139 ab
244 1086 317 1153 ipsis
332 1085 441 1138 sanctis
457 1082 574 1138 feminis
590 1083 841 1137 commendantur:
861 1079 942 1148 «Qui

120 1155 204 1210 nobis
219 1155 432 1214 ministrabant.
454 1154 669 1209 constituerunt
682 1153 809 1222 praemio,
826 1158 856 1207 nt
871 1165 944 1218 prn-

119 1227 163 1281 cis
179 1228 259 1282 boris
271 1228 371 1282 emissi
382 1227 410 1280 in
430 1225 574 1280 meliorem
589 1223 814 1279 locnmcarceris
830 1220 945 1291 refrige

121 1311 261 1366 raremnr,
276 1317 289 1346 a
304 1305 357 1353 etc.
374 1296 503 1352 bloribus
519 1296 619 1350 iisdem
636 1294 773 1348 imbutam
788 1293 942 1348 Ecclesiam

119 1368 372 1438 Carthaginensem
390 1367 596 1422 archidiacono
616 1365 749 1419 Ecclesiae
769 1363 945 1420 sollicitudi-

120 1452 182 1494 nem
196 1440 269 1495 banc
279 1439 468 1504 commisisse,
482 1450 601 1505 eamque
608 1436 736 1491 Tertullo
747 1435 943 1505 as.Cypriano

119 1510 213 1565 datam
233 1511 372 1579 usquead
390 1510 473 1564 linem
489 1507 588 1564 saeculi
609 1508 688 1562 tertii
704 1507 860 1562 declarant.
874 1507 944 1560 Acta

119 1580 165 1635 SS.
187 1581 300 1636 Damasi
320 1587 347 1635 et
361 1581 517 1645 sociorum,
535 1592 598 1647 quae
615 1586 668 1633 etsi
683 1591 699 1632 a
713 1579 875 1633 Donatistis
889 1575 945 1631 ιιι-

112 1653 184 1708 elata
207 1659 234 1707 et
254 1652 434 1720 interlopata,
457 1650 652 1705 nibilominus
669 1649 864 1704 vetustissima
877 1660 944 1701 cen-

120 1728 228 1778 sentur.
244 1725 307 1778 llaec
321 1723 477 1777 Donatistae
494 1721 675 1790 protulerunt
690 1720 724 1774 ad
738 1719 900 1775 calumnias
915 1718 943 1770 in

1001 510 1270 578 postquanrdiutius
1281 509 1506 567 inbibliotbecis
1516 513 1823 584 incognitaejacueram

1000 581 1155 649 postinrtia
1168 580 1266 637 saeculi
1281 581 1382 649 elapsi,
1397 582 1700 639 catbolicaedicuntur
1710 585 1824 640 acollee·

999 660 1059 707 tore
1073 653 1224 708 Gestorum
1241 652 1406 714 Clementis,
1427 667 1459 709 ea
1473 668 1576 724 nempe
1586 669 1688 720 sensu,
1705 660 1764 726 quo
1780 670 1822 712 vox

1000 723 1226 779 illasumebntur
1236 737 1285 792 pro
1295 725 1499 780 auctoritativa
1510 725 1715 782 institutione.
1725 727 1822 783 Peioris

1000 796 1112 863 pondus
1123 795 1287 851 desumitur
1300 809 1334 850 ex
1348 796 1482 852 Patribus
1492 798 1581 866 primi
1596 799 1662 859 evi,
1679 811 1746 854 cum
1759 799 1823 854 Dio-

999 866 1099 935 nysius
1111 866 1327 921 corintntorum
1348 867 1502 937 episcopus
1518 869 1547 923 in
1563 869 1612 925 die
1631 869 1785 925 Dominieo
1796 870 1821 925 in

999 936 1131 991 Ecclesiae
1156 944 1295 994 conventu
1335 939 1390 1010 legi
1415 946 1587 995 consuetum
1607 948 1766 1005 asseverat,
1787 941 1822 996 sic

999 1008 1280 1078 Romanisscribens,
1291 1023 1308 1063 a
1319 1011 1427 1079 quibus
1440 1010 1560 1066 alteram
1575 1018 1741 1080 acceperat,
1754 1013 1819 1081 apud

999 1079 1099 1133 Euseb.
1115 1079 1133 1133 ι.
1145 1095 1171 1147 v,
1187 1094 1211 1134 c.
1226 1079 1276 1135 ιιι
1298 1082 1414 1136 «Hodie
1428 1096 1541 1138 sacrum
1555 1082 1632 1138 diem
1647 1083 1820 1138 Dominicun

999 1151 1201 1220 transegimus.
1218 1154 1248 1206 ln
1270 1165 1325 1221 qno
1340 1152 1490 1220 epistolam
1507 1160 1644 1219 vestram,
1667 1168 1753 1223 qnam
1767 1155 1821 1223 qni·

997 1222 1061 1275 dem
1083 1230 1218 1291 perpetuo
1235 1223 1338 1278 deinde
1356 1225 1489 1295 legentes,
1514 1225 1635 1291 perinde
1652 1239 1689 1280 ac
1709 1225 1820 1294 priorem

999 1293 1077 1347 illam
1095 1293 1178 1349 nobis
1198 1295 1371 1350 aelemente
1388 1295 1523 1363 scriptam
1539 1296 1698 1365 epistolam
1715 1310 1733 1351 o
1755 1296 1822 1351 timis

1000 1364 1148 1431 viraceptis
1160 1378 1193 1420 ac
1214 1366 1395 1421 documentis
1407 1367 1632 1424 abundabimus.
1655 1386 1669 1417 s
1687 1369 1710 1423 N
1750 1382 1820 1424 urna

997 1435 1211 1490 Corinthiorum
1233 1436 1367 1503 Ecclesia,
1387 1451 1483 1492 verum
1504 1453 1520 1492 a
1539 1438 1666 1508 reliquis
1686 1439 1717 1493 in
1734 1439 1821 1495 eodem

998 1520 1086 1561 censu
1103 1507 1270 1569 nabebatur,
1286 1508 1408 1564 Eusebio
1422 1508 1440 1563 ι.
1458 1522 1500 1563 ιιι.
1519 1524 1544 1565 ι.
1561 1507 1606 1577 46,
1627 1516 1722 1565 teste:
1738 1530 1753 1561 e
1769 1511 1821 1565 ιιιι-

996 1576 1209 1646 jusClernentis
1227 1579 1347 1646 epistola
1361 1579 1397 1635 ab
1410 1580 1548 1636 omnibns
1562 1593 1623 1636 uno
1636 1593 1821 1636 consensuro

998 1655 1090 1716 cepta,
1106 1649 1211 1703 eximia
1234 1663 1354 1718 prorsus
1372 1657 1458 1721 atque
1483 1651 1645 1715 mirabilis,
1669 1665 1755 1722 qnam
1775 1664 1821 1707 uo-

999 1721 1077 1773 mine
1089 1718 1218 1775 Ecclesia
1237 1723 1370 1776 Romanae
1386 1725 1419 1776 ad
1435 1722 1660 1778 Corinthiorum
1675 1722 1819 1778 Ecclesia·

118 1794 296 1849 blensurium
318 1794 466 1862 primatem
478 1792 740 1862 Carthaginensem,
755 1804 788 1845 ac
800 1791 863 1859 ejus
875 1796 945 1844 tnnc
961 1809 985 1869 B
999 1790 1163 1858 scripsit...
1179 1792 1256 1846 llanc
1273 1793 1302 1846 in
1321 1794 1465 1861 plerisque
1479 1793 1627 1857 ecclesiis,
1639 1802 1669 1850 et
1684 1800 1821 1849 nostrast

117 1860 942 1930 archidiaconumcaeciiianumcondendasacprobandas,

117 1942 144 1991 ct
160 1949 226 1990 una·
239 1950 273 1991 ex
286 1933 543 1991 criminationibus
558 1938 628 1999 erat,
645 1939 707 2001 post
721 1933 854 2001 Dptatum
877 1944 942 1999 pag.

119 2004 191 2062 toa:
210 2028 223 2058 ι
241 2008 385 2061 Postremo
402 2021 467 2062 cum
484 2017 534 2059 nec
552 2005 726 2067 blensnrins,
742 2017 792 2057 nec
810 2003 942 2056 minister

117 2078 180 2146 eius
193 2077 364 2133 docilianus
379 2077 414 2131 ab
434 2078 485 2132 itae
504 2075 623 2130 immani
646 2074 817 2130 crudelitate
832 2084 943 2128 cessare

117 2147 231 2216 tellone
243 2150 369 2205 anulino
382 2147 562 2217 proconsule,
572 2146 698 2215 aliisque
710 2144 942 2214 persecutoribus

117 2219 195 2274 cirea
220 2218 278 2274 alia
300 2221 413 2290 negotia
442 2219 599 2287 occupatis,
632 2217 706 2271 beati
733 2222 869 2285 martyres
890 2213 939 2268 isti

117 2290 265 2356 corporeis
282 2290 430 2345 alimentis
442 2289 574 2345 destituti
590 2287 739 2357 paulatim,
753 2294 780 2342 et
794 2300 843 2356 per
856 2286 944 2340 inter·

118 2361 192 2416 valla
207 2362 319 2416 dierum
346 2360 471 2415 naturali
492 2360 667 2421 conditioni,
683 2357 766 2413 famis
792 2357 942 2412 atrocitate

119 2438 245 2501 cogente,
275 2437 433 2494 cesserunt,
453 2432 486 2485 ad
514 2431 625 2485 siderea
648 2442 811 2501 regnaeum
849 2427 941 2496 palma

119 2503 250 2572 martyrii
271 2504 504 2573 migraverunt.»
528 2500 659 2556 Officium
674 2501 751 2555 enim
773 2500 849 2569 qnod
875 2511 941 2568 per-

120 2580 239 2641 urgente
267 2574 466 2644 persecutione
484 2571 676 2627 Diocletianea
693 2570 867 2640 martyribus
897 2568 940 2623 illi

121 2650 254 2712 praestare
277 2658 332 2699 non
362 2650 501 2712 poterant,
525 2642 749 2696 calumniatores
779 2642 807 2695 in
832 2639 940 2694 crimen

119 2722 227 2770 vertere
243 2728 297 2770 non
317 2715 497 2770 dubitarunt.
516 2713 630 2767 interim
651 2713 675 2767 si
696 2711 853 2780 persecutio
870 2722 943 2765 saeva

118 2785 251 2840 diaconis
274 2784 462 2840 interdicebat.
480 2783 514 2838 ad
529 2796 656 2838 carceres
677 2789 875 2847 commeatum,
890 2779 943 2835 cle

120 2857 173 2911 rici
188 2856 228 2910 ibi
245 2859 400 2912 existentes
412 2868 461 2924 per
474 2854 612 2918 epistolas
623 2861 778 2923 martyrum
788 2860 866 2924 gesta
876 2864 942 2905 exn·

120 2925 942 2994 rantes,Ecclesiisdenuntiabant.llorumaliquotexem·

120 2998 166 3067 pla
179 2998 259 3055 affert
277 2999 429 3065 Eusebius,
443 2999 517 3052 inter
530 3010 594 3066 quae
609 2996 798 3078 fragmentum
813 2993 942 3074 epistolae

121 3068 225 3125 Phileae
244 3071 444 3125 Tbumrtarnm
464 3070 668 3137 episcopi,an
685 3067 787 3122 nedum
805 3065 942 3121 Ecclestrs

120 3148 182 3195 acta
191 3140 343 3197 deferenda
356 3141 468 3196 curavit
481 3159 489 3206 3
502 3152 600 3194 verum
611 3145 638 3193 et
651 3138 824 3264 martJribus
838 3139 867 3192 in
880 3148 942 3205 pro·

120 3212 200 3268 ximo
219 3226 309 3284 agone
328 3213 431 3281 positis
450 3212 484 3266 ad
508 3210 603 3265 calcar
621 3211 712 3265 addn
738 3224 782 3264 um
805 3222 855 3277 pro
875 3205 940 3262 fidei

119 3282 286 3339 defensione
301 3285 424 3355 impigre
441 3282 564 3337 aliorum
584 3281 713 3350 exemplo
726 3281 940 3350 suscipiendam

119 3355 270 3422 epistolam
281 3355 360 3410 dedit
370 3351 746 3421 Tbnmitanismartyribus,
759 3353 788 3406 in
797 3361 941 3420 qnassnas

120 3434 147 3480 ιι
162 3427 306 3481 sociorum
324 3425 502 3480 calamitates
516 3426 644 3492 exponit,
665 3429 693 3477 et
714 3423 943 3478 aiiosiiortatnr

120 3497 154 3551 ad
176 3497 241 3553 fidei
262 3495 493 3558 confessionem
519 3495 658 3563 additque
679 3494 821 3549 Eusebius
836 3494 858 3547 ι.
877 3507 940 3557 ιιιιι,

120 3582 145 3621 ι.
163 3565 219 3623 td:
240 3569 333 3623 «liae
345 3575 413 3623 sunt
433 3568 491 3621 reri
509 3565 673 3634 pbilosopbi
697 3579 752 3620 non
777 3566 873 3620 minns
889 3565 941 3618 Dei

121 3653 206 3709 quant
222 3640 371 3708 sapientiae
388 3638 526 3693 amatoris
541 3637 674 3706 martyris
687 3636 782 3701 rerba,
801 3650 864 3706 quae
877 3643 942 3690 ante

120 3717 274 3765 extremam
284 3711 394 3777 judicis
407 3709 575 3764 sententiam
584 3709 677 3762 aidbuc
687 3708 715 3761 in
727 3708 860 3763 custodia
869 3721 943 3762 con-

121 3782 243 3835 stitutus
253 3781 287 3834 ad
304 3780 406 3834 fratres
417 3780 549 3834 Ecclesiae
562 3792 621 3832 sum
634 3779 761 3847 scripsit,
779 3780 880 3848 partina
895 3792 943 3832 eos

120 3852 287 3916 adhortans,
304 3857 336 3905 nt
350 3851 480 3917 pietatem
495 3851 524 3904 in
537 3850 683 3904 Cbristnm
699 3851 785 3904 etiarn
801 3856 862 3917 post
876 3850 943 3904 obi-

122 3928 184 3977 tum
202 3935 287 3976 sunm
310 3921 426 3989 jamjam
448 3918 642 3974 imminentem
663 3922 807 3976 mordicus
833 3921 943 3976 retine-

122 4000 226 4046 rent.»
251 3992 352 4046 Eadem
378 3991 438 4062 egit
458 3991 615 4060 Dionysius
636 3992 847 4047 alexandrinus
868 3990 944 4046 infra

121 4062 284 4116 laudandus
297 4060 445 4129 similiter,
458 4068 485 4116 et
498 4063 560 4116 alii.
575 4064 614 4115 Ex
627 4062 705 4117 bisce
717 4063 796 4117 Actis
808 4062 944 4117 Ecclesiis

121 4132 301 4187 denuntiatis
315 4132 520 4201 antiquissima
535 4132 735 4202 llartyrologia
750 4133 944 4188 conficiuntur

121 4209 150 4257 ιι
164 4203 352 4258 lectionaria.
364 4204 392 4256 Si
409 4217 472 4257 vera
486 4209 528 4257 est
539 4202 727 4270 quorumdam
743 4204 852 4271 opinio,
868 4205 943 4272 qnod

120 4274 250 4328 Clemens
265 4273 572 4342 scripseritepistolam
582 4273 743 4328 Corintbiis
755 4275 849 4329 datam
863 4276 945 4342 virio-

122 4358 181 4400 rem
199 4346 363 4400 immediate
379 4351 442 4414 post
451 4343 562 4399 obitum
575 4352 602 4398 et
618 4346 786 4415 martyrium
801 4348 828 4400 s.
850 4345 942 4411 Pauli,

121 4416 225 4471 exinde
239 4417 343 4472 deduci
366 4422 461 4485 posset
478 4416 647 4470 Clementem
666 4417 758 4484 primo
772 4430 824 4471 suo
845 4431 944 4472 exem-

123 4486 170 4556 plo
183 4488 273 4543 ideam
290 4488 669 4556 notariispraemonstrasse,
680 4500 712 4542 ae
724 4487 846 4557 reliquis
859 4488 887 4542 in
899 4490 944 4543 de-

998 1861 1140 1930 superiori
1159 1864 1293 1918 memoria
1311 1863 1403 1931 palam
1415 1865 1529 1919 recitari
1544 1865 1739 1920 consuevisse
1751 1877 1820 1919 eorr-

999 1935 1134 2002 perimns.
1161 1951 1173 1981 a
1194 1934 1274 2002 Quod
1291 1935 1392 2002 repetit
1413 1948 1474 2004 cap.
1497 1933 1544 1991 38.
1563 1941 1604 1990 tte
1622 1936 1752 1991 secunde
1773 1948 1819 1991 non

997 2011 1058 2058 erat
1081 2004 1140 2057 ιιι
1154 2004 1315 2067 aestimatio,
1332 2012 1359 2059 et
1379 2006 1490 2073 pondus
1512 2007 1718 2062 auctoritatis.
1743 2006 1817 2060 verba

997 2087 1082 2143 porro
1092 2073 1151 2129 baec
1169 2075 1197 2128 in
1215 2076 1286 2131 libro
1299 2073 1455 2132 pontificati
1471 2078 1581 2133 inserta
1593 2077 1683 2148 longe
1698 2077 1818 2147 postne

998 2146 1140 2199 lasianum
1159 2146 1305 2202 decretum
1326 2148 1469 2215 videntne,
1490 2149 1519 2204 in
1540 2162 1602 2219 qno
1628 2148 1715 2205 nulla
1731 2149 1817 2204 baren

996 2215 1182 2285 epistolarum
1192 2220 1486 2274 mentiooccurritDe
1498 2220 1542 2274 bis
1552 2219 1818 2276 adeundustraeta

997 2293 1044 2342 tus
1058 2289 1093 2344 de
1105 2289 1270 2357 apostolicis
1295 2289 1435 2356 Patribus,
1458 2291 1509 2361 qni
1531 2291 1684 2346 rariorum
1702 2288 1818 2346 oodsil-

996 2357 1139 2414 lnstratns
1160 2360 1266 2427 prodiit
1288 2359 1491 2416 amstelodami
1507 2375 1586 2417 :inno
1615 2360 1699 2427 4698,
1726 2363 1754 2417 ιι
1772 2372 1816 2431 qno

997 2429 1142 2484 uberrime
1163 2430 1197 2485 de
1221 2431 1265 2485 bis
1288 2431 1442 2487 Clementis
1460 2433 1607 2501 epistolis.
1633 2433 1713 2489 Viris
1735 2438 1816 2487 auten

996 2500 1161 2565 apostolicis
1179 2502 1207 2555 in
1226 2501 1367 2569 primitiva
1384 2503 1507 2558 Ecclesia
1520 2503 1616 2560 bonos
1635 2511 1777 2571 serratus,
1793 2509 1817 2556 nt

997 2571 1174 2637 diligentiori
1198 2571 1327 2627 custodia
1347 2574 1543 2642 reciperentur
1562 2583 1593 2630 ιι
1610 2575 1818 2646 inquirerentur

997 2642 1134 2710 epistotae.
1147 2644 1245 2696 Exstat
1256 2644 1330 2711 apud
1349 2644 1500 2699 Eusebium
1518 2644 1537 2699 l.
1556 2660 1604 2712 ιιι,
1617 2661 1643 2702 ι.
1658 2643 1704 2713 46,
1720 2645 1818 2713 insigne

996 2719 1115 2767 servatae
1129 2714 1348 2768 consuetudinis
1361 2715 1568 2786 testimoninm,
1586 2719 1658 2773 dum
1676 2718 1712 2773 ad
1726 2714 1817 2782 Pbilip

1000 2785 1129 2852 pensium
1154 2784 1305 2852 petitiones
1324 2785 1352 2840 S.
1379 2785 1553 2855 Polycarpns
1574 2789 1656 2844 misit
1681 2801 1748 2843 cum
1766 2785 1817 2841 suit

998 2856 1163 2926 ignatianas
1172 2856 1320 2925 epistolas.
1330 2855 1816 2927 commendatqnelectionem.0nod

999 2925 1151 2982 bisverbis
1161 2926 1285 2994 explicat
1303 2945 1309 2980 :
1328 2946 1341 2978 e
1357 2928 1500 2996 Epistolas
1515 2943 1618 2985 omnes
1630 2930 1746 3002 ignatii.
1758 2941 1817 2999 quas

997 2998 1031 3052 ad
1049 3011 1092 3052 me
1104 2997 1230 3066 scripsit,
1244 3004 1272 3053 et
1294 3013 1480 3068 quascunque
1491 3000 1612 3056 devitum
1623 3002 1702 3070 apud
1715 3014 1764 3056 nos
1778 3012 1817 3053 re·

998 3068 1091 3138 perire
1099 3069 1253 3137 potuimus,
1270 3071 1508 3139 quemadmodum
1518 3071 1778 3135 nobismandastis,
1786 3068 1815 3122 ad

960 3147 1047 3209 cros
1069 3139 1207 3196 misimus.
1234 3142 1274 3195 Ex
1296 3141 1339 3196 bis
1357 3154 1485 3212 magnam
1508 3143 1670 3199 utilitatem
1687 3142 1816 3214 percipere

999 3210 1081 3266 nobis
1097 3211 1202 3266 licebit.
1224 3212 1377 3268 Continent
1397 3213 1472 3267 enim
1489 3212 1588 3282 bdem,
1608 3215 1783 3284 patientiam.
1793 3217 1816 3265 et

998 3290 1108 3350 catera,
1135 3295 1199 3351 qnae
1224 3284 1440 3355 adaugendum
1462 3285 1579 3340 Domini
1603 3286 1699 3342 nostri
1719 3285 1813 3341 cultum

998 3355 1149 3424 pertinent.
1168 3371 1180 3402 a
1198 3355 1253 3408 llas
1267 3367 1332 3409 vero
1353 3355 1487 3423 epistolas
1508 3370 1575 3411 eum
1596 3371 1630 3413 eo
1646 3357 1815 3413 nominevo-

998 3433 1099 3480 centur
1114 3425 1168 3490 ιιι,
1190 3432 1218 3479 ιι
1241 3424 1330 3480 ambae
1351 3425 1500 3481 catholicae
1519 3427 1674 3496 dicantur,
1698 3425 1813 3498 quamvis

998 3497 1121 3551 secunda
1144 3496 1238 3564 potius
1256 3497 1296 3551 sit
1312 3496 1436 3552 homiliae
1460 3495 1676 3569 fragmentum,
1699 3495 1811 3555 undeid

996 3568 1189 3635 desumpserit
1205 3567 1276 3622 iiber
1287 3567 1469 3636 pontificalis,
1489 3570 1717 3639 praecipnecnm
1728 3566 1813 3624 inde·

998 3639 1107 3694 lusiano
1134 3640 1246 3693 decreto
1273 3638 1308 3693 de
1337 3638 1382 3693 iiis
1406 3640 1495 3694 alteim
1520 3641 1691 3712 silentium,
1716 3639 1812 3697 ommno

998 3711 1109 3779 ignoro.
1126 3712 1150 3763 ι’
1151 3709 1194 3761 ide
1213 3711 1502 3764 Morinume'nemercit.
1516 3711 1710 3782 biblieaseeq.
1726 3728 1748 3766 c.
1761 3721 1810 3771 etti.

997 3788 1023 3836 ιι
1035 3782 1165 3835 Dodnoel.
1182 3782 1211 3833 in
1224 3781 1324 3834 disser.
1339 3782 1377 3835 od
1388 3783 1461 3834 lren.
1476 3798 1543 3849 pop.
1557 3781 1607 3839 33.

1035 3852 1118 3907 Linea
1134 3851 1241 3906 eadem.
1257 3854 1308 3905 ilic
1328 3868 1361 3905 ec
1374 3860 1509 3922 praecepto
1524 3855 1603 3913 beriti
1617 3857 1697 3911 Petri
1713 3853 1812 3922 ιιισφίι

998 3925 1145 3978 Ecclesiam
1160 3928 1185 3976 ιι
1198 3926 1386 3992 ροιιιιιιιιιιιι
1403 3924 1630 3989 pubernondetm.
1648 3929 1692 3983 ιιι
1710 3923 1811 3996 epistole

998 3997 1032 4051 ad
1049 3997 1075 4048 s.
1101 3995 1234 4049 iacobum
1248 3994 1284 4048 ab
1301 3995 1363 4061 ipso
1377 3994 1520 4052 Clemente
1540 3999 1725 4068 scriptadno
1736 3996 1812 4053 dein-

999 4066 1038 4121 cit
1048 4066 1171 4135 scriptor
1184 4065 1251 4120 ittae
1268 4066 1296 4120 S.
1312 4066 1475 4136 Clementis,
1497 4075 1525 4123 et
1538 4069 1617 4126 banc
1635 4070 1674 4126 ab
1690 4071 1749 4141 ipso
1760 4066 1811 4121 ele

1000 4143 1093 4192 merite
1105 4151 1167 4192 esse
1179 4144 1333 4191 exaratam.
1348 4143 1375 4192 et
1386 4151 1483 4193 revera
1498 4141 1527 4194 S.
1546 4141 1668 4197 Petram
1681 4150 1812 4198 aucensi·

1000 4222 1056 4263 rern
1075 4211 1104 4262 in
1127 4207 1293 4276 pontificatu
1317 4207 1486 4264 Clementem
1514 4211 1704 4285 designasse.
1728 4211 1810 4266 lemn

998 4293 1062 4334 cnm
1071 4277 1140 4333 falsa
1150 4286 1178 4333 et
1189 4280 1375 4347 supposititia
1387 4279 1424 4335 sit
1434 4281 1570 4351 epistola,
1584 4298 1652 4354 qnae
1662 4284 1731 4341 ollm
1740 4286 1809 4338 exsta

998 4350 1046 4405 bat
1070 4350 1183 4418 prefixa
1198 4350 1269 4405 actis
1283 4352 1393 4420 spuriis
1407 4351 1434 4406 S.
1458 4353 1547 4416 Petri,
1572 4356 1689 4411 corruit
1707 4367 1765 4426 qne
1777 4350 1809 4404 bic

999 4423 1169 4477 inseruntur
1186 4421 1406 4477 desuccessoris
1417 4420 1569 4479 electione.
1586 4427 1652 4482 Duo
1667 4435 1758 4482 ιιιιιιι
1775 4420 1808 4475 bic

998 4492 1258 4559 animadvertenda,
1295 4493 1441 4563 antiquam
1456 4493 1549 4550 fuisse
1572 4497 1749 4566 opinionem,
1768 4494 1808 4546 Pt‘

122 4560 284 4615 nuntiando
298 4558 436 4614 Ecclesiis
452 4564 607 4627 martyrum
624 4558 753 4614 illustres
767 4572 888 4629 agones:
905 4569 944 4614 et·
959 4557 1073 4618 Dirum
1096 4562 1265 4617 Clementem
1289 4564 1317 4618 in
1339 4577 1532 4621 successorem
1553 4568 1734 4641 designasse.
1746 4558 1805 4632 Quat

122 4631 198 4685 enim
208 4631 276 4685 durn
290 4643 352 4700 cap.
364 4628 383 4686 5
394 4630 491 4685 landaf
500 4630 614 4683 Allectus
626 4632 675 4698 que
684 4633 806 4698 proci-irie
818 4632 942 4697 feretrani,

122 4700 174 4755 alii
190 4702 314 4773 intelligi
332 4707 488 4771 nequeunt,
505 4701 562 4754 nisi
585 4701 622 4755 SS
656 4701 777 4769 apostoli
802 4703 902 4757 Petrus
916 4709 944 4757 et

123 4772 240 4835 Paulus,
264 4780 292 4828 et
313 4772 462 4843 signanter
486 4772 614 4840 quaedam
640 4771 753 4827 feminae
776 4773 945 4856 dignatione

123 4845 253 4913 martyr-ii
271 4843 447 4899 illustriores
460 4842 746 4898 inibirecensentnr:
762 4863 775 4895 ι
791 4846 867 4899 Viris
879 4845 944 4899 istis

121 4916 232 4984 (nempe
247 4916 330 4970 Petro
344 4922 371 4970 et
386 4913 484 4969 Panlot
500 4922 604 4969 sanctae
619 4914 706 4969 vitam
724 4916 944 4971 instituentibus

123 5000 224 5057 magna
238 4989 392 5041 electorum
406 4984 562 5041 multitudo
573 4993 724 5055 aggregata
740 4992 793 5051 est,
809 4988 860 5056 qui
872 5001 944 5054 snii-

124 5059 210 5128 plicia
222 5056 345 5112 multaet
358 5062 498 5111 tormenta
511 5057 842 5125 propteraemulationem
855 5058 942 5128 passi,

122 5129 268 5198 exemplar
291 5128 432 5196 optimum
456 5128 598 5182 internos
618 5128 802 5183 exstiterunt.
830 5131 945 5198 Propter

123 5201 333 5256 aemulationem
346 5198 481 5254 mulieres
494 5199 719 5267 persecutionem
735 5212 823 5268 passae
837 5202 945 5255 Danai-

123 5274 183 5339 des,
200 5277 228 5327 et
243 5273 325 5325 Dirce
343 5277 492 5339 postquam
513 5271 610 5339 gravia
625 5277 654 5324 et
667 5268 786 5325 nefanda
800 5272 945 5341 supplicia

123 5344 342 5408 sustinuissent,
354 5347 531 5396 constantem
551 5340 615 5395 fidei
630 5355 747 5396 cursum
761 5355 945 5398 consumma·

124 5420 201 5480 runt,
217 5421 245 5468 et
258 5413 369 5469 debiles
381 5425 500 5478 corpore
514 5411 608 5467 nobile
622 5413 781 5467 tolerantiae
795 5415 943 5483 praemium

124 5491 294 5551 acceperunt
322 5504 334 5533 o
349 5483 480 5537 Forsitan
497 5483 525 5535 in
551 5484 668 5550 speciali
690 5491 813 5539 tractatu
827 5493 888 5540 acta
904 5486 945 5540 di·

124 5557 223 5623 gessit,
237 5569 300 5622 quae
310 5555 414 5608 deinde
425 5555 574 5619 impostori
587 5554 700 5609 cuidam
712 5558 945 5625 occasionepra-

124 5623 221 5677 baisse
240 5625 418 5693 contingendi
442 5624 622 5678 itinerarium
639 5627 713 5680 l’etri
731 5633 759 5681 et
772 5635 834 5682 acta
851 5628 942 5697 Pauli,

124 5694 254 5763 quaesnb
277 5695 431 5750 Clementis
452 5695 566 5750 nomine
581 5696 695 5767 vulgatu
715 5695 804 5753 fuere.
828 5699 896 5753 Vide
910 5703 945 5755 lt·

121 5767 220 5832 te'pt‘nm
238 5765 271 5818 de
291 5765 545 5835 Psendepe'prcpliis,
557 5782 622 5834 pop.
637 5764 682 5821 95.

146 5839 237 5897 Linea
253 5833 277 5894 7.
289 5837 413 5893 -Dues
425 5839 564 5908 epistolas,
580 5855 640 5911 qnae
649 5839 786 5896 catholicae
804 5843 946 5899 nominen-

997 4647 1056 4689 aevo
1065 4633 1259 4689 Tertullianeo
1268 4635 1414 4706 vulgatum
1426 4643 1497 4697 crat.
1509 4637 1582 4693 dum
1595 4638 1689 4697 refert
1699 4641 1806 4695 Clemen-

999 4712 1081 4760 tema
1096 4706 1176 4760 Petro
1190 4705 1364 4773 ordinatum,
1378 4708 1413 4762 de
1449 4720 1485 4762 uc
1501 4707 1529 4762 in
1548 4717 1618 4765 nota
1632 4708 1767 4781 sequenti.
1778 4704 1805 4756 be

999 4776 1160 4832 istiusmodi
1175 4777 1369 4832 vetustissima
1385 4722 1542 4834 traditione
1562 4794 1621 4837 non
1637 4784 1741 4838 desunt
1751 4786 1805 4832 con·

996 4849 1123 4918 jeetnrae,
1140 4848 1215 4916 qnod
1235 4848 1274 4902 ita
1286 4849 1428 4903 evenerit:
1447 4856 1475 4904 et
1487 4849 1549 4905 ιιι
1563 4853 1741 4921 probabilior
1754 4857 1802 4902 en·

998 4921 1065 4975 dere
1089 4925 1194 4987 posset,
1217 4918 1241 4972 si
1267 4931 1332 4973 vera
1353 4927 1397 4975 est
1412 4922 1605 4991 quorumdam
1638 4923 1803 4980 recentiorum

999 4990 1107 5059 opinio,
1128 4990 1178 5060 qni
1198 4989 1298 5045 volunt
1312 4990 1483 5046 Clementem
1505 4994 1667 5063 scripsisse
1680 4988 1803 5066 epistolam

999 5061 1121 5132 priorem
1137 5062 1171 5116 ad
1187 5060 1349 5116 Corintbios
1359 5063 1523 5119 immediate
1539 5065 1577 5120 ab
1592 5066 1678 5123 obito
1692 5068 1720 5121 s.
1732 5057 1802 5119 Ριιιι.

999 5134 1132 5188 Fundani
1150 5132 1313 5200 opinionem
1336 5133 1366 5187 in
1388 5132 1478 5188 latore
1492 5135 1727 5207 bajusepistole
1740 5138 1803 5204 qtffl

999 5205 1186 5259 Fortunatam
1214 5205 1353 5272 nominat,
1380 5205 1573 5276 eumdemque
1594 5221 1660 5266 esse
1681 5199 1805 5265 rotariis

1000 5288 1057 5346 quo
1070 5274 1128 5329 bace
1138 5273 1352 5330 scribitl‘anlus
1366 5275 1395 5330 in
1407 5275 1497 5343 priori
1508 5278 1544 5333 ad
1557 5279 1728 5337 Corinthios
1737 5290 1759 5331 c.
1771 5266 1803 5327 ιιι

1000 5361 1025 5404 r,
1039 5342 1093 5399 ti:
1111 5365 1124 5396 e
1142 5345 1259 5400 Gaudeo
1280 5352 1375 5401 autern
1400 5347 1430 5400 in
1452 5350 1604 5415 presentia
1621 5351 1771 5422 stephane
1784 5347 1805 5395 ti

1000 5416 1325 5484 Fortunatietncbaici.
1335 5418 1471 5488 quoniam
1486 5418 1514 5474 id
1530 5423 1609 5490 quod
1623 5421 1718 5477 verbis
1729 5417 1806 5474 deerat

999 5489 1204 5558 suppleverunt
1217 5507 1224 5553 ;
1239 5486 1399 5543 refecerunt
1411 5489 1486 5544 enim
1500 5496 1529 5545 et
1538 5504 1637 5548 meum
1648 5488 1806 5563 spiritumet

998 5569 1140 5624 vestrum,
1151 5561 1314 5628 cognoscite
1324 5573 1390 5630 ergo
1402 5560 1451 5629 qui
1467 5560 1640 5631 huiusmodi
1650 5558 1807 5624 secessui·

1001 5638 1110 5699 ponunt
1136 5630 1212 5686 enirn
1236 5630 1444 5699 aemulationes,
1473 5633 1507 5687 ad
1537 5647 1615 5704 quas
1642 5629 1806 5692 rendentes

999 5700 1152 5770 apostotus
1174 5701 1323 5770 epistolam
1343 5701 1432 5772 dedit,
1456 5703 1544 5760 etiam
1609 5714 1640 5763 st
1659 5701 1806 5779 apostolicas

1000 5770 1170 5827 monitiones
1186 5773 1364 5839 perdurasse,
1378 5774 1412 5828 ad
1428 5788 1500 5839 quas
1514 5788 1571 5846 sop
1582 5778 1676 5836 endas
1688 5778 1808 5847 fumuit·

1001 5851 1063 5900 turn
1087 5842 1228 5898 delectum
1244 5844 1280 5900 ob
1300 5844 1381 5900 Pauli
1397 5846 1600 5905 testimoninm
1612 5839 1806 5907 commendabi-
