3892 6136
113 230 177 293 itit

741 239 919 296 ahtsitslt
938 234 1209 294 atsstiohhecattil

1759 235 1827 296 itia

115 365 254 432 imponere
263 363 466 420 meditabatur.
478 363 729 421 iactamlanienam
739 366 945 420 intramensem
958 362 988 422 A
1002 360 1104 417 linum.
1120 363 1413 427 Diocletianusenim,
1424 365 1474 420 vix
1487 365 1614 435 peractis
1624 364 1727 421 initiis
1735 366 1827 421 Rome

115 433 944 505 apublicatisedicttspossibilemostendithccediiirium

119 504 327 573 imperatorum
358 507 539 571 Diocletiani,
573 509 752 570 Maximiani,
779 515 806 563 et
835 505 943 561 Galerii

116 577 288 632 Maximiani
304 587 458 633 contumax
480 579 553 634 idem
572 581 759 648 propositum,
772 579 820 633 ciii
834 579 858 633 si
873 590 945 631 ccii-

113 646 274 718 jungaotur
287 649 360 704 mala
377 650 650 716 indoles,depravati
663 650 825 705 eorumdem
842 661 943 715 mores,

116 724 144 772 et
157 718 265 788 privata
279 719 401 775 consilia
411 722 545 787 perdendi
555 720 744 790 Christianos,
761 734 796 776 ne
811 719 855 776 illi
866 719 944 774 iave-

117 790 502 845 rentmilitiaconstantium
519 792 659 847 iuGalliis
671 799 809 863 agentem.
819 791 945 859 decuy'us

119 860 241 928 imperio
251 862 510 930 meritopaveliaut,
523 862 592 923 haec,
605 863 733 933 iuquam,
746 863 859 929 librata,
871 860 947 916 laci-

117 930 144 985 le
158 931 331 989 suadebunt.
346 932 385 987 iia
399 946 455 986 rem
470 934 608 999 evenisse,
624 933 666 989 uti
682 934 710 988 in
724 935 813 1005 gestis
823 932 945 988 llarcel-

118 1001 172 1056 lini
190 1001 322 1065 refertur,
341 1010 369 1057 ει
384 1016 534 1058 numerum
551 1005 766 1073 designatorum
787 1012 943 1072 martyrum

119 1073 291 1140 respondere
305 1074 470 1129 crudelitati
484 1077 697 1144 imperatorum.
711 1076 762 1131 llis
775 1076 799 1130 si
811 1075 944 1143 addatur,

118 1144 194 1211 quod
214 1143 243 1197 in
256 1144 361 1199 edictis
376 1145 540 1214 impositum
553 1148 660 1202 crimen
676 1147 789 1202 incendi
799 1146 946 1201 Christia-

117 1214 174 1277 nis,
192 1217 275 1282 quasi
286 1216 452 1272 interimere
464 1218 649 1287 imperatores
659 1216 840 1286 molirentur,
854 1219 945 1285 magis

117 1292 221 1340 certam
251 1285 553 1343 iacientsnbsecutam
588 1289 742 1343 lanienam.
780 1286 945 1343 lactantius

116 1355 214 1413 etiam.
229 1370 294 1411 cum
307 1357 475 1413 bacchantis
487 1360 515 1412 iii
530 1359 712 1414 Christianos
724 1359 823 1413 matris
834 1358 944 1413 Galerii

116 1425 943 1498 odiadescripsisset,etsubsecutaimperialiaedicta,ad·

115 1497 161 1551 dit
177 1515 212 1551 :i
233 1498 284 1554 Sed
300 1500 392 1554 Caesar
414 1499 558 1569 (Galerius
585 1500 693 1569 nempe)
715 1515 769 1556 non
791 1507 943 1555 contentus

1000 433 1203 502 vicennalium,
1215 435 1245 489 in
1257 435 1319 503 ipsa
1331 436 1427 504 hyeme
1436 437 1571 501 decessit,
1582 442 1611 493 et
1626 438 1657 492 in
1670 437 1741 492 blaii
1755 450 1828 492 men·

999 517 1039 561 se.
1062 506 1176 574 quando
1192 505 1358 630 martfvriuni
1376 508 1508 576 contigit,
1528 507 1565 563 ab
1581 508 1653 564 urbe
1671 509 1757 578 longe
1777 507 1829 562 ab·

999 581 1068 629 erat.
1080 575 1159 644 Quod
1173 578 1213 631 ita
1227 590 1256 632 re
1269 582 1311 631 ert
1324 578 1499 647 Lactantius,
1514 578 1637 635 forsitan
1649 579 1752 634 Romae
1763 587 1830 634 tuuc

1002 659 1133 714 presens,
1147 647 1215 703 dum
1226 647 1331 703 edictis
1343 650 1553 717 persecutionis
1565 651 1708 714 narratis,
1721 651 1751 705 iii
1763 648 1831 704 urbe

999 716 1220 780 nicomediensi,
1243 719 1334 787 primo
1350 718 1485 790 vulgatis,
1501 720 1608 777 addit:
1627 742 1643 772 ι
1665 722 1726 776 lloc
1742 721 1831 791 igitar

1000 787 1105 843 scelere
1119 795 1288 858 perpetrato,
1305 789 1513 857 Diocletianus,
1526 805 1593 847 cum
1610 792 1673 861 jam
1686 790 1725 845 ab
1743 804 1778 846 eo
1789 789 1831 844 le·

1000 858 1097 914 licitas
1111 861 1287 926 recessisset,
1311 861 1438 930 perrexit
1449 864 1547 918 statim
1569 862 1706 927 llouiam,
1723 869 1755 917 ιιι
1771 860 1831 917 illic

999 930 1192 986 vicennalium
1217 932 1293 986 diem
1317 930 1483 1001 celebraret,
1501 935 1550 1004 uui
1574 938 1638 989 erat
1653 931 1776 989 iuturus
1797 933 1830 988 ad

999 1001 1148 1056 duodecim
1165 1001 1227 1056 Kal.
1244 1002 1415 1058 Decembris.
1430 1002 1543 1071 Quibus
1556 1003 1744 1060 solemnibus
1757 1003 1832 1059 cele·

1000 1068 1102 1138 bratis,
1129 1086 1193 1126 cuni
1219 1072 1378 1128 libertatem
1402 1076 1500 1144 populi
1525 1076 1651 1131 Romani
1677 1074 1754 1130 ierre
1779 1088 1828 1129 ooii

1000 1151 1105 1224 posset,
1128 1143 1280 1210 impatiens
1294 1150 1405 1215 etager
1421 1147 1512 1201 animi
1526 1146 1696 1216 prorumpit
1706 1161 1740 1201 ex
1760 1145 1831 1200 Urbe

1001 1212 1233 1281 impendentibus
1244 1214 1304 1270 Kal.
1315 1215 1472 1285 ianuariis,
1485 1217 1593 1287 quihus
1606 1218 1655 1272 illi
1668 1231 1830 1272 novuscon·

999 1282 1471 1342 solatusdeserebatur.Tredccim
1484 1289 1549 1344 dies
1562 1289 1692 1344 tolerare
1708 1301 1764 1343 noir
1780 1302 1830 1356 po-

999 1355 1066 1417 tuit,
1093 1361 1124 1408 iit
1148 1355 1240 1410 llomae
1267 1357 1469 1427 potiusquam
1495 1360 1639 1415 hairennae
1669 1359 1830 1428 procederet

999 1426 1108 1481 consul.
1120 1426 1172 1482 Sed
1190 1425 1448 1498 proiectushyeme,
1464 1429 1732 1500 saevienteirigore,
1748 1434 1830 1499 atoue

1000 1497 1143 1552 imbribus
1157 1497 1334 1559 verberatus.
1350 1498 1478 1555 morbum
1494 1500 1583 1556 levem
1605 1513 1642 1556 ac
1663 1507 1828 1570 perpetuum

116 1568 205 1623 edicti
229 1569 352 1637 legibus,
376 1569 462 1625 aliter
480 1570 689 1626 Diocletianum
707 1571 823 1643 aggredi
851 1578 940 1639 parat.
998 1568 1098 1631 traxit,
1114 1575 1289 1639 vexatusque
1305 1583 1449 1638 peremne
1466 1572 1531 1640 iter,
1549 1573 1657 1626 lectica
1675 1573 1828 1640 plurimum

115 1639 185 1693 Nam
201 1645 232 1694 ut
248 1640 330 1696 illum
346 1640 380 1695 ad
397 1644 574 1710 propositum
593 1643 802 1698 crudelissime
815 1655 942 1709 persecu·
997 1638 1162 1693 vehebatur.
1176 1640 1224 1695 Sic
1238 1647 1336 1696 aestate
1351 1646 1504 1706 transacta,
1523 1656 1574 1712 per
1589 1643 1754 1698 circuitum
1765 1644 1829 1711 ripe

116 1709 206 1764 tionis
221 1711 390 1780 impelleret,
404 1713 527 1769 occultis
541 1714 686 1769 ministris
702 1715 807 1781 palatio
818 1712 941 1781 subjecit
957 1730 982 1789 B
997 1709 1095 1778 strigae
1114 1710 1309 1766 Nicomediam
1325 1712 1412 1780 venit,
1436 1713 1536 1769 morbo
1551 1714 1614 1783 jain
1632 1713 1716 1784 gravi
1733 1715 1829 1768 insur-

115 1780 942 1855 inceiidiuin.t:tcumparsquaedamconhagrasset,Chri-
997 1788 1089 1850 gente.
1116 1798 1129 1829 ι
1155 1780 1222 1849 Que
1250 1784 1471 1839 circumstantia
1498 1797 1555 1840 non
1579 1785 1787 1840 animadversa
1813 1796 1828 1839 a

115 1853 203 1906 silani
218 1852 421 1919 arguebantur,
437 1855 513 1911 velut
525 1855 621 1910 hostes
634 1856 754 1926 publici,
768 1865 796 1910 ει
810 1869 874 1910 ειιιιι
892 1855 942 1909 ιιι-
996 1852 1331 1922 consarsioatorelapsus
1350 1855 1521 1923 llarcellini,
1539 1857 1688 1927 integram
1704 1863 1826 1911 actorum

115 1923 941 1995 gentiinvidiasimulcumpalatioChristianornmnomen
997 1922 1175 1977 identitatem
1199 1937 1332 1980 corruere
1359 1923 1439 1981 iacit.
1458 1926 1622 1982 Donatistae
1647 1929 1729 1982 enim
1756 1927 1828 1981 hsce

114 1992 241 2049 ardebat.
259 1995 336 2058 illos,
348 1996 469 2053 consilio
482 2012 545 2053 cum
562 1998 708 2053 llouuchis
721 1998 827 2061 habito,
842 1999 877 2052 de
888 2010 943 2051 ex·
996 1992 1166 2065 fragmentis
1179 1995 1323 2064 propriam
1336 2009 1451 2051 causam
1465 2001 1541 2052 tueri
1553 1998 1731 2067 studebant,
1747 1998 1829 2053 utri-

114 2064 298 2133 stingueodis
311 2067 494 2137 principibus
504 2069 645 2139 crepitasse
656 2087 663 2135 ς
673 2069 745 2125 duos
756 2070 941 2138 imperatores
996 2064 1063 2119 dere
1077 2072 1120 2119 est
1134 2065 1163 2120 ιιι
1179 2065 1333 2121 collatione
1345 2067 1587 2138 Carthaginensi,
1605 2075 1636 2124 et
1647 2084 1724 2139 saepe
1740 2076 1828 2123 monet

114 2134 764 2207 domisuapeuerivosessecombustos.iliae
789 2139 942 2194 calumnie
996 2136 1023 2190 S.
1056 2136 1247 2206 augustinns,
1276 2139 1344 2192 dum
1373 2139 1485 2195 eosdem
1521 2141 1664 2196 revincit.
1694 2140 1829 2196 Elabora-

114 2209 339 2273 persacerdotes
360 2211 486 2280 gentium
508 2220 607 2266 acutae.
634 2211 683 2280 qui
707 2209 814 2265 Galerii
840 2210 941 2264 matris
996 2206 1066 2261 bant
1090 2207 1167 2262 enim
1195 2208 1352 2263 Donatista
1378 2209 1507 2278 probare.
1536 2226 1553 2266 a
1582 2212 1758 2268 Marcellino
1784 2211 1829 2267 de-

114 2279 435 2346 superstitiosissimum
459 2282 549 2337 zelum
573 2281 712 2343 iovebaiit,
730 2296 786 2336 oon
811 2288 942 2350 poterant
996 2277 1099 2333 iecisse
1114 2279 1323 2403 episcopatum,
1344 2286 1380 2334 ut
1398 2281 1584 2350 sequentium
1609 2282 1782 2351 pontiiicum
1801 2282 1826 2336 iii

114 2362 170 2404 nou
194 2363 369 2407 commorere
392 2352 589 2408 idololatricas
604 2352 742 2417 civitates,
757 2362 785 2409 ει
800 2352 938 2407 saeuitiam
995 2349 1107 2404 eosdem
1140 2355 1201 2404 atas
1229 2353 1386 2406 sententias
1410 2352 1595 2409 infirmarent
1613 2370 1620 2406 ι
1637 2353 1786 2424 quomodo
1802 2359 1825 2407 et

112 2419 677 2493 iudicumacuereDiocletiaonmouead
687 2438 806 2492 prorsus
817 2422 942 2493 perden-
995 2419 1116 2475 Felicem
1129 2420 1274 2476 Caeciliani
1289 2422 1482 2478 ordinatorem
1498 2436 1581 2478 reum
1598 2425 1775 2481 traditionis
1788 2426 1827 2478 iii-

113 2490 942 2563 dosildelesiiiiyiellere,quodelicuissetestanturlactan-
995 2490 1182 2558 simularunt,
1206 2499 1238 2548 ut
1258 2493 1471 2548 ordinationem
1499 2494 1618 2549 irritam
1640 2509 1677 2551 ex
1699 2509 1734 2552 eo
1750 2494 1826 2550 titulo

115 2561 186 2618 tius.
205 2576 268 2617 mox
285 2565 431 2620 subdens:
449 2586 461 2615 i
477 2566 674 2620 Diocletianus
684 2567 818 2635 veio,qui
830 2577 942 2632 semper
995 2563 1178 2618 ostenderent
1194 2581 1200 2617 :
1216 2561 1337 2618 forsitan
1353 2564 1488 2620 etiamad
1516 2566 1824 2636 pseudoepiscopatum

115 2644 146 2685 se
155 2632 265 2687 volebat
276 2635 366 2690 videri
377 2643 514 2702 astutum,
529 2645 556 2690 ει
569 2636 873 2706 intelligentem,nihil
887 2649 941 2704 po-
995 2634 1152 2688 homanum
1175 2647 1192 2689 a
1213 2635 1373 2690 Donatistis
1400 2640 1597 2691 coustitutum
1626 2637 1825 2701 roborandum,

115 2702 173 2756 tuit
190 2704 334 2771 suspicari
351 2725 357 2769 ;
384 2706 430 2760 sed
449 2707 492 2759 ira
513 2707 718 2771 inflammatus,
740 2705 938 2762 excarnificari
995 2705 1078 2773 quasi
1100 2704 1155 2772 ipsi
1169 2704 1252 2760 illum
1266 2707 1568 2777 restauraverintpost
1581 2707 1700 2777 lapsum
1721 2707 1825 2764 llarcel-

116 2785 215 2827 omoes
231 2787 299 2829 suos
319 2777 451 2844 protinus
471 2777 614 2845 pracepit.
629 2776 748 2831 Seileliat
770 2779 841 2846 ipse,
854 2784 940 2846 atque
996 2774 1061 2843 liiii,
1077 2789 1143 2829 cum
1154 2776 1210 2845 ipsi
1222 2790 1315 2831 reram
1327 2777 1482 2833 Ecclesiam
1495 2791 1585 2848 penes
1607 2779 1765 2849 ipsosesse
1777 2781 1825 2834 im-

117 2843 285 2899 inoocentes
311 2847 375 2917 igne
402 2846 537 2901 torrebat.
567 2849 633 2901 item
658 2847 772 2915 judices
798 2847 938 2914 universi,
995 2845 1165 2900 maculatam
1184 2846 1384 2918 illibatamque
1396 2850 1551 2917 jactarent.

114 2928 215 2970 omncs
227 2916 353 2987 deniqne
368 2917 418 2987 qui
435 2925 517 2973 erant
533 2919 561 2973 iii
578 2919 684 2986 palatio
708 2919 849 2989 magistri,
873 2918 938 2973 datu
1031 2917 1116 2972 Linea
1134 2914 1177 2971 tti.
1199 2948 1235 2959 -
1257 2920 1377 2974 Cessuoi't
1392 2922 1575 2990 episcopatos.
1596 2921 1687 2977 Sedis
1703 2923 1824 2977 Romana

116 2990 265 3055 potestate,
290 2989 470 3057 torquebant.
488 2989 575 3043 Erant
596 2994 749 3045 certantes.
770 2990 837 3059 ipris
861 2990 940 3057 prior
994 2988 1105 3042 vacatio
1124 2988 1160 3041 ob
1178 2990 1328 3060 angustias
1354 2991 1567 3050 persecutionis
1595 2993 1824 3062 protrahitur,et

113 3057 226 3126 aliquid
243 3058 392 3114 inveniret.
403 3060 481 3114 Nihil
495 3061 604 3128 uspiam
618 3060 879 3128 repei·iehatur,nec
887 3074 936 3130 pa·
953 3076 978 3139 0
994 3058 1030 3113 ob
1047 3058 1198 3114 ulteriores
1218 3059 1326 3115 tialerii
1349 3061 1581 3119 machinationes
1598 3063 1631 3121 tit
1646 3065 1820 3120 diuturnior.

114 3126 241 3183 tiebatur
263 3131 334 3186 iram
362 3131 566 3186 inconsiderati
590 3133 669 3186 senis
687 3133 863 3201 deflagrare:
890 3131 937 3186 sed
993 3131 1082 3184 lllater
1103 3131 1179 3185 enim
1203 3128 1311 3186 Galerii
1330 3138 1371 3187 tot
1384 3132 1623 3189 Christianorum
1650 3136 1788 3191 caedibus.
1801 3140 1823 3189 et

117 3199 938 3270 quindecimdiebusinterjectisaliudrursusinceodium
992 3199 1178 3256 acerbissima
1212 3214 1262 3270 per
1277 3209 1368 3258 totum
1388 3203 1484 3258 orbem
1503 3206 1716 3261 innocentiam
1739 3215 1823 3289 strage

115 3270 232 3325 niolitus
244 3279 287 3327 est
302 3291 309 3341 3
323 3274 371 3329 sed
390 3273 513 3328 celerius
525 3274 766 3340 animadversum,
779 3286 830 3328 nec
845 3281 938 3328 tamen
993 3271 1038 3327 vix
1058 3276 1171 3336 satiata,
1196 3272 1337 3329 tardiores
1360 3275 1531 3331 existimans
1554 3284 1771 3346 persecutores.
1792 3282 1822 3331 ti·

114 3348 214 3397 auctor
228 3344 373 3412 apparuit.
394 3346 473 3400 Tunc
486 3346 580 3399 Caesar
601 3344 695 3399 medio
712 3345 821 3415 hyemis
840 3342 906 3414 proi
925 3372 938 3383 -
993 3341 1063 3396 lium
1086 3340 1228 3398 indelessa
1250 3344 1345 3400 ciebat
1358 3345 1495 3403 adversus
1515 3346 1723 3404 Christianos.
1747 3349 1821 3403 hrri-

115 3412 209 3467 ctione
223 3421 320 3482 parata
337 3417 509 3485 prorumpit,
523 3417 620 3470 eodem
640 3415 688 3469 die
700 3421 866 3470 contestans
888 3414 938 3469 iu·
994 3426 1080 3482 puere
1094 3416 1284 3482 occasionem,
1300 3416 1413 3471 Galerio
1428 3418 1582 3474 consuetis
1597 3417 1760 3475 fraudibus
1774 3432 1821 3474 rein

114 3496 179 3553 gere
202 3496 242 3540 se.
274 3487 405 3541 iievivus
429 3486 537 3541 ardeat.
566 3503 579 3536 ι
609 3488 649 3541 lta
676 3485 810 3542 Galerius
837 3486 937 3540 iiiatris
994 3491 1224 3554 promoventem
1239 3485 1364 3542 motibus
1378 3487 1534 3543 rebellibus
1550 3489 1823 3560 inprincipeseici-

111 3555 203 3623 iussa,
223 3557 424 3626 propriamque
440 3557 563 3612 indolem
579 3557 731 3626 pessimam
749 3559 777 3611 in
792 3558 938 3612 (Jhrlstia-
993 3556 1071 3622 tatis,
1083 3568 1099 3610 a
1110 3555 1283 3625 quibusdam
1299 3558 1428 3627 tyrannis
1440 3559 1600 3627 imperium
1613 3560 1822 3618 affectantibus.

116 3638 167 3680 nos
181 3638 287 3682 acuens
306 3629 497 3698 persecutioni
523 3629 599 3683 vires
613 3628 736 3696 addidit,
754 3637 782 3683 ει
796 3628 936 3683 lanienam
992 3625 1152 3695 Episcopis,
1168 3633 1196 3682 et
1217 3628 1333 3683 clericis
1348 3629 1436 3684 veluti
1452 3631 1631 3687 auctoribus
1655 3633 1820 3688 seditionum

114 3697 299 3753 sevissimam
331 3713 507 3767 promerens,
535 3706 563 3754 et
586 3699 647 3767 ipse
673 3713 737 3754 cuni
761 3699 938 3754 Diocletiano
992 3697 1100 3752 crimen
1116 3703 1159 3752 est
1175 3698 1353 3767 impositum,
1367 3706 1395 3755 et
1411 3700 1478 3755 hinc
1493 3702 1589 3770 major
1602 3703 1754 3759 increbuit
1766 3716 1822 3773 per-

114 3779 257 3837 exercenS,
285 3779 404 3837 certum,
429 3784 459 3824 ac
487 3770 639 3825 indubium
668 3771 762 3825 reddit
788 3783 937 3825 numerum
993 3767 1125 3823 secutio:
1145 3782 1210 3824 cuiu
1226 3771 1388 3826 sacerdotes
1401 3773 1529 3841 gentium
1546 3775 1723 3843 suaderent,
1739 3773 1821 3837 facile,

116 3847 270 3907 martyrum
295 3849 516 3909 peremptorum.
535 3841 614 3896 Unde
628 3840 728 3896 subdit
748 3842 934 3897 Lactantius:
994 3838 1583 3913 radicitusque,Christiaoamreligionem
1598 3847 1821 3915 exstirpandam,

116 3929 129 3958 ι
151 3909 274 3965 larebat
295 3924 361 3982 crgo
387 3913 542 3982 imperator
559 3914 617 3979 y'am
640 3924 696 3967 non
721 3913 749 3966 in
765 3912 938 3967 domesticos
993 3911 1019 3965 si
1032 3911 1159 3979 episcopi
1175 3918 1204 3966 et
1224 3914 1298 3966 sacri
1316 3912 1383 3968 iibri
1405 3914 1532 3970 emedio
1551 3914 1745 3972 tollerentur.
1761 3918 1822 3971 liiiic

115 3984 236 4041 uotum.
253 3981 299 4036 sed
319 3983 347 4036 iii
361 3996 491 4037 omnes...
510 3982 610 4038 Omnis
627 3997 713 4038 sexus
729 3984 865 4038 etaetatis
884 3982 937 4038 ho-
994 3995 1065 4037 nora
1081 3981 1110 4036 ιιι
1127 3982 1237 4037 ειειιιιιι
1255 3983 1411 4052 vulgantur
1424 3983 1530 4045 edicta.
1552 3993 1583 4041 et
1601 3988 1675 4043 dira
1691 3989 1721 4043 lii
1736 4000 1821 4044 sacros

117 4049 211 4105 mines
231 4051 264 4105 ad
291 4054 466 4109 exustionem
491 4055 575 4122 rapti.
593 4056 649 4109 Nec
664 4054 785 4123 singuli.
802 4056 937 4124 quoniam
993 4052 1107 4109 codices
1126 4060 1274 4109 exercetur
1289 4056 1411 4121 vexatio,
1436 4056 1511 4111 uude
1528 4058 1714 4115 tralitoruiu
1736 4059 1820 4123 turba,

115 4125 193 4174 tanta
208 4130 269 4176 erat
285 4124 450 4192 multitudo,
476 4133 505 4179 ut
522 4127 659 4195 gregatim
678 4126 857 4180 circumdato
874 4126 939 4193 igne
993 4138 1058 4249 gua·
1080 4124 1258 4178 occasionem
1283 4126 1364 4180 dedit
1383 4127 1604 4183 Donatistarum
1619 4129 1772 4185 schismati
1793 4142 1821 4182 cx

115 4190 347 4247 ambiebantur...
374 4196 534 4250 vexabatur
554 4196 686 4251 universa
708 4204 829 4250 terra...
853 4202 880 4250 et
904 4194 938 4248 ab
1020 4201 1104 4262 ptato.
1121 4195 1319 4262 conjecturam
1336 4203 1459 4251 nostram
1478 4197 1622 4255 roborant
1638 4203 1725 4256 rerba
1738 4201 1820 4256 Euse·

115 4261 225 4317 oriente
240 4264 377 4333 usquead
402 4279 535 4320 occasum
552 4275 609 4320 tres
633 4266 826 4320 acerbissimae
840 4265 938 4320 hestiae
994 4265 1048 4332 hii,
1072 4268 1217 4320 narrantis
1238 4268 1339 4322 seriem
1358 4268 1445 4336 huius
1466 4273 1702 4339 persecutionis,
1715 4272 1764 4342 qui
1776 4271 1821 4325 Νι-

114 4332 277 4388 saeviebaut.
292 4354 305 4383 ι
320 4336 453 4391 Eumdem
467 4350 615 4391 numerum
637 4337 771 4405 proponit
787 4337 937 4403 Eusebius,
994 4336 1186 4391 comedieosia
1199 4337 1302 4401 edicta,
1320 4346 1348 4393 ct
1363 4339 1509 4394 hominum
1525 4341 1820 4398 subsecutamciedem

115 4406 265 4474 inquiens:
283 4426 295 4456 i
310 4407 370 4461 Dici
385 4415 549 4473 noiipotesi,
562 4421 642 4476 quos,
659 4413 687 4461 et
699 4416 821 4476 quamtus
829 4407 937 4462 Christi
994 4421 1058 4462 cuni
1079 4415 1233 4469 narrasset,
1254 4414 1282 4463 et
1296 4409 1430 4479 dixisset,
1444 4410 1495 4464 lib.
1511 4425 1577 4477 viii,
1595 4428 1624 4467 c.
1641 4413 1670 4470 o.
1697 4435 1709 4465 i
1726 4413 1820 4470 Ethai·

116 4482 253 4545 martyres
267 4478 295 4532 in
307 4478 442 4534 omnibus
454 4479 524 4533 locis
539 4477 698 4533 eturbibus
708 4481 811 4547 passini
824 4493 939 4535 cernere
954 4479 1110 4548 liquidem
1129 4480 1157 4533 in
1182 4480 1244 4547 ipso
1270 4481 1482 4548 persecutionis
1502 4483 1630 4539 ‹aurdi'o
1658 4486 1821 4542 Nicomedia

115 4546 200 4601 licuit
219 4555 295 4604 :iet
308 4548 450 4604 lanienam
467 4557 557 4604 aetam
574 4550 700 4604 motibus
719 4550 857 4604 civilibus
868 4565 940 4605 com·
994 4556 1073 4620 gesta
1088 4556 1165 4604 sunt.
1184 4570 1196 4598 ι
1213 4550 1301 4605 Addit
1315 4551 1418 4607 deinde
1438 4570 1444 4606 :
1463 4573 1476 4602 ι
1492 4554 1639 4610 Caeterum
1653 4558 1740 4626 paulu
1756 4562 1819 4626 post,

116 4625 208 4687 parat,
230 4621 344 4688 quando
368 4619 602 4690 ireipientissima
624 4621 770 4675 hominum
794 4623 937 4677 mactatio.
994 4634 1059 4677 cum
1071 4621 1123 4676 alii
1141 4624 1169 4674 in
1185 4621 1313 4676 llelltina
1329 4622 1616 4694 armeniaeregipne,
1633 4627 1689 4683 alii
1706 4629 1736 4682 iii
1749 4627 1820 4696 syrii

116 4710 128 4740 i
145 4689 187 4744 llli
205 4690 318 4759 quidem
331 4693 543 4755 Deicultorum,
556 4698 611 4746 tam
627 4693 765 4751 virorum,
777 4706 860 4761 <iiiam
873 4707 939 4747 mu-
996 4693 1148 4760 imperinm
1163 4693 1291 4761 arripere
1306 4695 1400 4748 conati
1415 4703 1511 4750 essent
1529 4714 1535 4749 :
1554 4699 1772 4771 promulgatum
1785 4704 1820 4753 est

115 4759 217 4815 lierum
230 4763 369 4825 caedibus,
380 4770 514 4834 tartunam
526 4764 607 4819 civili
618 4764 940 4833 iiuadamhelloprorin-
996 4763 1178 4831 imperatoris
1192 4765 1330 4833 edictum,
1350 4772 1381 4820 ut
1393 4779 1491 4821 omnes
1507 4766 1624 4838 ubique
1639 4771 1818 4826 ecelesiarum

114 4832 175 4887 cias
190 4833 335 4903 subjectas
351 4835 551 4903 polluerunt.»
566 4835 731 4889 hoiboveic
746 4842 827 4889 erant
838 4836 939 4889 viren-

115 4910 238 4967 tes,cum
251 4907 362 4974 tyranni
376 4908 609 4974 persecutionum
623 4907 716 4960 l'uriiis
729 4906 887 4976 agitabant.
899 4908 938 4961 Ex

114 4974 248 5029 Severus:
262 4976 386 5031 iNuilus
397 4990 520 5046 unquam
530 4980 619 5047 magis
629 4977 938 5032 bellismundusexau·

113 5051 177 5099 stus
189 5052 233 5100 est
248 5068 254 5101 :
269 5060 360 5116 neque
377 5049 477 5116 majori
500 5062 624 5118 unquam
641 5048 788 5116 triumpho
805 5049 937 5117 vicimus,

114 5130 197 5185 quain
214 5131 278 5171 cum
294 5117 389 5172 decem
406 5132 545 5174 annorum
560 5119 704 5189 stragibus
718 5118 795 5173 vinci
813 5133 868 5174 non
886 5134 939 5189 po-

114 5189 262 5242 inimus.»

150 5258 234 5314 Linea
249 5260 276 5314 8.
296 5260 390 5314 -Ab
414 5261 505 5314 codem
527 5261 738 5314 Diocletiano...
764 5262 853 5330 cupite
874 5271 939 5317 surii

114 5333 243 5384 tiammti'.
256 5333 314 5387 Non
327 5332 538 5399 aDiocietiuiio,
551 5332 598 5386 sed
612 5345 660 5399 per
670 5332 731 5400 ejus
738 5331 859 5399 judices,
872 5348 936 5389 cum

113 5411 188 5453 anno
201 5416 257 5469 iyuo
270 5405 395 5474 contigit
416 5405 585 5472 martyrium
598 5403 796 5458 Diocletianus
814 5403 849 5457 ab
865 5404 938 5459 lirbe

114 5468 247 5525 distaret.
276 5476 338 5528 liae
368 5488 442 5540 vcro,
468 5490 531 5544 quie
556 5475 603 5529 liic
628 5474 768 5529 dicuntur
793 5474 827 5529 ile
855 5473 936 5545 lapsu

114 5541 284 5605 llarcellini,
313 5546 411 5600 addita
441 5547 575 5601 videntur
594 5553 622 5599 ct
646 5545 787 5614 siippleta.
818 5561 938 5617 quicque

114 5609 276 5690 desumpsit
289 5626 321 5667 ex
337 5617 409 5670 actis
430 5617 602 5686 quibusdam
618 5616 749 5671 itonlictis
767 5623 827 5671 arte
840 5618 939 5672 Dona-

116 5686 249 5733 tistarum
267 5700 275 5747 3
290 5694 316 5737 ei
333 5687 539 5753 iyiiiconilnxii,
554 5694 648 5742 notam
664 5693 801 5756 temporis
814 5702 868 5743 nou
883 5689 937 5745 ad-

114 5757 237 5821 vertens,
251 5750 321 5805 ialsu
334 5755 455 5812 inseruit
465 5760 500 5813 de
514 5759 684 5814 Diocletiani
694 5759 767 5813 actis
783 5760 811 5813 in
824 5761 937 5816 lliircel-

993 4835 1141 4888 antistites
1167 4834 1257 4888 vincti
1283 4834 1311 4889 in
1333 4849 1474 4891 carcerem
1501 4840 1711 4898 truderentur.
1726 4844 1818 4896 Earum

995 4917 1059 4960 vero
1079 4918 1183 4973 rerum,
1207 4919 1270 4975 iyuae
1288 4914 1381 4974 postea
1404 4905 1485 4962 iactae
1506 4917 1588 4973 suut,
1617 4913 1818 4980 spectaculum.

994 4988 1105 5030 omnem
1129 4990 1246 5045 prorsus
1261 4976 1375 5033 dicendi
1391 4979 1503 5048 copiam
1518 4982 1707 5049 superoblita
1723 4983 1819 5053 quippe

995 5061 1059 5102 cuin
1075 5046 1297 5102 innumerabilis
1313 5048 1420 5119 ubique
1433 5050 1585 5106 hominum
1601 5054 1762 5111 multitudo
1774 5068 1819 5107 cu-

994 5118 1096 5173 stodie
1116 5118 1347 5188 manciparetur:
1371 5126 1397 5175 ct
1413 5134 1543 5177 carceres
1560 5124 1635 5179 olim
1660 5126 1817 5187 homicidis,

993 5198 1021 5245 et
1035 5189 1231 5258 sepulcrorum
1241 5190 1450 5259 expilatoribus
1464 5193 1611 5263 deputati.
1625 5202 1698 5253 tuuc
1713 5199 1819 5266 episco-

994 5261 1048 5331 pis,
1068 5260 1250 5331 presbyteris,
1263 5262 1444 5327 diaconibus,
1460 5263 1637 5337 lectoribus,
1651 5275 1741 5340 atque
1751 5281 1819 5324 esar

992 5332 1076 5387 cistis
1099 5332 1332 5403 complereiitnr3
1353 5334 1423 5388 adeo
1447 5344 1479 5389 ut
1504 5335 1542 5391 iis
1564 5339 1620 5408 qui
1644 5339 1683 5395 ob
1705 5341 1818 5396 crimina

992 5403 1174 5459 condemnati
1189 5403 1312 5470 luerent,
1331 5405 1428 5459 nullus
1440 5407 1496 5473 jam
1514 5408 1599 5464 iocus
1614 5420 1791 5481 superesset.
1805 5427 1815 5457 ι

991 5474 1153 5542 hGalcrio,
1177 5482 1208 5529 ut
1223 5488 1296 5529 reor.
1317 5476 1544 5533 machinationes
1559 5480 1687 5539 inrecte
1706 5493 1818 5539 ceuma-

991 5553 1049 5611 tur,
1066 5547 1096 5600 in
1112 5559 1168 5614 quc
1184 5547 1299 5613 imperii
1315 5554 1343 5600 et
1360 5547 1572 5605 iloiui'natioais
1585 5552 1818 5625 absquccoasor·

992 5618 1033 5672 tio
1050 5618 1190 5672 insederat
1202 5617 1329 5671 ambitus
1342 5624 1368 5670 et
1385 5619 1502 5686 cupido.
1517 5622 1598 5691 quod
1612 5624 1739 5683 inuuere
1753 5625 1817 5679 ride

992 5695 1039 5743 tur
1050 5689 1228 5743 Lacmotius:
1238 5689 1288 5757 uui
1298 5703 1360 5743 cuin
1372 5694 1816 5753 narrassetexercttosinnilius

991 5759 1114 5815 advertit
1129 5760 1203 5829 iyiiod
1228 5757 1362 5816 Galerius
1380 5760 1511 5834 [supirala
1538 5764 1634 5823 «iam
1655 5766 1815 5825 conflixerit
