3892 6136
125 282 182 342 toa
256 249 262 258 “
790 285 930 343 canona
946 283 1178 344 mamurtina.
1791 295 1846 354 soa

123 413 267 480 eins'dlio
290 414 398 483 scripta
419 414 494 486 (pap.
518 413 749 485 istrianorum
775 429 869 489 regem
890 416 957 471 zta-
971 411 1001 472 A
1046 415 1175 472 vestium
1203 417 1326 473 istarum
1337 418 1532 475 consideratio
1544 433 1596 476 nos
1611 420 1696 479 iacile
1716 422 1845 480 adduce-

125 484 234 548 titium,
261 486 410 543 Persarum
432 487 502 557 ingo
525 501 657 556 excusso,
678 485 956 557 constantinopolim
1011 487 1098 542 netad
1123 488 1491 544 sacerdolalishierarcbiae
1503 495 1608 546 nostrae
1626 493 1753 563 insignia
1763 493 1844 565 sigil-

122 555 286 624 proiectum
306 562 334 612 ct
346 570 427 613 sacro
442 555 521 613 fonte
533 557 688 616 lustratum
705 573 769 616 cum
785 558 956 615 Christiana
1011 555 1091 612 latim
1107 560 1282 626 exponenda,
1297 566 1324 614 ei
1348 573 1431 616 vinces
1446 559 1596 629 plurimas,
1620 577 1684 631 qnae
1715 563 1843 620 barbarae

123 626 264 698 religioni
291 641 392 684 nomen
412 628 538 684 dedisset
559 629 696 687 donatum
720 629 809 687 luisse
825 651 838 682 c
852 629 956 685 diade-
1009 627 1145 685 videntur
1158 630 1186 684 in
1202 631 1364 699 anastasio,
1380 631 1427 686 sed
1440 644 1455 686 e
1469 629 1600 687 fontibus
1616 632 1754 689 indicatis
1769 636 1845 690 Grae·

122 703 201 754 mate
222 699 301 770 regio
316 712 394 754 more
417 699 554 767 Romano,
579 701 727 772 chlamyde
750 701 814 758 alba
839 700 956 756 bolose-
1009 699 1338 756 co-liomanisdeductae
1353 708 1431 768 sunt,
1453 703 1647 770 exponendas.
1661 716 1761 773 nempe
1788 705 1844 759 Pe-

124 769 198 834 rica,
219 780 270 836 pro
283 782 427 839 purpureo
442 770 553 826 clavum
575 784 693 828 aureum
714 773 825 845 regium
846 770 956 827 baben·
1008 770 1156 836 rependes,
1181 772 1214 825 eie
1237 772 1406 840 urpsociaoq
1428 773 1580 838 Pericipsia
1600 773 1633 827 de
1653 773 1791 841 stercori,
1811 775 1844 829 de

123 845 163 907 te,
179 840 305 909 cujusin
318 841 411 896 medio
423 841 553 912 sigillum
568 840 956 914 iniicrqoeipiorimperatoris
1011 841 1103 907 Tprr'o,
1131 847 1182 896 cut
1201 843 1235 896 de
1266 844 1531 911 blatteo·szoateu
1554 843 1648 913 (num.
1671 842 1734 907 ius,
1771 842 1842 915 tet).

121 911 233 967 tustini
262 924 423 979 expressam
455 911 580 968 reterens
619 913 784 987 imaginem.
817 913 954 969 Tunicam
1009 909 1118 966 Crucem
1145 918 1169 966 et
1193 912 1368 968 (iammodics
1392 915 1425 968 de
1450 915 1628 979 cimsoeiouo
1648 915 1739 984 (num.
1767 913 1841 986 iio).

123 994 242 1053 quoque
256 981 350 1037 albam
382 982 607 1052 paragaudiam»
631 987 800 1056 παραναύδιον
827 982 955 1055 eri-,gripor
1009 983 1099 1037 Pallio
1118 983 1243 1038 debuero
1269 985 1354 1038 birrttu
1383 1001 1442 1039 cum
1471 987 1573 1040 tubulis
1601 1001 1670 1040 auro
1697 989 1773 1042 tectis
1811 987 1844 1042 de

123 1064 213 1123 quam
232 1052 340 1108 eruditi
355 1059 485 1109 notarum
501 1053 627 1110 editores
651 1034 781 1125 probant,
797 1070 831 1111 cx
842 1055 957 1110 Simone
1010 1053 1161 1122 chlamyde,
1179 1055 1269 1109 uelde
1286 1056 1356 1110 stole
1371 1057 1510 1126 imperiali
1523 1053 1613 1126 inum.
1628 1053 1674 1126 stt
1685 1063 1713 1112 et
1734 1057 1842 1126 liujus-

121 1122 387 1189 Tbessalonicensi,
412 1136 474 1179 esse
499 1125 586 1180 etiam
607 1129 712 1182 restem
739 1124 955 1192 sacerdotalem,
1011 1124 1087 1180 modi
1119 1124 1224 1192 plnres.
1247 1128 1266 1180 a
1290 1125 1419 1182 vestibus
1442 1127 1546 1183 deinde
1562 1127 1780 1196 procederemus
1807 1128 1842 1184 ad

123 1200 198 1250 etex
211 1193 353 1250 Trebellio
366 1194 495 1250 Pollione
514 1196 543 1250 in
559 1195 690 1263 Claudio,
705 1198 877 1264 Parthicam,
892 1209 955 1264 quae
1009 1208 1075 1250 vasa
1090 1197 1164 1250 sacri
1177 1196 1343 1260 ministerii,
1359 1198 1435 1265 apud
1450 1197 1633 1253 anastasium
1661 1199 1771 1268 pariter
1791 1211 1845 1255 oo-

123 1264 200 1322 loris
215 1265 313 1320 aureis
338 1265 608 1336 succingebatur),«
631 1267 762 1337 gestabat
784 1268 882 1323 aureis
905 1279 955 1334 pro
1010 1266 1166 1334 currentia,
1178 1274 1408 1335 omesarqeatecs
1427 1273 1452 1321 et
1466 1283 1575 1334 aureus,
1597 1268 1698 1336 poboto
1712 1271 1843 1325 electrina

122 1349 234 1392 morer
270 1335 298 1392 io
312 1335 588 1406 clavisadornatam
604 1344 631 1392 et
647 1338 720 1408 ipsis
733 1339 819 1395 etiam
832 1338 955 1406 impera·
1008 1339 1098 1408 inum.
1122 1334 1180 1406 85),
1209 1353 1335 1393 coronam
1357 1339 1467 1408 pirorum
1485 1344 1549 1394 unte
1566 1339 1655 1393 citare
1667 1339 1759 1411 (num.
1783 1337 1839 1410 ui),

125 1406 233 1463 toriae
264 1407 337 1475 giem
355 1404 644 1476 praecinentibus.»
664 1409 773 1465 aureos
789 1407 954 1478 hujusmodi
1011 1408 1121 1462 Crucem
1143 1410 1292 1479 biacopton
1315 1407 1525 1481 (num366Jet
1549 1409 1672 1465 similia,
1696 1410 1747 1467 Sed
1770 1424 1844 1467 con-

122 1476 207 1533 ciano
233 1490 283 1533 seu
308 1476 411 1533 limbos
439 1477 548 1533 tunicis
569 1484 684 1536 assutos
710 1493 762 1548 pro
784 1481 863 1546 regio
879 1492 956 1535 more
1011 1479 1318 1550 trahendasuntvela,
1332 1494 1368 1537 ne
1382 1480 1554 1549 opusculum
1577 1480 1715 1537 reddatur
1738 1480 1839 1538 obser-

123 1548 273 1617 episcopis
283 1548 472 1617 diaconisquc
482 1554 510 1602 et
523 1549 712 1607 subdiaconis
725 1550 957 1620 posioblationes
1011 1551 1161 1606 nationum
1176 1552 1330 1620 appendix,
1353 1559 1381 1607 et
1404 1566 1439 1607 cx
1463 1551 1676 1623 prolegomenis
1699 1557 1841 1608 tractatus

124 1620 293 1688 principum
326 1617 362 1674 ab
397 1619 524 1674 Ecclesia
549 1620 675 1688 adjectos
708 1622 816 1693 regium
847 1622 955 1677 Christi
1014 1621 1220 1692 procuduntur.

123 1690 253 1760 signnm,
269 1703 341 1745 erun
364 1689 517 1756 sciliceta
539 1707 595 1759 quc
615 1694 750 1760 reqneoit,
775 1693 954 1763 condecorat,
1046 1693 1179 1747 Cbariam
1194 1693 1292 1762 itaque
1304 1691 1472 1748 donationis
1489 1690 1627 1760 proteram
1641 1692 1751 1749 additis
1766 1693 1843 1748 inter

120 1760 189 1830 inre
200 1760 316 1830 praelata
330 1759 506 1830 imaginibus
520 1761 802 1833 Augustorumque
818 1766 848 1818 in
862 1764 997 1855 lazio-'3
1013 1775 1102 1818 uncos
1116 1761 1430 1833 comisationibusque
1450 1764 1479 1817 in
1493 1762 1669 1819 bibliotheca
1686 1764 1842 1821 barberina

126 1844 192 1886 rum
210 1832 286 1903 regis
299 1831 398 1886 tunica
416 1832 670 1903 instinnsaliiqne
685 1834 830 1902 principes
847 1835 876 1889 iu
894 1835 957 1889 sois
1012 1834 1149 1904 leguntur
1170 1833 1273 1902 partim
1295 1833 1563 1902 increscentes
1587 1834 1711 1891 rotundo
1736 1835 1843 1891 ebara-

123 1901 259 1958 donariis
272 1901 307 1957 ad
328 1900 480 1958 foederatos
494 1902 593 1958 missis
613 1904 832 1973 impresserant,
853 1911 957 1960 comet
1012 1911 1089 1960 ciere
1107 1904 1302 1975 typographus
1322 1905 1484 1973 exprimet,
1511 1905 1615 1974 partim
1644 1905 1779 1974 ascriptae
1805 1905 1841 1960 ab

125 1972 185 2041 ipsi
207 1971 344 2043 Augusti,
371 1973 500 2042 exemplo
523 1975 705 2030 Constantini
735 1976 840 2047 edocti,
873 1977 958 2047 regiae
1011 1975 1238 2046 eruditoaliquo
1261 1975 1333 2033 viro.
1350 1974 1483 2032 fortassis
1506 1974 1542 2029 ab
1570 1977 1633 2044 ipso
1652 1977 1798 2042 Suaresio,
1814 1982 1843 2031 et

123 2042 276 2099 stolaesuae
293 2044 486 2112 imposuerint
503 2043 636 2100 divinum
651 2045 760 2102 Christi
775 2059 959 2112 monogram-
1013 2046 1064 2102 lias
1083 2044 1213 2117 obliquo,
1243 2059 1294 2101 seu
1313 2049 1426 2116 corsivo,
1456 2051 1489 2102 ut
1513 2046 1612 2103 italice
1628 2053 1740 2118 nocant,
1759 2046 1839 2104 reddi

124 2127 182 2177 ma,
207 2114 363 2170 videndum
388 2114 418 2168 in
446 2114 581 2182 pectorali
604 2124 770 2173 ornamento
794 2118 902 2173 tustini
926 2131 959 2173 ac
1012 2117 1129 2174 corabo.

122 2185 286 2242 iustiniani
300 2185 526 2242 numismatibus
540 2186 727 2257 insculptum.

738 2616 906 2690 culnia
942 2613 1233 2686 CORNUTIANA.

874 2836 1084 2850 ψ

162 3026 317 3097 Exemplar
328 3031 501 3087 authenticae
515 3034 631 3102 cbartae,
646 3034 721 3089 unde
745 3032 881 3103 colligere
895 3044 957 3087 eam
1012 3030 1124 3100 apsida,
1136 3035 1164 3086 et
1175 3031 1211 3086 de
1224 3028 1386 3100 parietibus
1397 3028 1472 3098 ipsis
1487 3042 1536 3098 per
1549 3042 1654 3100 sepem,
1665 3042 1729 3100 quae
1741 3028 1840 3083 hortos

124 3115 288 3185 potuimus,
303 3118 430 3175 ecclesie
444 3120 638 3187 Cornutiauae,
652 3121 795 3190 videlicet,
810 3126 842 3176 ut
857 3119 957 3175 divino
1013 3118 1239 3189 inquilinorum,
1253 3119 1303 3188 qui
1319 3117 1348 3172 in
1369 3117 1506 3173 Praetorio
1521 3122 1710 3184 commanent,
1725 3114 1841 3171 videtur

122 3202 294 3261 ministerio
306 3206 440 3277 subjecti,
454 3214 660 3278 competentem
675 3210 788 3279 possint
801 3217 829 3265 et
848 3208 956 3263 deloco
971 3203 996 3271 G
1013 3206 1135 3271 munire,
1156 3219 1220 3276 quae
1245 3205 1323 3274 sepis
1343 3204 1493 3261 descendit
1521 3217 1570 3274 per
1596 3216 1690 3273 regam
1712 3208 1779 3258 ante
1803 3201 1837 3256 ad

122 3292 173 3347 cni
190 3293 322 3349 serviunt
337 3294 441 3351 habere
456 3296 660 3354 substantiam.
678 3298 760 3354 illico
781 3309 896 3368 quoque
911 3297 958 3352 de-
1010 3293 1088 3348 viam
1108 3307 1215 3362 cavam,
1241 3293 1303 3348 sive
1326 3292 1361 3348 ad
1383 3293 1498 3360 Torum,
1525 3306 1589 3362 quae
1603 3291 1783 3361 reditusque
1801 3290 1835 3344 ad

125 3392 229 3435 corum
246 3385 381 3450 putamus
394 3388 427 3438 ut
450 3383 647 3442 luminaribus
663 3386 801 3455 templum
824 3383 956 3456 quotidie
1010 3395 1108 3438 arcum
1125 3396 1213 3452 supra
1230 3382 1389 3452 scriptum,
1406 3386 1438 3437 ut
1451 3381 1527 3437 inter
1545 3393 1640 3450 sepem
1655 3385 1683 3434 et
1699 3379 1775 3435 viam
1785 3392 1838 3434 ca-

124 3466 236 3524 divinae
248 3469 401 3542 religionis
416 3478 546 3542 ornetur,
561 3479 590 3529 et
605 3473 809 3546 ingruentibus
820 3487 879 3543 prae
889 3478 957 3528 tem·
1010 3485 1074 3527 vam
1099 3477 1163 3543 post
1175 3472 1288 3543 apsida,
1309 3470 1470 3540 supradicti
1484 3470 1584 3526 clerici
1600 3468 1700 3525 hortos
1723 3468 1838 3538 possint

125 3567 229 3625 porum
242 3557 419 3628 prolixitate,
436 3562 509 3617 artis
521 3561 652 3633 (sartum)
668 3569 784 3630 tectum,
801 3561 957 3632 reparatio
1011 3560 1124 3617 babere.
1140 3562 1276 3618 Praeterea
1301 3560 1398 3616 eadem
1414 3559 1548 3630 largitate
1562 3557 1650 3615 oilero
1677 3555 1792 3628 fundos,
1809 3557 1838 3613 id

124 3644 215 3715 nique
229 3654 363 3716 sumptus
387 3648 440 3704 boc
455 3655 552 3705 nostro
573 3663 691 3705 munere
716 3649 839 3705 collatus
858 3650 956 3705 deesse
1008 3656 1052 3706 est
1065 3649 1185 3706 fundum
1205 3649 1406 3718 callicianum,
1423 3661 1518 3705 casam
1535 3661 1647 3715 novam,
1658 3660 1752 3703 casam
1766 3647 1837 3702 Pra-

123 3747 182 3790 non
211 3735 315 3805 possit.
346 3736 458 3806 Quibus
488 3736 573 3794 rebus
600 3751 742 3809 congruas
768 3751 955 3808 procuramus
1009 3739 1153 3807 ti,casam
1176 3738 1309 3808 Marturi,
1335 3750 1429 3805 casam
1446 3736 1584 3808 Crispini,
1601 3735 1721 3792 tondum
1736 3736 1841 3791 Boari-

122 3836 276 3893 expensas,
294 3830 326 3879 ut
337 3825 508 3896 obsequium
520 3833 649 3883 nostrum
674 3826 955 3897 possitpropitiatio·
1009 3833 1122 3898 cum,et
1133 3841 1226 3883 casam
1237 3839 1362 3896 pressam
1373 3826 1403 3881 in
1421 3825 1568 3895 provincia
1581 3823 1840 3880 licinil'iburtino

123 3924 188 3967 nem
203 3911 370 3969 divinitatis
386 3919 499 3969 mereri.
511 3917 571 3984 Qua
584 3916 816 3972 consideratione
840 3928 955 3984 permo-
1010 3916 1159 3972 territorio
1170 3916 1355 3972 constitutos.
1368 3915 1487 3970 lieiineo
1498 3928 1582 3970 usum
1593 3912 1718 3970 fructum
1734 3913 1764 3969 in
1780 3913 1838 3967 vita

123 4008 182 4071 tus,
198 3999 307 4073 largior
319 4009 416 4059 tenore
430 4007 580 4073 praesentis
607 4006 717 4076 pagioae
732 4005 860 4061 ecclesie
881 4005 955 4061 Gor·
1010 4018 1083 4074 mea,
1099 4005 1193 4061 cidem
1207 4004 1343 4061 Ecclesiae
1361 4003 1513 4060 catbolicae
1531 4003 1736 4073 proprietatem
1750 4001 1839 4070 buius

122 4089 281 4146 bunnensi
298 4103 397 4148 massae
409 4092 487 4161 juris
507 4094 627 4150 nustria
643 4106 687 4149 me
708 4094 771 4164 ipso
790 4094 841 4150 Dei
859 4092 955 4149 lavore
1008 4092 1139 4164 epistota
1160 4093 1318 4166 largitione
1339 4091 1549 4161 transcribens,
1563 4105 1596 4147 ea
1611 4092 1672 4163 iege
1687 4098 1716 4148 et
1730 4090 1835 4147 condi-

122 4181 152 4233 et
161 4178 310 4247 juvamine
324 4181 500 4250 constituta,
512 4190 599 4253 atque
621 4181 756 4251 lundaiae,
779 4182 807 4238 id
826 4187 870 4237 est
883 4179 956 4237 ion-
1009 4184 1097 4251 tione,
1114 4187 1147 4239 ut
1158 4196 1223 4239 cum
1240 4184 1327 4238 etiam
1343 4180 1457 4239 fructus
1471 4185 1537 4252 post
1550 4179 1662 4236 obitum
1677 4192 1771 4236 meum
1786 4191 1838 4234 ca-

122 4267 193 4324 dum
209 4273 368 4340 paternum,
385 4272 544 4340 blaranum,
559 4270 680 4328 lundam
705 4277 830 4328 montem
856 4275 955 4341 pater·
1009 4272 1217 4343 pereeoeperit,
1233 4271 1398 4329 aosibimet
1419 4271 1584 4340 vindicore3
1601 4281 1657 4326 non
1678 4267 1772 4325 solum
1788 4281 1840 4324 so-

123 4370 207 4426 num,
223 4354 344 4417 iondum
368 4373 463 4416 casam
476 4361 578 4417 blartis
599 4359 720 4417 lundam
740 4366 876 4432 vegetem,
902 4359 951 4429 qni
1009 4359 1129 4417 lemnem
1141 4360 1523 4434 modoagnoscatdscalium
1537 4358 1725 4426 lunationem,
1739 4370 1838 4413 verum

121 4449 169 4502 est
181 4457 249 4502 oasa
262 4447 424 4520 Proiectici,
444 4454 472 4505 ei
497 4448 618 4506 laudum
638 4448 813 4506 Batilianum
828 4448 954 4519 (excepta
1008 4448 1097 4505 etiam
1119 4451 1352 4521 propagationem
1371 4447 1539 4515 formarum,
1566 4461 1630 4517 quae
1651 4445 1686 4502 ab
1701 4444 1839 4502 omnibus

122 4533 260 4605 sigillosa
276 4534 336 4591 dila
357 4538 517 4607 anastasii,
534 4543 562 4593 et
574 4538 638 4593 l’lce
653 4536 717 4607 (imo
727 4536 816 4608 picae)
829 4536 955 4593 Colono-
970 4537 1137 4612 ndominis
1151 4538 1318 4605 huiusmodi
1345 4536 1518 4607 praediorum
1532 4535 1656 4604 dependi
1670 4534 1829 4589 consuevit.

122 4636 304 4694 numquam
327 4626 389 4694 iuri
417 4631 515 4683 nostro
539 4626 715 4682 retinuimus
737 4632 824 4697 atque
843 4627 954 4683 retine·
1008 4626 1303 4697 impendcargenium
1318 4637 1434 4695 quoque
1447 4623 1481 4678 ad
1496 4629 1629 4680 ornatum
1645 4620 1772 4690 ejusdem
1786 4634 1837 4676 ec-

122 4709 213 4781 mus).
231 4712 384 4769 Provincia
395 4714 489 4770 Pioini
509 4713 620 4786 (Piceni)
631 4713 785 4771 Tiburtino
806 4715 954 4771 territorio
1008 4716 1114 4786 ciesiae,
1128 4714 1170 4771 vel
1184 4713 1378 4770 celebritatem
1397 4711 1589 4782 suprascripti
1604 4709 1838 4781 mysteriisacro·

120 4800 309 4873 constitutos,
327 4817 450 4873 puraeac
464 4805 583 4875 directae
596 4804 784 4861 liberalitatis
796 4804 882 4860 titulo
893 4818 955 4875 pos·
1006 4807 1109 4873 sancti,
1127 4805 1157 4858 in
1170 4804 1215 4858 iris
1234 4802 1348 4859 scilicet
1366 4801 1527 4871 speciebus,
1546 4799 1574 4854 id
1591 4805 1635 4855 est
1649 4803 1779 4868 patenam
1792 4810 1837 4852 ar-

119 4889 262 4946 sideodos
279 4903 343 4946 cum
358 4891 495 4949 omnibus
508 4894 542 4949 ad
565 4892 831 4964 sepertinentibus,
845 4898 874 4948 et
885 4907 951 4949 cum
1007 4899 1145 4964 genteam,
1175 4891 1294 4948 calicem
1321 4896 1486 4963 argenteum
1520 4889 1655 4958 majorem
1686 4900 1705 4950 i,
1731 4884 1836 4941 calices

120 4978 203 5033 omni
224 4978 290 5048 iure
306 4980 449 5037 instructo
473 4987 559 5053 atque
582 4983 772 5039 instrumento
796 4994 858 5049 suo,
875 4982 953 5037 sicut
1004 4986 1154 5053 argenteos
1165 4981 1291 5037 minores
1305 4994 1335 5045 u,
1358 4992 1475 5043 urceum
1498 4982 1675 5049 argenteum,
1690 4973 1834 5031 bamulam

120 5067 187 5135 ipse
202 5069 346 5140 possideo,
357 5071 512 5128 cumomni
523 5071 637 5127 scilicet
656 5085 741 5128 onere
761 5067 951 5141 professionis
1005 5069 1186 5142 oblatorium,
1202 5069 1309 5141 colum,
1331 5068 1590 5131 thimiamaterion,
1605 5067 1738 5137 pharum,
1763 5075 1835 5119 cun-

118 5170 193 5226 snae,
219 5157 264 5214 vel
296 5161 476 5230 necessitate,
498 5173 583 5231 quam
609 5166 719 5218 certum
747 5166 791 5217 est
815 5158 951 5216 lormesia
1007 5146 1121 5214 tirarum
1145 5165 1312 5231 argenteum
1334 5171 1400 5214 cum
1419 5158 1529 5213 catems
1544 5163 1572 5213 et
1585 5153 1735 5226 delphinis
1749 5165 1832 5221 xviii,

119 5248 296 5318 (sementia)
308 5251 414 5318 praedia
427 5251 581 5306 sustinere.
596 5251 742 5307 Donamus
758 5250 845 5306 etiam
856 5248 949 5305 eidem
1005 5260 1129 5306 coronas
1138 5254 1287 5319 argenteas
1303 5261 1342 5309 ιι,
1357 5259 1423 5301 cum
1434 5244 1577 5302 catenulis
1592 5244 1698 5301 suiset
1715 5241 1835 5312 delphi-

118 5334 252 5392 ecclesia
272 5337 365 5394 solum
377 5338 406 5393 in
421 5352 478 5409 quo
491 5340 651 5395 constituta
661 5343 714 5410 cst,
726 5353 791 5394 cum
806 5350 871 5394 area
887 5350 951 5409 sua,
1007 5338 1054 5394 nis
1064 5350 1124 5405 iiiii,
1140 5335 1297 5391 cicindelas
1312 5338 1461 5406 argenteas
1475 5348 1491 5388 ι
1515 5346 1580 5389 cum
1594 5330 1737 5389 catenulis
1753 5330 1831 5386 suis.

116 5425 727 5498 etapraedictiPretoriijurcseparamus,
748 5426 826 5483 etad
849 5425 954 5484 iacien·
1006 5428 1154 5484 stantarea
1184 5423 1320 5495 (πηδάρια)
1351 5428 1497 5494 argentea,
1537 5429 1566 5479 et
1593 5422 1623 5478 in
1654 5417 1835 5477 confessione

115 5515 174 5570 dos
204 5513 303 5570 bortos
326 5516 369 5571 vei
395 5516 559 5573 babitacnia
577 5517 693 5574 clericis
724 5515 953 5586 custodibusque
1007 5522 1101 5573 ostrea
1111 5519 1244 5585 argentea
1264 5526 1296 5582 n,
1313 5526 1379 5568 cum
1393 5512 1467 5568 clari
1483 5525 1552 5568 sua:
1580 5521 1834 5583 quaeomnesspe-

116 5603 276 5676 largimur,
293 5605 377 5661 idest
392 5620 408 5661 a
424 5619 492 5662 cava
503 5620 598 5677 arcus,
612 5608 661 5678 qui
684 5607 812 5662 mittitur
823 5606 857 5662 ad
874 5607 953 5661 Prae-
1007 5605 1067 5660 cies
1084 5607 1246 5673 appensatae
1262 5601 1368 5658 babent
1380 5603 1415 5657 ad
1428 5606 1563 5656 stateram
1579 5598 1708 5654 urbicam
1721 5595 1833 5669 argenti

117 5691 244 5761 terium,
256 5694 398 5751 eideinde
408 5708 456 5765 per
465 5695 597 5765 parietes.
610 5696 660 5767 qui
674 5701 774 5752 contra
783 5694 952 5751 Pretorium
1008 5692 1103 5764 pondo
1116 5691 1329 5763 quinquaginta
1344 5695 1469 5761 quatuor
1479 5687 1591 5745 uncias.
1605 5687 1716 5758 Septem
1728 5685 1835 5756 pharos

117 5781 278 5838 redeuntes
302 5795 397 5838 aream
426 5783 554 5839 ecelesiae
579 5783 730 5855 claudunt,
757 5797 850 5854 usque
874 5789 954 5839 trans
1007 5796 1111 5839 aereos:
1128 5782 1202 5838 duos
1215 5779 1351 5837 babentes
1364 5778 1519 5849 delphinos
1533 5780 1652 5834 octonos
1668 5781 1696 5831 et
1716 5773 1833 5829 bermo-
