3892 6136
100 245 160 339 '79⁴
508 253 555 309 AD
573 254 789 315 anastasiani
808 258 1065 319 Pnoaaaoitant
1081 261 1170 321 aon.
1191 264 1409 323 non-vitta.
1769 261 1808 323 794

150 370 229 427 Anni
263 374 454 444 Imperatores,
491 378 630 445 consutas,
652 379 791 435 itomana-
830 382 909 437 Anni
953 387 983 446 A
1026 386 1105 441 444444·
1132 389 1361 456 Christianorum,
1386 392 1543 448 Judaorrem
1564 398 1590 448 et
1611 393 1673 461 1444-
1718 392 1791 448 Anci

128 443 255 499 Pantul.
296 462 368 514 ram,
393 462 436 503 res
461 453 543 517 aesta
563 455 588 505 et
617 451 789 508 documenta.
862 454 893 508 ti.
910 453 938 510 C.
1012 456 1118 530 Olnntp.
1184 465 1312 518 timorum
1343 466 1517 534 paratorum,
1541 466 1692 535 Pontifices,
1732 468 1793 521 Cra

132 518 159 571 et
172 515 235 573 lad.

254 786 384 843 44444444
412 785 554 865 Augusto]
581 806 654 846 anno
677 793 799 863 septimo,

249 881 312 946 post
330 876 502 933 consolatam
519 879 578 949 aas
596 881 800 949 Auaaetianno

253 966 343 1028 tertio,
357 965 511 1022 indictione
521 969 735 1038 quintadecima,
749 970 801 1024 ob-

251 1054 406 1112 sidentibus
423 1057 614 1126 Lanaobardis
636 1060 801 1130 Neapolita-

250 1160 314 1199 nam
345 1146 490 1201 ciuitatem.
513 1145 649 1204 mabillon
681 1148 800 1205 analect

250 1233 318 1289 Torn
333 1235 367 1306 11,
391 1249 418 1306 p.
443 1231 485 1303 44,
502 1247 536 1291 444
550 1234 654 1293 Codice
673 1251 726 1294 44.
748 1239 800 1294 64-

250 1321 344 1379 blioth
359 1323 639 1383 San-Germanensis.

140 1733 212 1796 5295
283 1741 344 1811 imp
366 1740 411 1797 Ti.
432 1741 724 1818 Constantinusilug
748 1759 797 1802 cos
835 1742 904 1802 l33i
955 1775 981 1836 Β
1072 1751 1080 1793 1

145 1825 219 1904 ΘΒ
251 1842 327 1886 anno
346 1843 408 1901 4444,
437 1831 574 1903 quiebit
602 1830 635 1889 44
661 1833 796 1905 Augusti,
836 1831 905 1891 4355

140 1918 177 1990 θ
197 1916 231 1976 43
256 1927 352 1978 evecto
369 1922 450 1991 44444
473 1923 507 1979 ad
524 1924 681 1997 Augustam
695 1925 796 1998 digni-

138 2012 163 2065 44
253 2017 338 2069 tatem
347 2013 388 2070 Τ4.
401 2013 555 2084 Mannum,
566 2015 614 2071 eui
628 2014 716 2071 tiliam
727 2014 796 2071 Con·

129 2099 221 2156 indict
246 2103 391 2159 santinam
408 2118 524 2163 uxorem
541 2105 639 2162 tradit.

175 2204 211 2244 444
283 2192 368 2247 Sacra
383 2194 561 2267 Pragmatica
572 2194 681 2251 Tiberii
697 2193 736 2251 ita
750 2195 797 2251 si-

148 2274 200 2333 444
248 2286 374 2352 gnatus:
407 2284 477 2339 Data
501 2286 579 2340 tertio
603 2285 644 2341 ld.
674 2286 797 2353 Auaasti

246 2368 493 2442 Constantinopoli,
532 2377 708 2444 imperatoris
737 2376 796 2429 llo-

148 2510 150 2514 ,
244 2461 314 2515 mini
347 2460 448 2515 liberii
478 2464 650 2520 Constantini
678 2467 798 2534 Auaasti

246 2565 320 2605 aneto
360 2551 439 2618 Viti,
474 2556 500 2607 et
524 2559 587 2622 post
622 2570 695 2609 cons.
736 2555 795 2622 ejus

244 2653 317 2693 anno
345 2642 435 2710 tertio,
465 2647 490 2695 et
512 2642 675 2696 nobilissimi
706 2642 796 2696 Flavii

245 2729 373 2784 Mauritii
396 2730 557 2785 Felicissimi
579 2730 695 2786 (laseris
721 2747 795 2786 anno

246 2831 345 2885 premo.

137 2902 209 2963 tato
281 2907 340 2977 Imp
363 2909 395 2963 li
414 2909 562 2965 blaaritias
584 2924 660 2968 anno
684 2909 696 2966 4
719 2915 747 2966 44
764 2909 791 2967 i.
833 2909 902 2968 4335

144 2995 223 3071 444
277 2997 356 3054 Licet
383 3000 512 3056 caruerit
543 3001 719 3058 Consulibus
746 3001 794 3056 4444
832 2998 901 3057 4336

140 3082 177 3157 0
197 3082 230 3140 44
249 3099 353 3157 44444,
373 3088 423 3158 qui
440 3090 593 3162 signantur
612 3090 641 3146 in
657 3091 793 3159 nummis,

158 3175 178 3230 C
249 3188 314 3232 eum
332 3183 430 3234 narrat
444 3178 654 3236 Auctorcnron
670 3182 797 3236 Alexan-

138 3264 232 3320 lndiet
251 3265 318 3321 4444
335 3266 507 3337 inscriptum
525 3267 633 3326 luisse:
650 3272 713 3325 Post
728 3270 797 3326 Cons

169 3367 179 3406 1
248 3354 351 3411 diuina
372 3372 441 3411 mem
465 3359 505 3412 Pi.
531 3357 706 3414 Constantini
724 3375 797 3415 anno

142 3445 167 3496 et
187 3454 207 3497 44
245 3449 354 3513 quarto.
395 3446 452 3518 Pag
484 3445 512 3503 44.
543 3460 571 3501 4.
607 3445 641 3517 4,
674 3461 797 3519 sequens

244 3539 338 3589 tamen
360 3547 454 3592 annus
477 3535 620 3592 4444444
642 3536 738 3594 Ciron
753 3537 798 3593 si-

250 3627 378 3693 gnatur:
422 3625 487 3679 Post
534 3625 711 3682 Consulatum
755 3628 797 3682 Pi.

250 3713 379 3768 Mauritii
397 3714 520 3782 Auansti
548 3717 633 3770 solius
656 3717 680 3769 l.
707 3715 800 3786 Quare

250 3799 351 3854 consul
372 3800 528 3857 4444444444
552 3802 799 3860 444444444444

251 3892 315 3956 post
334 3886 361 3940 44.
378 3902 405 3944 4.
431 3888 501 3944 Vide
524 3890 620 3945 Naris.
646 3890 681 3945 de
702 3893 756 3961 Syn
772 3905 797 3947 4.

251 3988 279 4043 p.
295 3971 340 4046 93,
354 3989 388 4032 444
402 3976 567 4032 Simocatta.

287 4063 466 4135 Langobardi
483 4072 546 4135 nost
562 4067 731 4125 necennium
744 4068 799 4125 sub

251 4151 377 4208 ducibus
391 4160 522 4210 exactum
535 4169 627 4226 regem
636 4162 734 4213 creant
743 4161 800 4214 Aa·

250 4239 352 4295 tharim
378 4243 574 4299 veronensium
595 4244 688 4300 dacem
704 4260 800 4304 mense

251 4329 354 4386 Martio
367 4347 373 4385 :
385 4331 421 4388 44
431 4345 488 4402 quo
499 4333 697 4390 Panriniusex
709 4337 797 4393 Paulo

249 4418 320 4475 Diae
332 4421 393 4493 agit
405 4420 544 4493 antiquit.
556 4423 646 4481 Veron
661 4423 680 4480 l.
693 4439 719 4486 4,
731 4440 756 4482 4.
766 4425 794 4483 8.

286 4507 459 4582 smaragdus
477 4512 625 4570 Exarchus
639 4515 672 4585 ll,
690 4513 718 4571 in
736 4517 796 4572 lta-

251 4597 320 4655 liam
356 4598 494 4657 mittitur.
528 4603 635 4660 4444444
667 4605 734 4662 Fast
760 4619 794 4663 444

250 4688 431 4747 9444444444.

141 4772 212 4833 5994
284 4779 344 4849 444
358 4779 417 4835 644
432 4780 477 4836 Ti.
500 4783 656 4841 4144444444
678 4798 754 4844 4444
775 4784 793 4844 i
833 4785 902 4846 4336

834 4875 902 4934 4334

147 4868 184 4943 ξ)
204 4864 222 4924 5
249 4864 316 4938 443,
332 4882 367 4923 ex
381 4870 508 4926 numnis
523 4872 723 4932 idemconsul.

140 4952 224 5028 0⁴5
277 4957 377 5014 annus
400 4973 525 5029 praesens
551 4963 581 5018 in
604 4963 697 5021 caron
726 4965 796 5022 4444

140 5045 162 5098 Β
180 5045 204 5099 n
247 5045 381 5117 signatur
397 5053 460 5118 post
479 5050 630 5108 consulum
650 5055 792 5126 444444ῑί4,

133 5133 222 5188 iadiet
252 5141 283 5190 ut
297 5135 363 5191 card
383 5137 467 5194 Noris
488 5138 668 5197 4444444444
687 5143 742 5214 Syn
767 5159 794 5198 4.

159 5235 180 5278 44
255 5220 796 5296 493444444444444444444444444444

139 5316 164 5366 et
179 5325 211 5368 444
249 5312 419 5384 insignitus.
437 5315 478 5371 lbi
491 5329 525 5373 ex
538 5316 703 5390 simocatta,
716 5323 793 5393 quod

246 5401 351 5472 Pagius
364 5401 558 5462 4444444444
570 5407 792 5481 Theoplrylacto.

278 5487 463 5558 Cirilpericus
486 5493 661 5552 Francorum
687 5512 734 5554 444
764 5501 792 5559 ir.

242 5590 269 5634 4.
283 5582 438 5640 444444444.
454 5582 495 5638 lbi
510 5598 538 5638 n.
553 5583 596 5640 46.

838 530 902 580 ante

826 600 852 651 et
861 600 924 667 post

834 667 907 723 Palil

951 3142 975 3203 d

950 4522 976 4583 D

1184 537 1277 603 lienes,
1293 542 1425 604 resecata
1445 542 1470 591 et
1488 537 1661 591 documenta.
1710 537 1800 594 tonsa

1140 748 1185 804 444
1204 754 1232 805 44
1253 750 1405 823 Euagrium
1427 765 1443 807 a
1459 751 1547 824 Pagio
1563 750 1677 822 arodu-

1140 843 1201 895 ctos
1213 839 1248 894 44
1268 841 1295 895 n.
1309 854 1336 895 4.
1353 854 1382 896 4.
1399 837 1441 896 44.

1174 927 1313 985 Sirmium
1328 930 1429 985 Avaris
1442 943 1457 986 a
1472 930 1610 986 nonanis
1623 930 1677 987 de-

1139 1016 1242 1073 ditum.
1274 1018 1316 1074 464
1345 1035 1372 1075 4.
1401 1017 1445 1089 45,
1470 1032 1504 1075 44
1520 1020 1677 1077 ilenandro

1138 1106 1262 1164 Proteet:
1272 1123 1325 1180 pag
1340 1105 1402 1166 445.

1173 1199 1283 1255 ilarius
1298 1199 1452 1270 episcopus
1465 1198 1676 1267 aventicensis,

1140 1301 1191 1344 seu
1212 1287 1412 1357 lausanensis,
1429 1288 1480 1359 qui
1502 1288 1678 1358 subscripsit

1138 1379 1265 1435 coneilio
1301 1379 1503 1436 matisconensi
1544 1393 1563 1435 44
1602 1392 1677 1435 4444

1136 1465 1199 1537 585,
1225 1469 1252 1524 lr.
1276 1483 1302 1525 4.
1323 1469 1497 1526 chronicum
1518 1483 1603 1525 suum
1624 1467 1678 1524 ab-

1138 1558 1225 1614 444444
1237 1559 1412 1616 4444444444
1425 1558 1557 1630 Prosperi
1570 1558 1674 1616 cirron.

1137 1647 1202 1720 Pag.
1221 1647 1272 1717 ibi,
1289 1664 1307 1704 n
1322 1645 1365 1704 44.

1172 1739 1279 1812 Pelagii
1295 1737 1311 1794 4
1326 1736 1389 1795 445.

1174 1830 1201 1884 S.
1219 1829 1378 1900 Eutychius
1391 1831 1458 1885 Patr
1470 1829 1678 1886 Constantino-

1138 1917 1287 1988 politanus
1306 1920 1368 1975 obit
1390 1917 1408 1975 6
1428 1918 1550 1989 Aprilis,
1573 1927 1680 1990 etpost

1136 2008 1199 2063 4444
1224 2023 1274 2064 sex
1301 2011 1422 2065 loannes
1446 2009 1602 2074 4444444444,
1628 2009 1679 2079 qui

1135 2098 1283 2168 ieiunator
1310 2098 1408 2155 444444
1438 2105 1492 2163 444,
1529 2110 1679 2155 successor

1135 2193 1332 2245 consecratur.
1348 2189 1419 2246 vide
1434 2190 1552 2262 Pagium
1573 2202 1601 2246 n.
1617 2186 1636 2244 6
1651 2195 1680 2244 44

1137 2279 1262 2348 sequa.

1170 2368 1264 2424 Chron
1290 2369 1359 2425 4444
1384 2369 1510 2425 Caesarea
1534 2369 1679 2440 dignitate

1135 2462 1252 2514 auctum
1276 2459 1444 2515 4444444444
1470 2463 1571 2514 narrat
1590 2454 1680 2514 dieb

1134 2549 1270 2621 Augusti,
1282 2550 1332 2606 lnd
1345 2564 1391 2619 44,
1404 2555 1433 2605 44
1444 2553 1613 2606 444444444
1625 2547 1680 2603 44·

1136 2643 1251 2711 gustum
1273 2640 1321 2696 die
1345 2636 1388 2710 43,
1404 2644 1433 2694 44
1452 2639 1501 2694 444
1526 2652 1577 2710 seq
1599 2650 1681 2693 444-

1136 2737 1216 2785 4444
1234 2729 1267 2785 Τι
1287 2729 1519 2785 Constantinum.
1536 2729 1607 2785 Vide
1622 2729 1679 2800 Pag

1135 2819 1163 2874 44.
1180 2832 1206 2874 a.
1220 2833 1287 2874 num
1302 2816 1329 2874 9.

1170 2909 1277 2981 Pelagii
1294 2908 1311 2965 ii
1325 2914 1353 2966 et
1367 2908 1393 2967 6.
1726 2901 1808 2963 aa!

1170 3001 1360 3056 terremotus
1375 3005 1458 3056 atrox
1479 2999 1682 3056 constantino-

1138 3089 1194 3158 poll
1207 3089 1273 3144 dien
1287 3089 1354 3144 44444
1365 3089 1393 3144 li.
1405 3102 1431 3144 a.
1444 3089 1536 3157 neimo
1546 3089 1590 3144 Ti.
1600 3091 1678 3145 4444-

1139 3178 1202 3233 ritii
1228 3185 1404 3235 memoratur
1427 3192 1443 3234 a
1466 3177 1680 3250 theophylacto

1137 3266 1179 3322 lib
1205 3281 1234 3329 11,
1259 3282 1283 3323 e.
1307 3265 1350 3335 44,
1371 3273 1399 3323 44
1420 3268 1611 3339 Theophane:
1629 3267 1680 3339 qni

1136 3356 1246 3412 addunt
1271 3357 1388 3428 Legatos
1411 3358 1533 3414 444444
1557 3371 1573 3413 4
1594 3358 1682 3413 4444-

1139 3443 1680 3517 4444444444444444444444444444444

1137 3533 1341 3591 distributioni
1364 3533 1400 3593 80
1424 3551 1460 3592 4.
1486 3535 1546 3592 4444
1569 3533 1618 3605 40,-
1642 3550 1679 3592 4.

1137 3623 1326 3681 adderentur.
1356 3628 1482 3698 negante
1504 3628 1681 3698 imperatore
1708 3630 1716 3638 ’

1139 3711 1192 3769 hoc
1206 3714 1434 3772 additamentum
1449 3716 1556 3773 Avares
1570 3714 1679 3773 bellurn

1138 3801 1306 3871 decernunt,
1344 3805 1544 3875 Singidonem.
1576 3806 1681 3877 Augu-

1139 3896 1221 3956 4444,
1245 3900 1272 3949 44
1292 3893 1484 3952 Viminacium
1501 3901 1678 3965 expugnant.

1138 3982 1208 4038 Vide
1219 3982 1337 4053 Pagium
1353 3983 1381 4038 h.
1395 3996 1420 4039 a.
1438 3997 1465 4039 n.
1484 3980 1556 4041 liet
1569 3982 1614 4042 45.

1173 4072 1337 4128 Persecutio
1362 4072 1499 4129 Ecclesiae
1522 4073 1678 4131 Catholicae

1138 4174 1153 4215 a
1178 4161 1343 4234 Leovigildo
1372 4176 1436 4236 rege
1461 4162 1624 4221 Gothorum
1648 4164 1677 4221 ln

1137 4250 1285 4322 llispania.
1300 4251 1342 4308 lbi
1359 4250 1467 4309 4449.

1170 4789 1385 4864 perteneat.
1719 4771 1793 4843 584

1169 4881 1250 4936 cirea
1267 4881 1355 4951 hujus
1369 4882 1437 4938 anni
1455 4883 1552 4944 linem.
1568 4882 1613 4940 rel
1627 4895 1673 4939 se-

1134 4972 1250 5041 quentis
1267 4971 1383 5027 initium
1401 4972 1428 5027 S.
1445 4973 1607 5045 Gregorius
1622 4974 1673 5029 Pe·

1134 5060 1203 5129 44444
1216 5061 1295 5129 Papae
1308 5061 1519 5131 apocrisiarius
1530 5062 1673 5120 Constan-

1133 5148 1255 5219 tinopoli
1273 5151 1387 5206 444444
1411 5151 1496 5208 44444.
1519 5153 1671 5225 Pagiusad

1134 5237 1162 5292 h.
1177 5249 1204 5292 a.
1220 5251 1248 5292 n.
1264 5238 1297 5294 43
1309 5241 1343 5296 44
1360 5254 1442 5312 quem
1459 5248 1554 5299 exstat
1564 5242 1669 5313 Pelagii

1133 5327 1254 5398 epistola
1271 5342 1305 5384 ex
1327 5331 1448 5387 Baronio
1469 5344 1538 5388 num
1552 5330 1587 5389 45
1607 5332 1671 5389 data

1133 5430 1160 5473 44
1172 5418 1232 5474 Non
1245 5418 1298 5474 Oet
1312 5421 1361 5475 ind
1378 5433 1410 5475 444
1423 5422 1480 5492 Pag
1491 5435 1521 5476 n.
1540 5418 1583 5478 i3.

1168 5507 1277 5565 Bellum
1302 5508 1446 5566 Persicum
1468 5512 1667 5568 continuatur.

1133 5596 1176 5652 lbi
1190 5611 1220 5653 n.
1234 5594 1277 5654 45.
