3892 6136
121 262 156 323 9¹1
887 262 1077 322 Pitdliihiio.
1790 274 1840 334 m·

120 383 274 456 imaginem
290 396 379 442 unam
394 388 447 442 aut
463 384 583 442 alteram
598 384 646 443 hic
661 383 859 456 representari
875 386 981 446 ceu-A
999 384 1156 469 diligenter
1170 385 1298 459 inspecto
1318 386 1501 461 numismate,
1517 402 1609 463 eoque
1622 394 1692 451 totis
1713 396 1825 470 ingenti

120 477 163 530 set
178 474 320 530 Baronms
332 487 368 530 ex
380 474 494 532 duabus
506 488 579 546 quas
590 489 624 531 eu
646 479 763 548 argento
784 472 946 531 eliormatas
1000 472 1122 545 Viribus,
1138 475 1215 531 omni
1228 475 1360 533 adhibito
1378 477 1582 549 experimento,
1607 485 1781 557 percognito,
1796 482 1825 537 et

120 562 212 633 pondo
227 562 370 619 librarum
388 560 440 620 lab
458 568 486 620 et
502 561 563 634 tib,
585 563 740 621 altitudine
754 577 821 621 tero
842 564 946 634 pedum
1000 561 1147 632 explorato
1158 565 1346 634 praesentibus
1357 565 1419 623 illis
1430 567 1527 639 etiam,
1544 568 1660 638 quosob
1672 571 1827 643 singulari·

120 653 260 724 quinque,
289 653 394 709 statuit
408 644 743 724 MagnusCohslantinus
771 654 801 709 iu
825 651 947 708 basilica
1000 654 1086 705 tatem
1115 653 1300 710 numismatis
1327 653 1461 711 nonnihil
1480 654 1516 711 de
1539 656 1698 727 impostura
1714 660 1824 729 pulsari

119 741 316 812 lateranensi,
343 743 581 812 quemadmodum
597 743 626 798 in
650 743 714 798 Vita
729 742 860 798 silvestri
885 753 948 797 mc-
1001 739 1097 796 animo
1112 747 1248 806 senserat,
1262 743 1369 800 nullam
1381 758 1499 814 prorsus
1512 745 1584 802 ineo
1594 743 1721 804 fraudem
1732 749 1826 809 inesse

119 835 210 886 morat
226 830 275 885 bic
290 829 376 886 Liber
388 830 564 887 Pontibealis
577 845 655 888 num.
671 829 723 888 36:
739 850 754 884 r
769 832 860 901 liujus
872 836 949 886 mm·
1001 826 1173 886 affirmavit:
1200 832 1247 888 sed
1264 833 1340 889 sicut
1362 832 1398 890 ab
1422 833 1500 889 omni
1524 848 1643 906 prorsus
1658 836 1824 908 imposturae

118 917 240 989 poribus
255 917 542 977 leoirConsianiinus
554 921 702 993 Augustus
713 920 850 977 basilicas
865 920 946 990 istas,
1002 917 1167 988 suspicione
1194 924 1339 978 ostensum
1366 923 1510 979 numisma
1533 923 1617 981 scitis
1640 926 1826 1000 probatisque

119 1022 191 1080 quas
216 1015 246 1065 et
261 1010 386 1065 ornarit.
412 1009 563 1066 Basilicam
586 1010 863 1080 Constantinianum,
895 1009 946 1067 ubi
1003 1003 1824 1082 rationibusvindicarit,itaconrradicentiumanimorum

117 1098 216 1167 posuit
241 1099 297 1153 ista
320 1097 406 1154 dona.
434 1099 591 1171 Fasiigium
616 1107 780 1172 argenteum
800 1098 944 1165 battutile,
1002 1093 1125 1153 latebras
1135 1098 1228 1167 palam
1240 1098 1319 1173 lecit,
1335 1115 1367 1157 ea
1388 1103 1527 1159 nimirum
1542 1115 1577 1158 ex
1591 1117 1677 1161 causa
1700 1105 1772 1163 iilud
1785 1107 1822 1165 ab

117 1186 192 1257 quod
204 1184 293 1242 babet
305 1186 336 1242 in
352 1185 446 1243 ironie
463 1188 635 1245 salvatorem
658 1188 801 1245 sedentem
824 1188 853 1243 in
877 1187 947 1244 sella
1003 1182 1076 1253 ipsis
1090 1185 1293 1262 improbatum,
1311 1195 1344 1247 nt
1358 1196 1473 1262 possent
1485 1191 1584 1248 viliori
1600 1206 1692 1250 emere
1711 1196 1822 1266 pretio:

117 1268 145 1331 in
162 1273 288 1345 pedibus
302 1274 329 1345 5,
347 1289 425 1348 pens.
440 1276 531 1332 libras
550 1274 610 1334 lud.
626 1277 780 1333 Duodecim
802 1277 947 1348 apostolos
1001 1273 1076 1343 quud
1094 1275 1155 1346 ipse
1167 1278 1253 1348 probe
1274 1282 1433 1353 cognitum,
1448 1281 1651 1354 examinatum,
1674 1285 1824 1355 probatum

117 1365 146 1420 in
165 1365 270 1437 quinis
292 1365 424 1438 podibus,
447 1367 497 1437 qui
514 1372 704 1438 pensaverunt
725 1366 835 1439 singuli
855 1366 946 1425 libras
1000 1364 1136 1434 omnique
1149 1380 1183 1422 ex
1197 1373 1275 1437 parte
1287 1370 1475 1441 approbatum
1491 1370 1526 1426 ab
1540 1369 1702 1430 heredibus
1717 1388 1825 1445 posses·

117 1467 282 1526 nonagenas
306 1470 372 1513 cum
399 1456 514 1513 coronis
541 1457 652 1529 argenti
688 1456 849 1528 purissimi.
876 1458 944 1513 item
1000 1452 1084 1523 soris,
1097 1461 1211 1526 erogato
1229 1459 1304 1528 quod
1319 1460 1464 1530 petierunt
1480 1459 1582 1530 pretio,
1605 1461 1675 1518 emit
1689 1467 1824 1535 atqneex

116 1555 132 1599 a
149 1548 232 1615 tergo
255 1545 416 1615 respiciens
436 1546 465 1601 in
487 1545 588 1602 absida
608 1546 779 1602 salvatorem
800 1546 943 1602 sedentem
998 1555 1030 1598 eo
1046 1557 1130 1600 suum
1144 1545 1337 1605 nobilissimis
1360 1548 1554 1607 monumentis
1575 1551 1823 1612 confertissimum

117 1631 147 1687 iu
155 1631 299 1689 thronoin
310 1633 431 1704 pedibus
439 1633 704 1706 quinisexargento
716 1635 883 1707 purissimo,
891 1635 942 1706 qui
999 1645 1127 1689 museum
1143 1637 1338 1694 exornandum
1354 1641 1504 1709 putavit.»

116 1719 394 1792 praestitutio.»
956 1729 982 1791 Β
1033 1723 1219 1794 Prosequitur
1244 1725 1348 1783 deinde
1369 1729 1510 1789 baronius
1532 1747 1676 1806 exponens
1699 1735 1824 1791 adversa

147 1808 193 1867 54.
203 1813 237 1867 in
247 1811 501 1882 primahnnaiium
509 1812 713 1870 editioneanni
723 1811 801 1884 libi,
814 1817 883 1871 tom.
895 1816 941 1886 111,
999 1810 1086 1881 hujus
1098 1814 1189 1883 partis
1201 1815 1376 1887 epigraphen
1389 1838 1396 1875 :
1409 1819 1537 1885 Saluset
1553 1839 1614 1894 spes
1624 1824 1746 1879 dirutus
1762 1825 1826 1880 iter·-

115 1914 177 1973 pag.
192 1898 260 1972 2⁴5,
276 1902 435 1959 cardinalis
447 1904 597 1974 baronius,
617 1904 762 1960 disserens
781 1904 816 1960 de
830 1903 944 1975 proles-
993 1901 1121 1972 publicae
1139 1902 1244 1958 SALVS
1258 1905 1301 1959 ET
1325 1907 1406 1962 SPES
1427 1909 1464 1964 Χ.
1490 1910 1733 1981 interstruam
1758 1924 1822 1983 qne

116 1991 195 2047 sione
220 1990 396 2047 Christianae
419 1991 570 2064 religionis
590 2006 606 2049 a
627 1993 728 2063 Crispo
752 1999 890 2064 suscepte
913 1993 943 2049 in
996 1989 1822 2063 Christignomencompendioseeontinentihdraecalittera

116 2079 297 2151 baptismate,
311 2080 425 2137 illustre
436 2082 637 2150 documentum
650 2082 816 2153 ejusdemsc
829 2091 942 2139 nactum
998 2080 1034 2151 X,
1048 2092 1081 2135 eo
1102 2080 1216 2151 seculo,
1237 2087 1265 2137 et
1284 2081 1529 2154 subsequentibus
1545 2091 1684 2158 usurpata
1696 2086 1730 2142 ad
1747 2087 1822 2145 illud

117 2167 205 2226 luisse
219 2168 374 2226 affirmarit
392 2170 446 2228 boc
457 2171 486 2226 iu
503 2172 691 2228 numismate:
710 2171 784 2243 quod
797 2171 943 2243 plerisque
997 2168 1224 2240 exprimendum,
1234 2170 1277 2226 uti
1289 2172 1462 2229 sedouuisse
1471 2174 1581 2244 pridem
1590 2176 1822 2233 memoratetiam

115 2258 466 2328 antiquariisaetatissuae
480 2259 941 2332 videbaturquidemantiquum3
997 2258 1156 2314 exiuliano
1170 2259 1201 2314 in
1223 2259 1413 2332 ttisopogone.
1436 2282 1450 2314 r
1470 2263 1545 2320 Usus
1561 2269 1659 2334 postea
1681 2264 1820 2333 obtinuit,

114 2347 160 2403 sed
180 2360 249 2403 cum
263 2347 413 2405 nonnullis
428 2354 591 2419 suspectum
613 2347 696 2419 loret,
711 2348 747 2404 ab
759 2350 856 2406 eodem
873 2364 943 2420 pro-
998 2346 1104 2418 inquit,
1122 2347 1194 2403 ut‘X
1213 2347 1394 2416 elementum,
1413 2351 1487 2421 quod
1511 2365 1598 2423 super
1611 2351 1720 2409 Christi
1735 2358 1823 2425 caput

114 2436 245 2493 ducendo
258 2437 405 2494 abstinere
417 2443 485 2495 tunc
497 2439 609 2509 maluit,
621 2451 656 2495 ne
667 2439 696 2494 in
707 2440 770 2495 suis
780 2439 942 2497 Annalibus
996 2435 1031 2491 ab
1042 2436 1260 2507 antiquioribus
1274 2440 1379 2508 apponi
1400 2440 1472 2496 solet
1484 2442 1520 2498 ad
1534 2454 1636 2499 nomen
1653 2443 1761 2500 Christi
1776 2443 1823 2500 si-

114 2525 274 2597 quidquam
299 2526 472 2583 obbruderet
496 2527 571 2599 quod
607 2527 748 2585 laboraret
776 2528 941 2599 suspicione
996 2524 1203 2598 guihoandum,
1220 2525 1295 2582 idem
1311 2532 1408 2597 postea
1425 2526 1514 2586 luerit
1526 2530 1623 2587 eadem
1637 2533 1673 2589 de
1687 2545 1774 2589 causa
1791 2533 1822 2589 in

115 2614 268 2671 mendacii.
283 2615 524 2672 Triennioautem
540 2621 613 2687 post,
626 2631 692 2674 cum
702 2617 854 2674 adornaret
866 2617 941 2674 altc-
995 2615 1155 2672 diademate
1164 2615 1345 2687 collocatum,
1356 2630 1447 2689 eoque
1462 2619 1545 2676 modo
1556 2626 1695 2693 aptatum,
1708 2627 1741 2678 ut
1752 2636 1823 2679 cru-

115 2716 171 2759 ram
193 2704 294 2774 operis
316 2704 484 2775 editionem,
501 2710 577 2762 tomo
598 2707 684 2762 tertio
709 2706 783 2762 idem
797 2707 942 2763 numisma
996 2703 1166 2761 cisiormam
1177 2706 1358 2778 exprimeret,
1369 2708 1554 2780 cumaiioqui
1567 2709 1823 2782 inantiquioribus
1884 2696 1893 2707 ’

115 2792 291 2864 produxitet
302 2793 470 2865 illustravit,
483 2801 619 2866 tauquam
630 2795 806 2852 vindicatum
817 2796 852 2852 ab
863 2797 941 2852 omni
997 2793 1152 2851 salvatoris
1168 2796 1257 2851 nostri
1272 2796 1448 2868 imaginibus
1462 2811 1578 2868 parrum
1600 2799 1708 2871 absque
1723 2800 1822 2872 aliquo

114 2881 243 2952 periculo
261 2888 291 2938 ei
311 2883 479 2953 suspicione
494 2881 607 2940 fraudis
628 2885 799 2941 auctoritate
813 2885 943 2942 omnium
999 2882 1082 2954 signo
1106 2883 1237 2941 diadema
1252 2884 1281 2941 in
1309 2886 1423 2942 modum
1446 2888 1564 2958 sphaerae
1591 2889 1754 2946 inveniatur
1768 2903 1823 2947 ex-

115 2971 360 3043 antiquariorum,
372 2977 463 3043 etprae
472 2973 695 3044 eaeoeris,i‘ulvii
707 2973 814 3044 Ursini,
826 2974 944 3031 illorum
1001 2987 1139 3044 pressum,
1153 2987 1217 3031 cum
1230 2974 1425 3033 additamento
1449 2982 1542 3034 umen
1559 2978 1642 3048 juxta
1657 2979 1751 3049 posito
1768 2993 1823 3038 no-

116 3058 198 3116 lacile
212 3061 360 3132 principis
372 3074 405 3117 ea
422 3067 600 3132 tempestate:
619 3063 669 3135 qui
686 3064 809 3134 pretioa
828 3078 945 3135 posses-
961 3059 986 3123 ti
1002 3064 1090 3121 minis
1105 3064 1231 3120 Christi:
1249 3079 1306 3136 quo
1330 3066 1354 3122 si
1375 3071 1479 3130 careat,
1496 3074 1564 3124 tunc
1577 3069 1650 3125 illud
1677 3070 1707 3126 in
1719 3069 1822 3126 diade-

114 3150 228 3207 soribus
237 3152 399 3208 constituto
409 3152 843 3224 nibildetrahens,comparavit
856 3169 946 3226 quan·
1001 3159 1075 3210 mate
1090 3154 1252 3211 inveniatur
1263 3168 1312 3226 per
1324 3156 1351 3211 Χ
1362 3162 1456 3213 notam
1472 3158 1634 3228 appositum
1645 3157 1700 3232 (Χ).
1716 3177 1730 3210 n

116 3239 260 3309 liplnrimi
284 3239 475 3297 lectissimum
495 3242 549 3298 hoc
571 3243 726 3313 numisma,
749 3247 777 3299 et
792 3243 822 3299 in
837 3243 943 3300 celebri
1033 3241 1078 3300 55.
1101 3245 1164 3300 Haeo
1179 3243 1412 3301 omniaiibenter
1434 3246 1624 3316 produximus
1641 3261 1675 3303 ex
1692 3247 1822 3304 historiae

117 3341 210 3384 museo
222 3340 279 3384 suo
294 3331 434 3400 reposuit,
451 3330 562 3386 adactis
573 3331 659 3387 etiam
677 3331 777 3402 paucis
788 3331 850 3388 iilis
862 3334 944 3389 anti·
998 3331 1198 3388 ecclesiasticae
1213 3333 1379 3389 restitutore
1391 3335 1524 3405 baronio,
1540 3340 1571 3391 ut
1583 3348 1638 3391 non
1652 3335 1734 3392 modo
1748 3336 1821 3403 eius

117 3417 370 3491 quariissubiestae
382 3418 459 3490 fidei,
471 3420 520 3491 qui
533 3421 568 3477 de
580 3419 724 3477 industria
732 3422 901 3479 revocabant
912 3423 941 3477 iu
996 3422 1059 3477 dem
1075 3420 1211 3493 suliragio
1225 3422 1272 3477 sed
1288 3422 1374 3478 etiam
1387 3423 1516 3493 exemplo
1528 3426 1671 3478 constaret
1681 3427 1821 3492 quantum

117 3508 235 3565 dubium
247 3510 359 3566 nummi
372 3510 584 3582 antiquitatem,
600 3510 739 3567 uttiiiori
753 3512 845 3583 pretio
857 3526 942 3569 suunt
996 3512 1136 3581 adiiciant
1160 3510 1294 3566 momenti
1326 3524 1359 3565 ac
1383 3509 1517 3578 ponderis
1541 3509 1687 3565 historicae
1705 3510 1820 3567 veritati

118 3595 250 3670 iacerent,
265 3599 301 3654 ad
313 3596 481 3671 suffragium
496 3600 608 3656 sincere
618 3600 766 3657 terendum
780 3601 816 3658 de
829 3602 944 3657 indubi·
997 3600 1121 3672 genuina
1142 3603 1332 3666 monumenta,
1349 3597 1374 3651 si
1389 3596 1610 3668 ascriptoribus
1620 3599 1818 3657 consulantur.

119 3693 167 3743 tate
191 3688 252 3744 bde
266 3689 451 3745 mouumenti.
467 3690 585 3745 Praestat
608 3690 756 3746 coronidis
771 3689 833 3747 loco
858 3691 942 3748 verba
996 3689 1074 3744 Unde
1084 3687 1183 3760 colligi
1196 3699 1310 3742 neeesse
1321 3692 1364 3743 est
1372 3700 1457 3759 quatu
1469 3687 1590 3744 lideliter
1601 3689 1822 3760 perscripserint

119 3776 178 3833 dare
202 3777 429 3834 eminentissimi
454 3779 607 3848 scriptoris
623 3793 685 3851 pag.
701 3777 755 3836 233
774 3779 844 3836 tomi
862 3780 941 3836 tertii
995 3781 1126 3834 auctores
1153 3777 1280 3833 vitarum
1305 3790 1354 3846 per
1366 3790 1399 3832 ea
1423 3777 1539 3848 saecula,
1560 3777 1668 3849 quibus
1690 3783 1822 3849 poterant

119 3867 246 3923 secundae
267 3867 536 3925 editionisnumero
559 3865 602 3939 t3,
620 3876 769 3941 postquam
787 3883 820 3925 ea
842 3869 943 3927 retulit
996 3871 1057 3923 tum
1071 3880 1088 3922 a
1102 3865 1305 3936 scriptoribus,
1321 3870 1382 3922 tum
1395 3879 1412 3921 a
1427 3865 1582 3923 lectoribus
1596 3867 1760 3924 eorumdem
1771 3881 1823 3923 ar-

120 3970 174 4026 quae
189 3956 350 4027 scripserat
364 3958 394 4013 in
411 3957 503 4028 prima
514 3957 643 4014 editione
654 3966 720 4015 ante
736 3959 903 4016 triennium.
997 3957 1125 4029 gumenti
1141 3955 1235 4026 capita
1250 3951 1338 4011 lernie
1358 3955 1474 4028 singula
1488 3956 1613 4013 conferri
1632 3969 1698 4014 cum
1718 3969 1822 4029 super·

148 4047 241 4103 «haec
254 4046 382 4116 quidem,
403 4047 509 4118 inquit,
525 4061 577 4103 nos
593 4048 621 4103 in
633 4048 726 4119 prima
740 4049 868 4105 editione
881 4063 943 4119 pro·
996 4047 1116 4103 stitibus
1132 4046 1226 4117 iisque
1247 4044 1372 4115 publicis
1395 4045 1587 4102 documentis.
1606 4045 1701 4102 Placet
1723 4060 1758 4103 eu
1769 4046 1822 4103 hoc

119 4131 180 4189 lessi
196 4147 311 4206 sumus,
326 4134 395 4191 dum
408 4135 443 4191 de
458 4137 646 4207 germanitate
662 4137 846 4194 numismatis
861 4151 942 4209 quae-
998 4136 1061 4207 ipso
1085 4135 1257 4192 numismate
1275 4133 1444 4191 confirmare
1467 4148 1551 4206 quam
1578 4134 1663 4191 iacile
1686 4135 1773 4192 simul
1794 4140 1823 4193 et

117 4223 169 4278 stio
181 4230 360 4280 verteretur:
379 4226 408 4279 in
427 4238 484 4295 qua
502 4225 637 4281 tutiorem
661 4225 741 4281 illam
754 4233 862 4297 parum
877 4227 941 4282 eui·
997 4232 1162 4282 accuratum
1183 4224 1328 4294 judicium
1354 4223 1469 4295 utrique
1491 4229 1621 4294 paratum
1635 4224 1771 4282 baberent
1792 4224 1822 4282 in

117 4313 308 4383 stimavirnus,
329 4328 387 4386 qua
407 4315 503 4371 omnis
518 4314 587 4371 licet
608 4315 761 4372 levissimae
776 4316 943 4387 imposturae
999 4315 1177 4385 inspectione
1191 4313 1345 4385 equalium
1360 4313 1607 4370 documentorum.

117 4403 245 4473 suspicio
261 4403 377 4473 penitus
392 4404 550 4461 tolleretur.
561 4405 631 4462 Cum
645 4405 788 4477 sicigitur
798 4407 828 4462 in
842 4405 944 4462 eaedi-
958 4439 985 4502 Β
1033 4405 1183 4460 Numisma
1195 4402 1290 4473 Crispi
1303 4402 1457 4459 alimonio
1479 4404 1661 4476 productum,
1684 4403 1823 4462 beneficio

117 4492 191 4548 hone
207 4492 298 4562 hujus
315 4493 384 4549 tomi
405 4495 529 4551 Romana
545 4495 760 4552 nobilissimum
775 4496 870 4567 Crispi
884 4509 943 4552 nu·
998 4493 1161 4565 Borghesiae
1174 4494 1285 4563 ⁸domus
1311 4492 1387 4548 aetati
1416 4496 1520 4549 nostrae
1545 4498 1746 4564 preservatum
1768 4499 1820 4551 est.

117 4581 216 4638 misma
228 4581 416 4639 omiserimus
428 4585 469 4655 (in
479 4587 604 4653 margine
620 4584 718 4639 addit:
734 4585 870 4642 Eustabat
884 4598 943 4642 nu·
997 4584 1065 4653 Ejus
1079 4582 1220 4654 inspectio
1231 4595 1283 4638 nos
1295 4581 1396 4638 docuit
1410 4586 1547 4639 statutam
1563 4581 1642 4638 illam
1662 4582 1692 4639 in
1705 4584 1823 4640 adversa

117 4670 217 4727 misma
232 4671 264 4727 in
288 4685 344 4728 aare
357 4673 433 4742 apud
453 4675 602 4731 horatium
622 4674 774 4746 Tigrinum
794 4675 830 4731 de
841 4676 943 4732 diariis
997 4677 1077 4744 parte
1098 4674 1242 4730 sedentem
1263 4671 1339 4728 inter
1357 4672 1431 4728 duos
1444 4671 1568 4729 Caesares
1591 4676 1710 4744 stantes,
1725 4671 1824 4729 nimbo

117 4760 182 4817 dum
194 4761 314 4834 vireret)
327 4762 402 4833 quod
421 4762 457 4818 de
472 4764 535 4832 ejus
547 4765 743 4820 sinceritatea
764 4764 939 4836 quibusdam
996 4769 1136 4833 ornatam,
1163 4763 1270 4819 elevata
1285 4762 1402 4818 deutera
1435 4761 1660 4832 benedicentem,
1682 4760 1822 4817 eterucis

117 4851 318 4921 dubitaretur3
331 4851 415 4908 modo
428 4859 522 4909 autem
537 4854 626 4909 veluti
642 4853 757 4923 pulvere
770 4854 848 4910 omni
859 4854 943 4910 dubi·
997 4851 1112 4922 signum
1128 4852 1216 4906 hastae
1228 4852 1395 4922 impositum
1406 4851 1526 4907 sinistra
1543 4863 1628 4905 manu
1652 4853 1820 4921 gestantem,

117 4940 235 4996 tationis
247 4953 378 5010 excusso,
396 4942 487 4997 evicta
499 4942 588 4998 veluti
602 4956 698 5015 causa,
713 4957 804 5014 operae
817 4944 942 5013 pretium
997 4939 1098 4996 rel'erri
1113 4939 1214 4995 debere
1229 4940 1272 4995 vel
1283 4940 1317 4995 ad
1328 4939 1474 4996 Christum
1485 4937 1648 5006 Dominum,
1669 4941 1702 4994 ut
1712 4937 1823 5008 putarit

116 5043 166 5084 uos
180 5027 311 5086 facturos
320 5031 496 5102 putavimus,
509 5032 534 5088 si
550 5032 674 5089 hocloco
689 5032 761 5088 illud
776 5033 805 5088 in
819 5034 943 5089 secema
997 5030 1146 5099 Baronius,
1160 5029 1213 5099 vel,
1231 5033 1263 5085 ut
1276 5028 1370 5099 aliqui
1385 5028 1506 5098 malunt,
1523 5026 1557 5081 ad
1571 5026 1731 5098 principem
1750 5041 1824 5099 apo-

115 5118 243 5176 editione
256 5121 450 5191 reponendum
459 5135 636 5194 curaremus,
648 5136 682 5178 eu
696 5136 729 5178 eo
744 5123 819 5194 quod
829 5123 943 5179 amicis·
997 5122 1136 5181 stolorum
1150 5125 1178 5176 et
1190 5119 1329 5176 ricarium
1341 5132 1424 5175 suurn
1442 5117 1472 5173 in
1484 5117 1610 5175 Ecclesia
1621 5116 1820 5174 constitutum.

115 5207 207 5265 simus
231 5221 314 5264 meus
337 5208 458 5266 Fulvius
484 5210 616 5283 Ursinus,
639 5225 734 5268 rerum
757 5212 942 5283 antiquarum
999 5211 1144 5270 Utrumtis
1157 5210 1309 5281 exprimat,
1322 5207 1516 5264 indubitatum
1535 5207 1644 5264 estboc
1658 5207 1687 5262 in
1707 5205 1824 5263 numis-

116 5297 326 5355 solertissimus
344 5298 509 5369 explorator
530 5300 574 5370 iad
597 5315 680 5371 quem
707 5301 795 5357 veluti
823 5300 943 5372 Lydium
999 5294 1840 5370 matetestimoniumChristianareliglonlspubliceexer·'

116 5385 240 5457 lapidem
253 5402 384 5461 quequae
395 5396 488 5446 vetera
503 5397 685 5446 monumenta
699 5391 843 5461 probanda
857 5390 947 5451 eluci.
999 5394 1064 5450 citae
1085 5390 1139 5448 sub
1161 5388 1358 5459 Constantino,
1383 5393 1536 5458 antequam
1550 5385 1670 5454 Crispus
1694 5384 1821 5453 ejusdem

115 5480 267 5552 dandaque
278 5480 376 5537 ademi
392 5479 494 5550 solent,
506 5482 630 5551 cujusce
642 5481 719 5552 apud
733 5495 776 5539 me
787 5483 946 5541 auctoritas
1000 5484 1080 5541 lilius
1091 5483 1199 5538 l'austae
1213 5492 1340 5537 noteroae
1352 5478 1497 5536 calumnia
1508 5479 1665 5531 necaretur.
1682 5475 1823 5534 Barouius

119 5570 278 5640 plurimum
297 5570 392 5642 talei),
414 5571 450 5626 de
471 5571 526 5627 bac
550 5584 580 5626 re
601 5572 752 5629 consultus
780 5573 897 5644 sepius,
917 5581 946 5634 et
997 5577 1089 5653 putat,
1119 5570 1162 5628 uti
1177 5570 1319 5644 diximus,
1340 5567 1450 5627 Christi
1476 5563 1592 5623 bomini
1618 5563 1772 5639 imaginem
1791 5565 1821 5622 in
