3892 6136
128 288 160 356 to
881 283 1072 348 suasano.
1383 272 1414 362 j
1612 354 1617 361 ,
1784 244 1821 354 ao

132 416 211 492 bique
221 415 330 490 positis,
354 416 414 472 mm
430 412 462 473 iu
475 412 614 488 catalogis
631 415 795 493 memoratis
810 428 894 488 qnam
910 415 941 473 ln
954 411 1099 488 Ateperit
1115 412 1240 486 primum
1256 414 1435 492 catalognm3
1451 429 1486 475 ex
1501 413 1611 475 indicio
1621 412 1818 488 praefectorum

135 508 239 567 Eusebii
252 506 393 563 chronico
407 510 437 562 et
450 505 588 575 Historia,
600 507 697 564 eodem
717 507 820 564 saculo
833 505 941 577 scripta
998 506 1115 577 perinde
1124 520 1158 563 ac
1171 520 1206 563 ex
1221 508 1337 564 notione
1360 506 1512 564 consulum
1526 507 1649 578 epochas
1663 511 1818 579 martyrum

140 614 189 672 quo
200 595 430 669 priorcatalogus
442 594 590 666 edebatur,
610 596 846 653 demonstratilla
860 600 942 652 state
996 591 1132 667 (adeoque
1155 601 1184 653 et
1208 595 1387 669 pontificum)
1412 596 1511 670 colligi
1538 610 1619 665 posse
1643 602 1820 668 compertum

94 728 96 735 -
143 686 295 760 superfuisse
307 685 493 743 indiculoset
512 686 681 742 documenta
694 687 872 744 notariorum
885 689 942 744 lic-
996 684 1078 742 toret.
1095 685 1309 756 Quartoantem
1334 686 1561 744 saecnloChristi
1584 687 1654 743 dnm
1668 687 1821 759 catalogus

94 770 97 861 p
147 777 364 839 autumnans,
383 775 458 831 nude
469 775 625 846 scriptores
639 774 767 848 catalogi
778 789 833 832 non
845 776 942 832 miuus
998 776 1078 845 prior
1102 776 1346 843 conscribebatur‚
1375 777 1475 833 seriem
1505 774 1701 851 prefectorum
1730 774 1821 834 luisse

148 874 323 936 enumquam
341 863 486 921 Eusebius
501 863 703 937 chonologiam
718 869 746 922 et
758 866 860 922 seriem
875 879 942 936 pou·
997 870 1172 937 perspectam
1182 867 1477 939 arguitiragmcntnm
1494 867 1567 925 illud
1582 880 1756 938 praa-servans
1772 880 1821 939 per

149 953 452 1012 tiicnmconcinnarcnt.
996 954 1106 1011 solidos
1127 969 1217 1012 annos
1238 961 1353 1012 centnm
1376 954 1508 1028 singulos
1532 969 1720 1012 successores.
1743 956 1821 1011 Hauc

175 1040 208 1098 ll.
219 1043 315 1097 Verum
329 1040 395 1111 quis
419 1039 533 1097 dubitet
558 1043 641 1097 aetate
653 1041 770 1099 Ensebii
786 1045 814 1098 ct
834 1042 941 1113 prioris
995 1056 1061 1100 vero
1074 1045 1323 1118 consuetudinem,
1344 1046 1404 1102 sire
1418 1045 1504 1102 etiam
1519 1045 1716 1102 necessitatem
1734 1044 1823 1101 bisto-

148 1129 284 1202 datalogiad
295 1128 442 1185 Liberium
457 1129 696 1202 pertingentium
707 1131 833 1188 Ecclesia
844 1131 942 1188 lloma-
996 1131 1084 1188 ricam
1099 1135 1212 1190 eosdem
1228 1135 1413 1207 magistratus
1431 1134 1670 1191 commemorandi
1687 1133 1822 1207 ingestis

149 1218 460 1278 mustitisseindiculos
475 1220 942 1297 annorumetconsnlatunm,nni
995 1222 1129 1279 Ecclesiae
1143 1224 1271 1296 riguisse
1284 1224 1347 1281 dixi
1362 1228 1445 1281 aetate
1467 1223 1502 1280 ab
1526 1223 1664 1294 apostolis
1681 1223 1820 1294 proxima.

148 1307 361 1380 cuiqucpontiilci
372 1307 606 1378 assignatorum?
615 1323 680 1366 cnm
690 1309 760 1366 hcta
772 1314 938 1382 martyrum,
995 1311 1092 1384 Neque
1105 1313 1134 1369 id
1153 1313 1242 1370 moris
1254 1315 1333 1384 insto
1347 1314 1492 1371 maturina
1505 1327 1522 1369 a
1534 1327 1578 1369 me
1588 1312 1719 1370 inchoari
1736 1312 1823 1384 qnis-

148 1399 183 1469 qni
196 1397 445 1468 louaprssertim
464 1395 648 1468 patiebantur
659 1402 742 1456 atate
756 1399 941 1470 abapostolis
996 1401 1072 1473 piam
1089 1405 1211 1473 reputet,
1227 1417 1292 1458 cnm
1319 1402 1493 1475 evangelicis
1518 1402 1645 1460 oraculis
1658 1402 1820 1472 doceamus,

149 1487 258 1557 proxima,
273 1500 399 1558 persaepc
411 1486 573 1556 exprimant
593 1488 711 1545 nomina
726 1489 876 1545 consulum
890 1493 941 1545 ant
995 1503 1011 1545 a
1036 1491 1137 1547 divino
1159 1491 1270 1560 Spiritu
1298 1492 1434 1549 dictatam
1461 1492 1589 1564 regulam
1605 1491 1646 1547 ita
1664 1489 1821 1548 deliniendi

149 1574 315 1646 prefectorum
337 1575 418 1645 Urbi,
434 1579 486 1631 ant
498 1574 613 1646 imperii
629 1577 804 1649 principum,
820 1583 848 1634 et
863 1579 939 1635 diem
994 1579 1117 1650 epochas
1127 1579 1285 1636 illustrium
1299 1587 1443 1653 gestorum
1458 1581 1579 1651 Christi,
1594 1581 1714 1652 ejusque
1728 1578 1823 1636 disci-

147 1664 269 1735 passiouis.
282 1666 312 1721 ln
322 1664 404 1721 dctis
416 1664 507 1721 sancti
519 1664 634 1737 Ignatii,
650 1678 678 1721 n.
697 1663 755 1723 iet
768 1680 795 1722 n.
811 1664 940 1723 8editio
997 1669 1140 1740 pulornm.
1162 1670 1272 1726 Natalis
1284 1670 1399 1727 Domini
1415 1671 1602 1743 consignatus
1616 1684 1633 1726 a
1647 1671 1674 1726 S.
1688 1668 1821 1725 blattbaeo

147 1753 323 1812 nislluinartii
341 1753 465 1826 legimus
487 1768 601 1827 quoque
621 1768 726 1812 annum
744 1755 860 1826 imperii
874 1771 939 1813 cnm
953 1740 980 1801 Β
995 1757 1101 1831 (liutto.
1119 1760 1138 1833 1)
1154 1774 1204 1829 per
1214 1774 1305 1818 annos
1318 1766 1477 1832 postremos
1489 1760 1569 1832 regni
1580 1759 1700 1817 llerodis
1714 1758 1820 1831 biagni,

145 1842 284 1900 consulibus
298 1843 454 1914 pariatnm.
466 1846 550 1900 Facto
568 1848 659 1899 autem
674 1849 738 1900 sunt
751 1844 806 1900 haec
818 1843 862 1900 dic
876 1850 941 1901 onte
994 1862 1011 1905 a
1028 1850 1055 1905 S.
1075 1850 1151 1906 Luca
1166 1849 1313 1905 indicatur
1335 1864 1384 1920 per
1404 1850 1627 1919 descriptionem
1643 1849 1775 1918 primam,
1787 1861 1821 1904 ex

144 1945 181 1987 nn
192 1933 246 1987 liul.
261 1934 413 1987 sensurias
420 1933 632 2003 praesidentibus
645 1934 721 2004 opud
739 1937 872 1990 Romanos
883 1935 941 2004 Sy·
995 1938 1090 1994 edicto
1105 1937 1228 2009 hugusti
1242 1935 1345 1994 iactam
1356 1937 1477 2007 praeside
1486 1937 1574 2007 Syriae
1586 1936 1690 2007 cyrino
1700 1934 1766 2004 (buc
1779 1935 1821 2006 ιι).

144 2020 313 2076 mnSenecio
328 2021 446 2076 secundo
469 2018 520 2092 (ita
544 2020 648 2078 habent
672 2036 750 2079 nuru.
766 2021 793 2092 8,
821 2028 940 2080 numero
995 2027 1129 2097 EJusdem
1153 2026 1313 2096 baptismus
1325 2039 1357 2081 ac
1383 2024 1681 2095 praedicatioloannis
1698 2021 1822 2081 refertur

142 2108 238 2167 ruunt
247 2111 399 2182 scribitur)
410 2114 473 2182 post
484 2127 587 2166 annum
597 2116 727 2181 quartum
738 2108 839 2185 [lluin.
853 2115 940 2170 corri-
996 2115 1030 2172 ad
1040 2113 1435 2186 annumqnintumdecimum
1449 2112 1564 2181 imperii
1574 2111 1820 2182 TiberiiCacsarls,

141 2199 173 2268 git
186 2197 292 2274 nonum]
311 2201 439 2268 Trcjuni,
455 2201 567 2269 ejusque
580 2201 710 2273 uictorias
730 2200 764 2255 dc
787 2200 941 2270 Scythissa
997 2206 1168 2274 procurante
1189 2203 1291 2260 Pontio
1306 2202 1398 2258 Pilato
1412 2202 1548 2271 induam,
1571 2200 1714 2257 tetrarcha
1726 2203 1821 2256 antem

141 2287 269 2343 tirouous
283 2284 432 2362 [intellige
447 2289 539 2361 Ducis]
556 2292 715 2360 reportatas
725 2303 758 2347 ea
772 2291 937 2363 contigisse.
996 2291 1121 2349 Galilaeae
1130 2292 1249 2361 Herode,
1261 2291 1499 2361 Philippoantem
1509 2289 1668 2361 fratreejns
1678 2289 1821 2345 tetrarcha

138 2375 264 2433 tlSosius
276 2376 396 2433 Senecio
421 2378 460 2433 111
481 2381 508 2433 ct
523 2380 552 2434 L.
569 2378 702 2436 Licinius
723 2378 796 2436 Sura
823 2381 846 2435 ll
859 2379 936 2436 Coss.
996 2382 1105 2437 ltnraeae
1118 2385 1146 2436 et
1156 2378 1372 2436 Trachonitidis
1385 2379 1522 2452 regionis,
1534 2384 1563 2436 et
1572 2378 1688 2450 Lysinia
1699 2377 1821 2434 livilinae

133 2477 194 2520 auno
210 2464 324 2536 Traiani
354 2469 457 2537 quarto
484 2473 693 2539 processerunt,
717 2471 746 2525 ct
768 2467 939 2539 interposito
996 2471 1149 2539 tetrarcha,
1177 2468 1230 2525 snb
1257 2467 1441 2540 principibus
1471 2467 1651 2525 sacerdotum
1679 2467 1760 2523 hnna
1792 2471 1821 2522 ct

132 2552 314 2624 quinquennio
324 2568 390 2610 cunr
400 2555 729 2626 nonusannusejusdem
742 2556 941 2627 imperiilabe
995 2558 1102 2629 caipha
1113 2557 1188 2629 (buc.
1206 2557 1266 2629 ιιι);
1280 2558 1365 2628 cujns
1385 2558 1472 2614 etiam
1487 2557 1624 2629 postremi
1637 2569 1733 2612 annuo
1745 2568 1820 2625 pou-

130 2645 204 2709 retur,
215 2642 643 2701 iidemcousulcsseneciolvct
652 2644 767 2701 Suralil
777 2644 867 2703 lastos
878 2660 940 2717 ape
995 2648 1107 2704 tihcatn
1129 2648 1298 2719 designatur
1322 2660 1339 2702 a
1366 2647 1509 2717 llattbaeo,
1540 2649 1644 2718 blanco,
1670 2650 1698 2701 et
1714 2645 1821 2701 loanuc

128 2737 246 2787 ruerunt.
265 2732 392 2788 Victoria
407 2746 473 2789 rero
485 2733 600 2804 Traiani
614 2734 715 2791 Dacica
731 2734 939 2808 contigitanno
986 2751 1089 2793 annus
1113 2736 1270 2792 Dominicae
1297 2736 1441 2807 passionis
1467 2734 1574 2807 (dietih.
1609 2747 1689 2805 ιιιι,
1713 2731 1741 2805 3,
1768 2729 1821 2802 i7;
1933 2786 1940 2801 ,

126 2825 194 2875 sexto
209 2821 323 2890 imperii
334 2822 461 2893 Traiani,
479 2823 600 2894 ejusque
613 2823 775 2880 tribunitiae
789 2827 939 2896 potestatis
995 2828 1082 2882 ilorci
1101 2839 1160 2897 rvr,
1186 2824 1217 2882 bl
1234 2844 1241 2896 3
1260 2827 1338 2881 Joon.
1357 2839 1398 2896 ιι,
1413 2823 1466 2896 49;
1488 2839 1573 2896 svrrr,
1598 2822 1649 2897 ll).
1665 2821 1821 2894 Apostolo-

127 2906 245 2975 babente
270 2914 302 2964 ut
320 2925 354 2966 ex
376 2911 601 2969 numismatibus
624 2911 785 2969 luculenter
808 2914 940 2984 probarit
995 2929 1058 2970 rnru
1072 2929 1138 2971 vero
1158 2920 1235 2986 gesta
1250 2929 1299 2985 per
1319 2916 1346 2971 S.
1371 2916 1474 2971 Lucam
1490 2914 1585 2971 Romae
1601 2913 1764 2983 conscripta
1776 2916 1820 2968 tot

125 2996 362 3056 eminentissimus
376 2999 513 3057 Norlsins
524 3000 660 3070 Epistolae
673 3002 852 3074 Consularis,
873 3016 935 3076 pag.
993 3002 1470 3076 abnndantindiciischronologiae
1481 3003 1738 3075 persnccessioncs
1751 3015 1817 3072 prae
1860 3036 1867 3042 -

126 3082 162 3140 to.
177 3084 266 3154 Quare
279 3088 411 3145 monebat
424 3094 500 3146 recte
520 3090 693 3147 lininartins
708 3097 771 3162 post
792 3109 895 3148 annum
911 3108 938 3149 ιι
952 3103 977 3170 c
993 3091 1088 3149 sidum
1101 3091 1198 3164 Syrias,
1214 3099 1242 3148 et
1258 3093 1453 3165 magistratus,
1469 3099 1530 3149 tum
1542 3093 1571 3148 in
1588 3090 1747 3162 provinciis
1757 3094 1817 3146 tum

129 3174 230 3243 liniunt
249 3179 383 3235 mendum
406 3192 469 3236 csse
492 3181 677 3238 amanuensis
697 3182 836 3238 vertentis
863 3183 893 3238 in
908 3197 936 3239 ιιι
992 3181 1087 3239 Rome
1100 3187 1200 3253 agente
1217 3181 1304 3238 Paulo
1322 3181 1429 3238 ibidem
1445 3183 1610 3252 recensitos,
1625 3184 1657 3237 nt
1669 3182 1696 3237 S.
1713 3179 1817 3237 lliero-

129 3267 394 3337 nnmerum113cni
420 3267 528 3340 optimu
554 3269 688 3327 convenit
702 3271 810 3340 epocha
826 3272 937 3328 Dacicae
992 3283 1094 3341 nymus
1121 3269 1238 3342 colligat
1253 3270 1404 3327 historiam
1434 3272 1595 3345 pertingere
1616 3272 1654 3326 cd
1678 3271 1817 3325 biennium
1897 3340 1899 3345 .

129 3350 237 3411 duona
247 3360 314 3412 ante
323 3357 484 3413 trienninm
495 3357 601 3429 relatae,
611 3363 639 3414 et
647 3359 793 3430 expeditio
803 3366 935 3431 suscepta
990 3359 1079 3414 lamia
1097 3360 1285 3414 commorantis
1299 3360 1390 3431 Pauli,
1410 3361 1503 3432 idest,
1529 3359 1665 3430 usquead
1685 3361 1815 3428 quartum

131 3439 276 3501 inlarthos
290 3450 319 3502 et
335 3445 364 3502 in
379 3447 555 3519 Armeniam,
581 3461 643 3518 quae
666 3448 838 3519 inejusdcm
853 3450 934 3507 Actis
989 3447 1104 3504 Neronis
1127 3463 1231 3502 annum
1263 3446 1486 3518 (silicinum.
1516 3450 1546 3502 in
1577 3448 1624 3500 lib.
1646 3447 1680 3498 dc
1711 3444 1812 3513 script.

132 3529 219 3598 nider
240 3541 425 3592 memoratur.
441 3536 477 3592 Et
492 3550 588 3593 revera
610 3542 762 3594 contextus
781 3538 931 3596 verborum
987 3535 1060 3588 Eccl.
1077 3537 1107 3589 in
1125 3536 1375 3607 Luc.).llisigitnr
1385 3534 1524 3602 exemplis
1534 3531 1641 3587 eruditi
1657 3530 1813 3601 scriptores

133 3614 278 3678 inridetur
292 3624 451 3696 requirere,
464 3638 529 3682 cnm
548 3625 665 3682 Senecio
676 3632 705 3683 et
719 3627 791 3683 Sura
806 3628 931 3685 secundo
987 3622 1186 3680 ecclesiasticae
1202 3625 1341 3690 historiae,
1365 3621 1523 3693 llaeselllm
1539 3621 1633 3679 ΗΘΜ
1645 3625 1769 3692 aientes,
1783 3624 1815 3677 θῑ

135 3708 305 3782 presidentes,
333 3712 389 3767 boc
410 3719 455 3768 est
475 3715 580 3771 iterum
595 3714 712 3787 collegae
732 3716 762 3772 in
777 3716 931 3773 consulatu
987 3725 1052 3767 cum
1065 3712 1203 3782 apostolis
1213 3712 1316 3768 versati
1327 3716 1378 3766 ant
1390 3724 1454 3766 cnm
1470 3709 1542 3765 viris
1552 3709 1729 3780 apostolicis,
1747 3722 1814 3781 quc·

133 3789 295 3872 (negligenter
314 3814 448 3872 expresso
466 3817 516 3874 per
530 3817 612 3860 voces
626 3805 747 3873 spnden
761 3805 870 3861 senecio
885 3822 931 3860 se-
986 3799 1166 3857 madmodum
1186 3807 1316 3858 versatus
1337 3806 1380 3857 est
1405 3800 1592 3872 liegesippns,
1619 3799 1694 3855 inter
1713 3803 1815 3855 caetera

135 3886 208 3960 ando)
221 3896 370 3949 recurrant
388 3905 463 3949 anno
487 3892 602 3965 Trajaui
627 3906 711 3952 nouo.
727 3896 757 3951 ln
780 3895 931 3966 sepulcra·
985 3890 1116 3947 veritatis
1139 3891 1267 3962 criteria,
1292 3892 1400 3963 qnibus
1418 3903 1504 3962 opera
1525 3903 1577 3946 sna
1592 3889 1810 3947 confirmarunt.

134 3968 193 4032 libus
204 3981 285 4037 etiam
301 3981 402 4038 titulis
412 3982 553 4053 depositis
573 3988 730 4055 martyrum
746 3985 858 4055 signata
874 3998 930 4041 non
986 3991 1041 4034 non
1067 3980 1188 4037 omisere
1207 3987 1352 4053 gestorum
1376 3986 1504 4051 tempora
1524 3980 1558 4035 ad
1588 3984 1669 4035 notas
1690 3977 1814 4049 epochas

132 4065 931 4144 nrolegitnrnominibnsccnsutum,ntpassimostendere
985 4081 1127 4126 revocare.
1155 4071 1304 4142 llegesippi
1330 4070 1423 4126 locum
1452 4068 1589 4139 produxit
1614 4067 1758 4126 Eusebius
1779 4067 1814 4122 de

131 4162 261 4220 muamus
271 4159 301 4215 iu
310 4158 480 4232 fragmentis
489 4160 618 4231 lapidum
632 4175 696 4234 quat
706 4176 721 4218 e
731 4163 823 4220 sacris
833 4176 932 4220 coeme·
986 4160 1123 4230 martyrio
1132 4159 1228 4216 lacobi
1243 4158 1479 4215 iratrisllamini.
1492 4158 1637 4228 Epocham
1649 4157 1814 4212 illinsmar·

130 4242 196 4300 tertis
209 4248 338 4316 qnotidie
355 4249 558 4307 extrahuntur.
584 4253 615 4307 ln
630 4250 712 4309 Actis
727 4258 883 4324 martyrum
900 4253 929 4309 in
986 4249 1054 4321 tyrii
1068 4248 1244 4321 significarit
1260 4249 1420 4319 proximam
1434 4247 1597 4305 obsidionis
1609 4244 1814 4317 llierosolymi-

129 4327 186 4388 Utbe
198 4349 346 4404 passorum
373 4351 476 4396 nomen
501 4338 625 4410 praelccti
646 4341 733 4398 Urbis
760 4343 931 4415 quandoque
986 4344 1059 4395 tanae
1071 4339 1156 4408 paulo
1172 4342 1236 4408 post
1250 4337 1420 4394 subsecuta.
1444 4339 1499 4395 Nec
1517 4338 1601 4392 mutto
1615 4341 1688 4407 post,
1703 4333 1809 4406 inquit,

127 4423 299 4490 exprimitur:
312 4427 363 4498 qni
373 4428 560 4500 magistratus
570 4429 636 4487 licet
652 4444 708 4487 non
718 4436 792 4488 essu
805 4445 929 4502 annuus,
944 4438 973 4501 1)
986 4427 1090 4483 obsidio
1115 4428 1286 4497 Vespasiani,
1298 4432 1323 4482 ct
1336 4427 1493 4482 ludaeorum
1507 4428 1652 4497 captivitas
1664 4425 1808 4481 subsecuto

127 4507 218 4568 utinm
227 4518 320 4571 umen
331 4516 366 4572 ad
379 4516 454 4573 alias
462 4517 593 4575 notiones
607 4519 835 4590 expeditionum,
846 4522 933 4576 victo·
987 4522 1036 4573 esc.
1044 4519 1108 4572 Haec
1119 4518 1296 4588 Hegesippus,
1305 4533 1366 4572 cum
1376 4517 1507 4574 Clemente
1514 4518 1682 4572 consentiens
1694 4514 1806 4587 (Enseb.

126 4595 230 4672 flamm,
245 4604 347 4659 mortis
357 4604 534 4678 principum,
545 4615 594 4665 aut
605 4607 704 4664 simile
714 4608 875 4680 quidpiam,
891 4610 932 4665 in·
986 4608 1057 4662 ilict.
1072 4606 1145 4662 Ecct.
1158 4605 1209 4662 lib.
1224 4620 1257 4678 ιι,
1272 4619 1334 4678 cap.
1348 4603 1400 4680 23).
1423 4606 1496 4663 Sunt
1509 4606 1594 4664 verba
1608 4605 1742 4663 Eusebil:
1756 4603 1808 4676 qui

124 4686 432 4765 tidensineatempcra,
442 4694 597 4753 etinhctis
608 4697 737 4769 martyrii
753 4710 929 4768 expressum,
987 4709 1051 4752 cum
1066 4695 1190 4752 adducat
1201 4697 1298 4752 eodem
1312 4694 1374 4753 loco
1389 4695 1587 4752 testimoninm
1600 4694 1726 4766 iosepbi,
1741 4690 1809 4749 sele

123 4778 242 4837 redditur
256 4780 406 4839 character
417 4784 489 4841 satis
504 4784 625 4843 idonens
634 4787 669 4843 ad
685 4786 856 4858 pariandnm
866 4801 931 4843 cum
988 4785 1078 4841 rentis
1102 4784 1206 4840 caedcm
1226 4783 1322 4840 iacobi
1346 4785 1421 4842 lusti
1445 4785 1480 4841 ad
1508 4782 1690 4841 intervallum
1719 4780 1808 4836 trium

121 4869 271 4926 consulatu.
288 4873 320 4928 ln
337 4870 417 4929 dctis
430 4873 539 4930 tustini
554 4875 690 4946 martyris
705 4876 842 4932 Rusticus
857 4890 933 4946 prae-
987 4873 1139 4942 mensium,
1156 4876 1335 4928 numeratum
1356 4886 1391 4928 cx
1414 4876 1503 4931 morte
1517 4872 1593 4929 Festi
1615 4871 1650 4927 ad
1671 4867 1807 4924 bibinum

120 4953 201 5014 butus
215 4959 285 5015 Urbi
297 4961 428 5018 eumdem
447 4975 480 5018 ac
496 4962 592 5020 socios
615 4964 774 5038 interrogat
786 4969 814 5020 et
838 4965 932 5035 capite
988 4965 1200 5034 procuratorem
1224 4961 1366 5016 aNcrons
1381 4960 1578 5033 subrogatum,
1594 4970 1650 5030 qno
1668 4956 1808 5014 trimestri

120 5044 218 5115 plectit.
246 5049 384 5107 Publicus
411 5050 562 5122 praelectus
578 5051 647 5110 Urbi
675 5053 783 5126 legitur
798 5053 827 5109 in
850 5053 931 5110 dctis
986 5053 1080 5124 spatio
1099 5049 1328 5122 hnauusjunior
1339 5050 1430 5123 gessit
1440 5049 1649 5120 poutldcatum,
1658 5046 1809 5105 confirmat

118 5131 312 5194 &Felicitatis
334 5139 389 5196 snb
413 5140 568 5198 Antonino.
593 5141 623 5198 Si
652 5141 738 5199 bodie
763 5140 931 5200 haberemus
988 5154 1093 5198 morem
1121 5140 1215 5213 gentis
1228 5145 1314 5212 atque
1328 5139 1422 5197 atatis
1433 5152 1502 5205 snae,
1525 5140 1553 5194 et
1567 5137 1662 5194 Romae
1676 5136 1809 5194 scriben-

118 5221 247 5300 lntegram
261 5228 368 5285 seriem
384 5227 580 5298 prefectorum
601 5229 671 5289 Urbi
688 5245 737 5302 per
757 5232 815 5290 duo
835 5233 931 5304 priora
987 5230 1061 5288 tium
1077 5230 1291 5301 historicorum,
1309 5234 1341 5288 ut
1352 5229 1474 5300 epochas
1484 5241 1541 5285 non
1553 5226 1719 5288 omitterent
1733 5225 1810 5281 iden·

116 5317 210 5374 oecnla
232 5330 298 5373 are
327 5316 511 5391 Christianae,
549 5319 791 5393 quemadmodum
821 5321 932 5393 integra
986 5320 1076 5377 tidcm
1100 5333 1255 5376 memorare
1274 5324 1418 5393 gestorum
1444 5332 1508 5390 quae
1527 5315 1745 5375 describebant:
1780 5319 1810 5370 ct

116 5405 194 5464 onies
203 5405 315 5480 legitur
327 5420 527 5466 suceessorum
541 5410 573 5467 lu
584 5423 618 5467 eo
630 5409 801 5483 magistratu
813 5423 848 5469 ex
857 5425 932 5468 anno
988 5408 1117 5467 historiae
1126 5423 1186 5466 sna
1195 5410 1247 5467 boc
1261 5408 1356 5467 lumen
1367 5421 1423 5468 non
1435 5408 1584 5481 denegare,
1594 5405 1669 5479 qnod
1682 5405 1808 5461 Romana

114 5489 212 5553 tinen
228 5493 284 5553 bil
295 5497 332 5551 ad
343 5493 407 5568 35l,
425 5497 456 5553 in
471 5499 610 5569 opusculo
625 5499 722 5571 quarti
737 5500 836 5559 saecnll
854 5501 938 5562 edito.
987 5499 1103 5557 archiva
1125 5499 1262 5572 ingestis
1287 5498 1526 5571 provincialibus,
1551 5502 1580 5554 ct
1603 5493 1809 5573 inscriptiones

114 5592 155 5650 te
170 5584 349 5644 Eucherium
365 5599 401 5644 ex
423 5585 528 5645 iisdem
552 5587 737 5661 membranis,
766 5589 797 5647 in
823 5590 931 5662 quibus
988 5587 1111 5662 publicae
1125 5587 1338 5646 ministrabant.
1354 5589 1535 5647 Eadomvcro
1548 5582 1673 5656 archim,
1685 5587 1715 5641 et
1728 5596 1808 5640 mar-
