3884 6126
344 16 1105 30 —uuw—m-sw-ffl-ffl—---.-—-—-
1137 19 1149 22 -

514 265 561 323 AD
578 263 798 324 lulsldslnll
815 264 1072 327 Puonbeoldlull
1089 268 1179 327 Ebu.
1198 266 1418 329 nonnullis.

485 528 764 592 ENUMERATIO
788 528 842 592 dc
862 526 1111 594 DESCRIPTIO
1130 531 1451 599 TOPOGRAPHIOA

230 711 714 835 ouunnuruounu
753 713 831 834 ss
874 711 1216 836 urrunnu
1264 717 1456 840 suoru
1493 716 1704 840 nunuu

885 933 1061 985 nnsnnmra

473 1059 532 1126 Ee
549 1059 713 1128 Historia
725 1058 1042 1130 malmsburiensis
1060 1063 1154 1130 eirea
1167 1061 1401 1143 daemomonia·
1416 1076 1464 1125 x1.

867 1237 1070 1253 m

159 1367 327 1427 willelmus
340 1368 605 1427 blalmesburiensis
619 1370 655 1428 de
669 1371 758 1443 gestis
772 1384 871 1444 regum
884 1369 948 1428 dn-
960 1369 990 1433 Α
1004 1371 1143 1432 milliario
1158 1372 1230 1433 ioris
1251 1378 1367 1433 sauctus
1389 1374 1560 1434 valentinus
1573 1372 1603 1430 iu
1632 1383 1684 1428 rua
1707 1367 1828 1426 ecclesia

126 1457 239 1532 giorum
254 1471 343 1531 agens
353 1456 429 1515 libro
441 1472 480 1529 rr,
496 1457 545 1517 nbi
560 1460 746 1531 prosequitur
756 1458 826 1517 Acta
836 1459 949 1516 willel·
1002 1464 1168 1536 requiescit.

127 1547 167 1604 mi
180 1562 201 1604 rr
215 1549 302 1620 regis,
312 1548 390 1605 cirea
401 1561 507 1605 anuum
519 1546 597 1618 1096,
607 1563 673 1607 cnm
682 1550 799 1607 Romam
813 1551 951 1620 perducat
1040 1573 1054 1606 r
1074 1554 1169 1612 Tertia
1182 1559 1264 1626 porta
1278 1555 1445 1613 portiniana
1460 1553 1521 1626 [cl.‚
1544 1546 1725 1624 Porcininna]
1740 1551 1770 1605 et
1785 1547 1830 1604 rio

127 1637 255 1695 nationis
270 1652 329 1695 sum
344 1637 432 1709 viros,
452 1637 487 1695 ad
508 1639 676 1696 orientalem
695 1639 905 1711 expeditionem
921 1651 951 1695 se
1004 1643 1102 1700 eodem
1114 1646 1197 1702 modo
1207 1645 1359 1716 appellata,
1385 1645 1433 1702 sed
1458 1658 1524 1701 cum
1550 1639 1678 1714 persenit
1695 1637 1730 1695 ad
1747 1636 1831 1693 Sala-

127 1733 324 1798 comparantes
337 1740 387 1799 per
397 1727 663 1800 religionisoldcia,
677 1742 768 1801 ecque
781 1728 896 1786 nomine
910 1740 952 1784 sa·
1005 1731 1089 1804 riam,
1105 1746 1206 1791 nomeu
1222 1734 1327 1807 perdit,
1345 1741 1374 1791 et
1386 1735 1427 1790 ibi
1444 1746 1531 1805 prope
1546 1731 1576 1787 iu
1589 1743 1623 1786 eo
1638 1728 1700 1785 loco
1714 1727 1766 1798 qui
1781 1724 1831 1781 di-

125 1830 202 1873 cram
220 1815 478 1889 peregrinationem
492 1817 731 1888 suscipientesad
747 1818 876 1875 omnium
895 1817 953 1873 Eo-
1005 1821 1084 1880 citur
1120 1823 1299 1894 cucumeris,
1333 1824 1522 1894 requiescunt
1549 1823 1687 1890 martyres
1718 1816 1829 1882 Festus,

126 1905 278 1963 elesiarum
289 1912 459 1977 matrem,ao
470 1906 952 1979 magistramutmartyrumeoems
1005 1912 1137 1986 loannes,
1153 1912 1303 1980 Liberalis,
1317 1912 1467 1985 Diogenes,
1484 1910 1609 1978 Blastns,
1627 1905 1745 1974 bucina,
1761 1901 1830 1960 etin

127 1996 254 2068 positum
268 1994 463 2066 apostolerum
474 1995 681 2068 principem,et
691 2002 849 2068 martyrum
862 1999 953 2054 coetus
1006 2015 1065 2060 uno
1076 2003 1208 2074 sepulcro
1222 2000 1275 2061 ato
1290 2003 1350 2075 [al.,
1364 1999 1428 2078 add]
1453 2006 1481 2058 et
1495 2001 1526 2057 iu
1538 1999 1628 2056 altero
1643 1994 1687 2053 30·

127 2085 296 2143 innumeros
316 2088 531 2156 venerarentur,
554 2085 705 2158 praemittit
729 2086 952 2158 descriptionem
1045 2090 1184 2162 «Quarta
1206 2097 1296 2163 porta,
1319 2095 1349 2148 et
1363 2091 1409 2147 via
1420 2089 1541 2160 Salaria,
1555 2101 1618 2158 quae
1631 2083 1716 2142 modo
1739 2081 1832 2139 sancti

124 2173 365 2244 coemeteriorum,
380 2173 531 2245 inquibus
544 2175 856 2232 memoriaenrumdem
876 2188 956 2233 mar-
1008 2179 1139 2237 Silvestri
1153 2180 1272 2238 dieitur.
1290 2181 1332 2237 lbi
1345 2181 1430 2251 Juxta
1442 2179 1516 2235 viam
1527 2181 1643 2234 sanctus
1654 2175 1772 2230 Hermes
1785 2183 1831 2226 re-

127 2267 223 2335 tyrum
255 2260 457 2335 celebraretur,
467 2278 501 2320 ex
516 2278 574 2336 quo
595 2264 702 2322 ibidem
724 2264 830 2336 sepulti
854 2275 956 2322 nomen
1011 2270 1147 2343 quiescit,
1162 2274 1190 2327 et
1203 2275 1300 2329 sancta
1315 2270 1436 2337 vasella,
1452 2273 1481 2325 et
1494 2267 1627 2336 Protinus,
1641 2261 1832 2328 etidciuctus,

128 2354 232 2410 iisdem
243 2351 335 2409 sacris
351 2353 470 2424 cryptis.
491 2358 520 2411 et
531 2368 619 2427 snpra
632 2353 698 2411 illas
712 2353 841 2412 laudatis
861 2353 957 2411 eccle-
1010 2360 1237 2431 blaximilianus,
1251 2359 1438 2429 Herculanus,
1451 2358 1587 2428 crispus:
1599 2359 1627 2412 el
1642 2355 1671 2411 iu
1686 2351 1779 2409 altero
1789 2349 1835 2406 Ιο·

127 2442 193 2514 siis,
203 2443 263 2500 sire
273 2441 418 2513 oratoriis,
429 2443 579 2500 dederuut.
592 2445 624 2499 lu
633 2445 804 2514 praecedentl
816 2443 957 2514 opusculo
1009 2462 1043 2506 oo
1056 2462 1144 2520 prope
1157 2449 1344 2521 requiescunt
1353 2448 1444 2505 sancti
1458 2452 1596 2517 martyres
1611 2442 1791 2515 Pamphilus,
1807 2442 1833 2495 et

130 2532 256 2605 septimi,
270 2533 313 2589 iel
327 2532 419 2589 011211
429 2531 527 2588 saeculi
541 2532 666 2590 delibata
682 2545 713 2590 0³
722 2538 833 2590 mnium
842 2530 957 2590 fuerant
1008 2537 1150 2609 Quirinus
1162 2539 1345 2612 septuaginta
1357 2538 1496 2610 gradibus
1509 2537 1538 2592 iu
1555 2537 1613 2592 imo
1622 2539 1713 2591 terre.
1726 2530 1836 2587 Deinde

129 2623 166 2682 ab
180 2636 320 2696 anonymo
336 2621 365 2678 in
384 2634 438 2678 suo
452 2621 613 2678 itinerario.
631 2623 683 2678 Hic
697 2634 763 2677 vero
782 2621 956 2693 diligentius
1009 2627 1130 2684 bullica
1140 2627 1424 2699 murmuelicrmus,
1440 2626 1490 2684 ubi
1504 2625 1629 2698 quiescit
1648 2617 1837 2694 1111115111-

37 2717 39 2721 ’
130 2713 301 2786 perquisita,
317 2718 346 2769 θῑ
359 2714 524 2768 enumerata
543 2724 608 2766 ⁰⁰¹³
632 2711 765 2783 legimur
778 2708 814 2766 ab
837 2714 955 2767 fluvialia
969 2695 1155 2774 Bnuslllius
1167 2717 1239 2787 ejus,
1253 2722 1282 2773 et
1295 2729 1351 2773 non
1365 2715 1448 2789 longe
1463 2712 1628 2771 Boniiaoius
1638 2716 1756 2782 martyr.
1783 2707 1836 2765 lbi·
1853 2722 1863 2737 ·

129 2802 275 2860 undecimi
290 2799 502 2871 secultvalere
513 2797 776 2871 plurimuncensul
786 2800 821 2856 ad
831 2798 956 2855 lnasta-
1009 2806 1073 2862 dem
1100 2806 1130 2862 in
1145 2805 1235 2862 altera
1256 2804 1376 2862 ecelesia
1391 2810 1460 2861 sunl
1473 2804 1633 2872 crisantus,
1654 2805 1682 2857 er
1695 2798 1793 2868 naria,
1809 2801 1838 2852 er

128 2891 168 2949 sii
183 2890 264 2947 Vitas
275 2887 474 2959 illustrandas,
490 2888 519 2946 ln
536 2887 645 2959 quibus
659 2892 812 2961 utramque
822 2889 955 2962 pagiuam
1009 2895 1194 2965 salurmpus,
1210 2899 1240 2951 et
1252 2895 1381 2964 nisurus,
1393 2897 1424 2950 et
1436 2895 1531 2964 lason,
1557 2896 1586 2948 et
1609 2895 1698 2946 mater
1718 2887 1837 2944 illorum

130 2978 880 3053 trequenterimplernindicatlocoemeterlorum,ubi
891 2991 958 3051 pon·
1011 2983 1133 3057 Hilaris,
1153 2990 1181 3040 et
1194 2984 1246 3040 alii
1263 2982 1500 3040 innumerabiles.
1512 2981 1546 3038 Et
1560 2981 1590 3037 in
1613 2979 1702 3036 altera
1714 2975 1838 3033 basilica

131 3070 223 3128 tibces
246 3069 468 3141 sepeliebantur,
484 3072 513 3125 et
534 3068 740 3140 reparationes,
762 3082 795 3126 ac
808 3070 958 3127 donariaa
1012 3078 1130 3131 sanctus
1150 3073 1319 3139 Alexander,
1344 3071 1460 3143 llitalis,
1482 3070 1633 3140 biartialis,
1648 3067 1703 3125 lilii
1732 3068 1839 3122 sauctae

56 3199 57 3202 ,
131 3157 348 3216 successoribus
362 3157 659 3228 coutinenteroblata,
680 3159 715 3215 ad
728 3159 779 3217 Dei
800 3158 911 3216 cultum
926 3159 957 3214 in
1012 3163 1181 3220 Felicitatis.
1202 3165 1237 3219 ut
1260 3166 1364 3219 sanciae
1387 3160 1647 3233 septemvirgiues,
1669 3154 1838 3224 Saturnius,

132 3251 179 3307 bis
194 3249 286 3307 sacris
306 3247 459 3317 arenariis,
474 3252 525 3304 ant
540 3247 570 3304 in
589 3247 721 3305 ecclesiis
735 3261 822 3319 super
839 3262 871 3304 ea
885 3261 959 3305 con·
1010 3251 1152 3322 llilariua,
1166 3250 1343 3308 Domluanda
1357 3247 1417 3325 lai,
1427 3245 1588 3324 Dunauda],
1599 3245 1771 3318 Rogantina,
1786 3243 1838 3299 Se·

132 3340 262 3409 structis,
273 3339 407 3396 decenter
421 3337 698 3395 administrandum.
714 3339 958 3396 lunianumerum
1013 3343 1118 3410 rolina,
1135 3341 1265 3412 Paulina,
1278 3342 1398 3397 Donata.
1410 3339 1517 3396 Deinde
1531 3337 1653 3394 basilica
1667 3336 1761 3392 sancti
1777 3331 1841 3390 sil-

135 3435 282 3502 portarum
296 3426 382 3484 Urbis
392 3439 425 3483 ac
439 3425 551 3483 viarum
565 3426 695 3497 precedit
710 3427 797 3483 eliam
807 3426 960 3484 villelmus
1013 3431 1111 3502 nestri,
1129 3430 1179 3488 ubi
1205 3431 1280 3501 jacet
1303 3442 1459 3485 marmoreo
1482 3426 1594 3484 tumulo
1622 3433 1786 3496 coopertus,
1812 3427 1842 3478 et

134 3518 189 3576 iste
205 3519 234 3575 iu
249 3530 302 3575 suo
314 3514 485 3573 itinerario:
500 3515 549 3572 cul
565 3515 652 3572 nullae
669 3517 873 3587 propemodum
886 3523 960 3572 uoce
1015 3526 1152 3590 martyres
1165 3518 1348 3589 coelestinus,
1360 3517 1524 3588 Philippus,
1539 3520 1569 3571 et
1581 3514 1672 3584 Felix,
1684 3518 1713 3568 et
1732 3510 1841 3567 ibidem

133 3607 303 3665 adhibendae
313 3610 400 3674 sunt3
415 3618 481 3661 cnm
497 3604 647 3675 perspicue
659 3606 732 3662 salis
743 3610 866 3675 exponat
875 3610 903 3661 et
917 3619 961 3664 or-
1014 3613 1153 3681 martyres
1167 3605 1220 3665 365
1233 3608 1263 3664 in
1278 3621 1335 3666 nuo
1350 3607 1481 3678 sepulcro
1493 3604 1696 3676 requiescunt,
1710 3609 1738 3657 et
1753 3611 1842 3672 prope

133 3698 232 3754 diuate
247 3694 417 3752 seutentiam
432 3707 524 3750 suam.
541 3692 634 3764 Quare
647 3693 730 3751 illius
743 3694 827 3751 verba
838 3700 962 3752 mnium·
1015 3699 1131 3769 Paulus,
1162 3706 1191 3754 et
1212 3698 1442 3766 crescentianus,
1481 3695 1632 3767 Prisca,et
1666 3690 1842 3760 Demetrius,

136 3788 219 3844 modo
242 3782 460 3842 transcribenda
477 3783 577 3840 curari
599 3798 634 3841 ex
657 3783 728 3841 lolio
748 3780 799 3841 131
822 3783 962 3842 editionis
1014 3788 1151 3845 Praxides
1166 3783 1226 3862 [ol.,
1244 3783 1401 3861 Praredis],
1416 3784 1583 3842 Potentiana
1600 3785 1731 3853 pausant.

135 3871 384 3932 Francoiurteusis
407 3884 482 3928 auno
502 3868 568 3928 idol
593 3872 748 3944 impresse.
773 3874 837 3930 limo
866 3877 961 3931 autem
1054 3898 1067 3931 c
1086 3876 1193 3948 Quinta
1209 3882 1290 3948 porta
1311 3878 1498 3932 Nomentana.
1513 3872 1557 3930 lbi
1570 3875 1688 3929 sanetus
1706 3868 1840 3924 Nicome-

137 3966 223 4020 8111112
1015 3968 1066 4024 des
1079 3966 1234 4038 presbyter,
1250 3971 1278 4022 et
1292 3970 1418 4034 martyr:
1435 3964 1561 4034 itemque
1575 3961 1623 4016 ria
1644 3958 1741 4015 eodem
1758 3956 1843 4012 modo

175 4071 189 4105 ⁰¹
208 4049 261 4108 Μ
277 4062 312 4106 ¹¹0
325 4047 396 4121 ‘ium
412 4045 515 4103 ¹¹⁰¹¹⁰fi
526 4044 612 4118 disus
627 4047 763 4119 adjiciam
778 4052 806 4106 01
814 4055 962 4120 Portarum
976 4047 1001 4112 C
1015 4057 1135 4114 dicitur.
1154 4057 1238 4112 luam
1257 4055 1332 4111 riam
1356 4057 1461 4109 sanctae
1486 4050 1615 4123 Agnetis.
1632 4052 1661 4104 et
1679 4045 1802 4103 ecclesia
1815 4049 1844 4101 et

140 4143 344 4203 numerumn
364 4135 580 4193 multitudinem
604 4149 751 4195 8111011111
772 4139 919 4195 cinerum:
934 4143 965 4196 et
1017 4160 1132 4216 corpus,
1150 4145 1180 4200 iu
1201 4143 1291 4200 altera
1314 4141 1435 4199 eeclesia
1458 4146 1558 4196 saneta
1581 4136 1793 4205 Emerentiana,
1816 4138 1845 4190 et

140 4243 176 4287 ue
191 4230 302 4303 aliquis
316 4230 492 4288 obscuritate
507 4224 658 4286 verborum
681 4234 816 4285 causetur
838 4240 870 4284 se
883 4241 900 4284 a
912 4241 965 4285 co-
1019 4242 1157 4305 martyres
1168 4232 1336 4301 Alexander,
1353 4230 1442 4300 Felix,
1458 4229 1571 4299 Papias,
1589 4228 1619 4284 iu
1630 4226 1751 4296 septimo
1772 4224 1845 4281 mil-

140 4319 379 4393 quitionererum
401 4320 496 4393 rejici,
518 4320 576 4378 erit
601 4331 694 4376 sermo
717 4317 916 4390 quotidianus,
937 4320 965 4373 et
1020 4323 1105 4380 llario
1126 4323 1254 4394 ejusdem
1277 4322 1329 4379 viae
1352 4325 1469 4378 sanetus
1497 4332 1569 4391 papa
1590 4317 1751 4375 Alexander
1777 4327 1845 4372 cnm

141 4408 224 4466 ielis·
1019 4413 1137 4469 liventia
1147 4417 1175 4468 et
1188 4411 1331 4468 Tbeodolo
1342 4415 1474 4482 pausant.

179 4518 193 4552 e
215 4499 309 4555 Prima
321 4503 402 4570 porta
416 4496 558 4563 Cornelia,
573 4511 637 4570 quae
656 4497 739 4555 modo
753 4495 864 4553 dicitnr
884 4499 966 4568 porta
1056 4521 1070 4555 e
1089 4501 1172 4558 sexta
1185 4505 1266 4572 porta
1278 4507 1306 4558 et
1317 4501 1364 4558 via
1377 4498 1541 4570 Tiburtina,
1554 4509 1617 4567 quae
1632 4495 1715 4553 modo
1733 4492 1847 4549 dicitnr

144 4587 236 4645 sancti
254 4587 338 4659 Petri,
355 4592 384 4644 et
410 4588 457 4644 ria
478 4587 619 4645 cornelia.
646 4587 732 4644 Juxta
757 4599 819 4642 eam
845 4584 966 4643 ecelesia
1019 4591 1115 4648 Sancti
1131 4589 1291 4657 Laurentii,
1305 4591 1387 4661 juxta
1404 4586 1563 4644 hanoniam
1574 4586 1650 4656 jacet
1672 4583 1699 4638 S.
1714 4583 1847 4638 Lauren-

143 4677 220 4735 bcati
235 4678 311 4735 Petri
327 4678 384 4736 sila
402 4681 456 4749 est,
469 4676 499 4734 in
519 4691 576 4748 qua
600 4691 705 4749 corpus
719 4677 781 4747 ejus
793 4676 878 4746 jacet,
894 4688 966 4732 auro
1019 4681 1080 4737 tius
1091 4680 1121 4735 iu
1144 4693 1194 4738 sua
1219 4679 1395 4747 ecclesiast
1420 4675 1591 4733 llabundius
1616 4677 1732 4741 martyr.
1754 4670 1790 4726 lit
1803 4668 1846 4725 ibi

143 4773 172 4826 et
184 4772 311 4840 argento,
324 4774 354 4825 et
367 4765 515 4838 lapidibus
529 4774 637 4841 parata,
647 4773 677 4824 et
691 4766 791 4824 nullus
816 4764 965 4822 bominum
1021 4784 1107 4843 prope
1122 4770 1152 4826 iu
1162 4769 1252 4826 altera
1259 4767 1389 4837 ecelesia,
1403 4769 1525 4836 pausant
1536 4763 1565 4820 bi
1575 4759 1846 4834 martyresciriaca,

146 4859 204 4916 scit
216 4870 367 4916 nnmerum
379 4864 536 4928 martyrum
548 4858 598 4929 qui
611 4858 641 4913 iu
654 4857 751 4914 eadem
761 4855 882 4912 ecelesia
892 4867 967 4925 pau·
1020 4861 1176 4929 llomanus,
1189 4858 1332 4924 lustinus,
1340 4853 1560 4911 crescentianus
1571 4871 1579 4923 i
1595 4858 1624 4908 et
1635 4849 1676 4907 ibi
1688 4861 1744 4905 uon
1761 4848 1849 4918 longe

145 4955 219 5009 saut.
235 4950 266 5006 lu
292 4946 389 5005 eadem
413 4947 460 5004 via
481 4953 525 5004 est
543 4946 663 5004 ecclesia
685 4946 785 5018 altera,
806 4946 837 5002 in
849 4957 905 5017 qua
920 4956 970 5000 re-
1022 4948 1144 5006 baslliea
1156 4947 1247 5004 sancti
1262 4944 1418 5015 llippolyti,
1433 4943 1483 4999 nbi
1506 4942 1568 5012 ipse
1584 4954 1649 4998 cum
1665 4937 1777 4994 remilia
1793 4947 1848 4993 sua

148 5041 301 5113 quiescunt
315 5045 419 5096 sauctae
430 5036 856 5111 uirginesliudnaetsecunda.
872 5036 902 5091 ln
914 5039 971 5092 ter·
1024 5042 1156 5111 pausant,
1170 5036 1198 5093 id
1224 5039 1267 5092 est
1289 5034 1384 5090 decem
1399 5037 1429 5089 et
1446 5036 1519 5089 octo.
1546 5032 1581 5086 Et
1603 5028 1644 5085 ibi
1659 5026 1850 5097 requiescunt

147 5129 189 5187 tia
198 5135 267 5187 snut
276 5129 395 5202 ilarius,
406 5133 435 5187 et
446 5128 566 5200 llartba,
577 5130 605 5184 et
613 5125 738 5185 Andiiax
751 5132 780 5184 et
789 5125 903 5183 Abacuc
915 5123 969 5181 dlii
1025 5128 1107 5185 beata
1129 5125 1244 5183 Friieua
1270 5136 1344 5180 uxor
1364 5122 1454 5191 Decii,
1470 5125 1499 5177 et
1528 5119 1588 5176 iilia
1602 5119 1665 5188 ejus
1695 5113 1810 5185 cirilla,
1820 5119 1851 5172 et

146 5231 246 5277 eorum
1024 5216 1183 5274 concordia
1195 5212 1379 5283 nutrixejus.
1402 5212 1437 5267 Et
1452 5210 1482 5266 iu
1496 5207 1586 5266 altera
1610 5212 1689 5280 parte
1709 5204 1763 5261 rie
1783 5204 1850 5274 ejus

185 5327 199 5361 r
218 5304 347 5363 Securus
361 5311 441 5376 porta
455 5304 611 5376 Flamiuea,
623 5318 686 5375 quae
701 5303 784 5359 modo
808 5301 971 5374 appellatur
1024 5312 1068 5363 est
1081 5305 1201 5363 ecelesia
1213 5303 1327 5376 agapiti
1344 5300 1487 5372 martyris.

149 5397 241 5454 sancti
252 5394 407 5464 Valentini,
420 5399 448 5450 et
462 5394 606 5451 Flamiuea
624 5393 680 5465 ria,
693 5396 722 5449 et
744 5404 809 5448 cum
835 5392 869 5448 ad
896 5404 1010 5468 pou-D
1062 5415 1075 5449 r
1098 5393 1223 5465 Septima
1239 5397 1320 5462 porta
1332 5389 1415 5446 modo
1426 5388 1526 5458 blajor,
1541 5385 1775 5444 olimSirucrana
1786 5381 1848 5453 lai,

150 5494 206 5543 tem
215 5485 354 5544 llolbium
368 5479 520 5558 [illirium]
538 5482 676 5554 pervenit,
701 5490 819 5539 vocatur
836 5484 883 5541 via
910 5482 971 5540 lia-
1023 5477 1388 5556 syracusanaldicebatur,
1399 5484 1427 5534 et
1441 5477 1487 5533 via
1501 5472 1768 5540 Lavirauadicitur,
1785 5483 1849 5543 qua

150 5588 286 5648 renuens,
310 5574 379 5648 qnia
396 5571 432 5630 ad
453 5572 613 5628 Ravennam
636 5570 728 5628 ducit.
750 5571 793 5628 lbi
825 5572 854 5631 iu
875 5573 970 5645 primo
1024 5575 1059 5632 ad
1073 5573 1184 5631 beatam
1199 5569 1332 5629 lleleuam
1353 5567 1455 5626 tendit.
1478 5565 1522 5624 lbi
1543 5568 1613 5623 snut
1630 5575 1717 5634 prope
1735 5562 1849 5630 Petrus,
