3892 6136
71 268 143 328 4339

499 271 657 330 HISTORIA
677 275 723 333 DE
744 277 831 334 vlits
849 276 934 335 tloll.
954 276 1054 334 PONT.
1072 304 1111 318 —
1128 275 1157 333 S.
1175 275 1346 335 unaldus.

1709 279 1778 341 l330

71 394 99 448 iii
114 394 189 447 Cana
204 391 340 448 Galilaea.
357 392 512 449 Historiam
530 394 602 450 hanc
615 396 804 467 evangelicam
827 402 892 465 apte
909 396 938 456 Α
949 396 1020 454 bulo
1036 400 1235 471 ingerendum,
1253 399 1313 455 haec
1327 401 1361 457 ad
1376 414 1479 470 aquam
1494 403 1561 458 viiio
1576 402 1708 460 stillatim
1724 405 1775 460 iii·

70 465 100 520 in
124 464 204 519 hisce
223 463 350 519 vasculis
371 466 566 537 consignatam
588 468 739 537 arguimus
753 483 787 524 ex
801 482 893 538 argu·

71 541 166 591 meiito
180 534 281 605 cyrilli
299 549 362 590 mox
376 535 528 602 allereiido,
551 543 580 592 ut
596 537 759 595 drmaretur
772 540 892 595 adstan-

69 606 141 662 tium
156 606 225 661 tides
239 606 273 660 ad
284 607 471 662 condiendam
483 610 696 666 conversionem
713 611 772 666 vini
788 611 815 665 in
832 623 893 666 san·

68 679 185 749 guinem
201 678 315 733 Domini
331 678 426 733 eadem
444 679 542 734 divina
557 682 682 748 potentia
694 682 892 751 peragendam,

68 763 127 818 ipua
137 748 206 805 olim
223 749 339 803 initium
352 747 613 832 leceratsignorum
626 766 744 808 suorum
755 746 894 809 aconvcr·

67 819 151 875 sioiie
167 818 324 874 buicaiflni
335 833 417 890 arnae
434 821 462 875 iii
478 835 586 876 vinum.
602 823 704 879 Eodem
721 829 796 880 certe
810 837 893 893 argu·

69 897 164 946 mento
175 889 387 961 Neophytorum
403 891 485 947 tidem
498 895 604 949 excitat
614 894 641 948 S.
655 894 782 964 Cyrillus
796 895 894 949 lliero·

67 961 298 1032 solymitanusin
328 969 408 1017 uarta
419 962 564 1019 catechesi
578 972 665 1034 mysia
688 966 893 1036 ogicadicens:

69 1053 83 1085 ii
101 1033 211 1103 Aquam
228 978 344 1088 olimiu
360 1034 458 1089 vinum
474 1035 615 1090 convertit
628 1038 655 1092 in
669 982 745 1091 {aaa
756 1035 892 1105 Galilaeae,

67 1104 144 1174 quod
158 1102 241 1159 habet
252 1104 402 1174 quamdam
412 1118 474 1160 eum
485 1106 892 1178 sanguinepropinguitatem:

66 1175 718 1246 eteumparumdignumexistimabimus,cui
731 1179 891 1245 credamus,

66 1245 144 1315 quod
158 1245 255 1300 vinum
266 1247 294 1301 iii
306 1246 475 1316 sanguinem
488 1250 711 1304 transmutarit‘l
724 1249 765 1304 ad
777 1263 825 1305 eas
836 1262 893 1304 nu-

67 1318 145 1386 ptias
155 1316 262 1387 quibus
273 1330 391 1386 corpora
402 1319 576 1387 copulamur
589 1326 706 1376 vocatus
718 1327 819 1389 praeter
832 1320 893 1387 opi·

66 1388 182 1443 irionem
197 1388 391 1443 omniumhoc
405 1387 471 1445 lecit
485 1390 672 1446 miraculum:
685 1401 712 1446 et
728 1405 783 1446 iion
802 1389 892 1446 multo

67 1459 160 1530 magis
176 1460 218 1514 sic
233 1472 297 1514 eum
320 1473 425 1529 corpus
446 1462 656 1532 etsanguinem
670 1477 755 1517 suum
771 1460 890 1517 fruenda

67 1528 154 1585 nobis
167 1529 290 1585 donasse
306 1543 473 1598 persuasum
489 1532 610 1587 tirmiter
621 1532 800 1599 habebimus,
817 1539 848 1588 ιιι
859 1545 891 1587 ea

64 1602 405 1657 cumomnicertitudine
418 1604 813 1685 tanquamcorpusipsiuset
828 1616 892 1658 san·

949 468 1121 525 tundendam
1135 471 1163 525 in
1174 471 1379 539 praeparatione
1389 472 1774 533 sacrificii.Card.Barnnius

947 541 980 595 ad
1002 554 1108 596 annum
1131 538 1191 610 433,
1210 555 1290 597 num.
1305 540 1330 606 l,
1348 541 1480 598 observat
1495 556 1510 597 a
1525 544 1664 628 Gregorio
1677 546 1773 603 Turo-

949 612 1028 666 nensi
1042 612 1077 668 de
1089 611 1187 668 Gloria
1197 618 1352 681 martyrum
1362 626 1427 682 cap.
1446 611 1490 677 38,
1503 612 1610 670 litteris
1627 615 1770 681 proditum

948 681 983 737 de
997 684 1140 750 argenieis
1157 683 1261 752 urceis,
1286 688 1315 739 et
1332 684 1497 752 hujusmodi
1515 685 1592 740 vasis
1606 687 1640 741 ad
1657 687 1772 743 sacrib-

948 753 1027 807 cium
1037 753 1222 820 adhibendis,
1239 768 1302 825 quae
1318 761 1427 822 reperta
1437 760 1506 810 sunt
1519 756 1548 809 iii
1562 757 1658 812 eadem
1672 768 1771 827 crypta

948 825 1101 880 coemeierii
1113 825 1251 880 Priscillae
1260 826 1305 881 via
1315 825 1435 882 Salaria.
1449 824 1498 880 ubi
1510 826 1641 892 deposita
1654 825 1773 884 luerunt

948 908 1067 964 corpora
1081 896 1128 950 SS.
1145 900 1301 965 martyrum
1314 895 1486 965 Chrysanthi
1498 902 1526 951 et
1540 897 1642 952 llariae.
1657 899 1707 954 llis
1720 898 1775 970 igi·

948 970 997 1020 tur
1010 966 1118 1021 similia
1134 979 1201 1022 vasa
1216 967 1430 1032 ministerialis,
1445 974 1547 1037 prater
1559 967 1663 1024 calices
1676 976 1705 1024 et
1718 982 1773 1039 pa-

949 1042 1029 1092 teiias
1044 1050 1078 1092 ex
1094 1043 1212 1108 argente
1229 1038 1371 1107 paraverit
1385 1036 1528 1104 Urbanus,
1546 1038 1705 1108 imperante
1718 1041 1772 1096 Se·

950 1120 1015 1162 vero
1039 1108 1218 1173 Alexandro;
1243 1109 1328 1177 cujus
1342 1122 1408 1179 erga
1423 1108 1605 1165 Christianos
1618 1115 1685 1166 nota
1700 1123 1771 1180 pro-

949 1178 1049 1247 pensio
1062 1179 1196 1234 reddebat
1213 1180 1310 1236 minus
1326 1180 1462 1248 impedita
1476 1181 1657 1236 sacerdotum
1672 1181 1771 1238 studia

949 1250 978 1304 in
993 1249 1072 1304 hisce
1087 1251 1264 1306 ornamentis
1274 1251 1374 1307 divino
1388 1251 1481 1306 cultui
1495 1250 1706 1320 comparandis.

984 1321 1070 1376 Linea
1093 1318 1119 1377 5.
1144 1351 1181 1362 —
1203 1324 1294 1376 Etiam
1319 1323 1499 1378 Valerianum
1513 1320 1711 1377 nobilissimum
1724 1321 1772 1375 oi-

947 1406 1018 1454 rum,
1039 1407 1166 1461 sponsum
1189 1392 1217 1447 S.
1240 1393 1365 1459 Caecilia,
1389 1398 1445 1448 etc.
1472 1392 1585 1447 Callisti
1611 1391 1771 1449 decessoris

946 1462 1113 1587 gervigilem
1135 1476 1233 1519 curam
1258 1465 1286 1518 iii
1309 1463 1525 1520 Transtiberina
1541 1463 1659 1535 regione
1673 1462 1771 1520 tideli-

968 1547 1000 1589 us
1009 1531 1215 1604 irequentanda
1226 1540 1338 1591 auctam
1353 1534 1444 1590 luisse
1455 1533 1603 1590 nobilibus
1615 1535 1770 1591 incremen-

946 1604 985 1659 tis
1005 1604 1060 1660 sub
1074 1605 1208 1670 pontilice
1220 1604 1335 1662 Urbano
1348 1606 1548 1661 demonstrant
1565 1605 1631 1661 dcta
1646 1606 1693 1661 SS.
1708 1607 1770 1662 cae-

65 1671 183 1742 guinem
203 1673 377 1728 sumamus?
391 1674 460 1726 Nam
479 1687 508 1728 in
525 1676 618 1744 specie
639 1677 721 1744 panis
742 1675 791 1731 dat
806 1674 891 1730 nobis
944 1675 1225 1743 ciliieetllaleriani,
1237 1690 1394 1747 eorumque
1406 1677 1510 1731 domus
1525 1676 1663 1746 martyrio
1682 1675 1773 1733 uobi-

65 1756 183 1812 corpus,
197 1749 226 1799 et
242 1744 270 1798 iii
292 1743 385 1813 specle
405 1745 463 1799 viiii
479 1744 528 1800 dat
553 1745 636 1801 nobis
651 1747 840 1817 sanguinem:
859 1750 890 1801 ut
904 1744 931 1806 B
945 1745 1046 1801 litata:
1071 1760 1157 1816 quam
1177 1748 1336 1802 llomanum
1360 1747 1478 1802 titulum
1495 1746 1623 1815 eiusdem
1648 1746 1771 1804 ceciliae

64 1827 131 1869 cum
144 1816 312 1883 sumpseris,
325 1820 536 1885 gustescorpus
551 1824 578 1871 et
588 1818 758 1887 sanguinem
767 1817 887 1886 Christi,

64 1883 160 1940 lactus
173 1886 300 1954 ejusdem
324 1886 454 1955 corporis
477 1892 506 1941 et
525 1889 677 1957 sanguinis
698 1888 853 1958 particeps.
874 1904 888 1938 ii

62 1955 135 2011 Cum
149 1956 330 2027 hancCyrilli
341 1956 500 2013 doctrinam
512 1958 637 2013 Ecclesia
651 1960 792 2015 catholica
805 1957 889 2013 uobis

63 2027 223 2083 constituat
243 2027 401 2099 quotannis
413 2028 588 2084 recitandam
602 2030 631 2084 iii
646 2036 744 2086 octava
758 2029 889 2098 corporis

63 2098 185 2168 Christi,
196 2112 279 2168 quam
296 2101 405 2169 priores
418 2113 531 2170 quoipue
544 2099 651 2169 Cyrillo
661 2100 757 2157 lideles
769 2101 848 2156 hisce
859 2101 888 2156 in

63 2170 236 2241 anaglyphis
259 2176 479 2239 expresserunt,
501 2170 593 2239 placet
617 2171 736 2243 liguram
760 2171 889 2241 argentei

63 2240 888 2299 vasculiitacaelatihicexhibcreadillustraiidumtextum

64 2310 295 2375 bibliothecarii,
311 2319 339 2368 ct
360 2313 394 2369 ad
418 2312 658 2381 comprobandam
680 2314 888 2370 catholicorum

64 2381 889 2452 presulumcuiaminuoeinostraeluminibusexciiandie

63 2457 93 2510 et
105 2455 392 2521 exprimendisetiain
404 2456 432 2509 iii
445 2457 622 2512 ornamentis
632 2456 707 2511 sacri
720 2456 888 2512 ministerii.

101 2523 187 2581 hliud
200 2525 348 2582 vasculum
363 2526 454 2582 simili
467 2525 557 2596 ligura
571 2528 762 2596 praeditumex
773 2531 890 2598 argento

64 2597 174 2664 parlier
198 2595 317 2654 ductum
332 2597 531 2653 asservabatur
548 2611 653 2666 paucos
672 2604 738 2654 ante
755 2611 845 2654 annos
860 2598 889 2652 iii

66 2679 174 2724 musaeo
185 2668 734 2737 nobilissimipraesultstconissirozzi
746 2668 803 2740 (cul
819 2682 889 2737 pau·

62 2738 888 2809 cosantediespiissimevitaiunctoerudltorumemnium

63 2809 162 2865 studia
176 2810 333 2881 parentant)
346 2813 430 2877 cujus
440 2810 548 2866 iconem
564 2824 597 2867 cx
607 2812 761 2880 archetypo
773 2811 888 2865 ductam

64 2893 122 2936 uon
137 2881 224 2949 adlun
247 2895 302 2949 ani,
320 2881 393 2951 quod
407 2882 465 2936 alio
481 2888 656 2950 asportatum
673 2882 841 2952 intelligam.
857 2882 888 2935 ln

61 2950 118 3007 illo
131 2897 321 3008 exbibeiiatur
335 2953 431 3023 imago
446 2953 553 3007 Christi
571 2953 696 3021 Domini,
714 2952 796 3008 beato
808 2954 889 3008 l’etro

62 3020 353 3090 clavestradentis,et
364 3025 393 3078 in
407 3022 494 3092 pallio
504 3024 789 3092 deponeiitis,eodem
803 3023 889 3080 terme

63 3097 131 3163 typo
148 3095 206 3162 (sed
221 3093 302 3151 valde
316 3095 485 3166 elegantiori
498 3094 658 3165 sculptura)
670 3109 727 3166 ipio
742 3095 847 3150 visitur
859 3096 887 3148 in
904 3101 928 3168 fl
943 3094 1126 3150 Christianos
1151 3095 1276 3149 exerceri
1305 3106 1355 3162 pro
1371 3091 1466 3147 lubitu
1491 3091 1610 3145 decerne

945 1823 1046 1888 rogatu
1061 1817 1214 1873 dedicavit.
1229 1819 1257 1873 Si
1274 1818 1448 1889 quisautem
1463 1816 1595 1885 miretur,
1607 1816 1661 1873 sub
1678 1819 1772 1886 impe-

946 1888 989 1944 rio
1001 1888 1095 1944 Severi
1111 1887 1276 1953 Alexandri,
1295 1889 1438 1958 principis
1453 1902 1517 1958 erga
1533 1888 1716 1946 Christianos
1732 1888 1773 1945 lta

945 1959 1091 2030 propensi,
1107 1965 1140 2014 ut
1162 1959 1191 2013 iii
1216 1960 1279 2029 ejus
1303 1959 1369 2015 Vita
1388 1959 1572 2028 Lampridius
1596 1960 1722 2016 ostendit
1737 1972 1772 2015 ex

946 2029 1080 2100 pluribus
1095 2030 1185 2086 dictis
1200 2044 1233 2085 ac
1253 2031 1351 2099 gestis,
1369 2032 1491 2087 miretur
1506 2030 1534 2084 in
1551 2039 1635 2101 quam
1651 2029 1772 2087 simula

945 2100 1773 2171 nobisadmittidedicationestitulorumChristianiritus,

944 2177 973 2228 et
986 2171 1121 2242 martyria
1135 2186 1244 2240 eorum,
1258 2174 1308 2244 qui
1317 2174 1428 2228 easdem
1441 2173 1541 2228 domos
1556 2171 1721 2228 obtulerant
1733 2171 1773 2227 b·

945 2243 1053 2299 delium
1064 2243 1272 2306 conventibus;
1288 2245 1451 2299 meminerit
1467 2249 1538 2298 mart
1560 2244 1602 2299 ria
1616 2242 1661 2298 SS.
1679 2242 1773 2298 Caci-

946 2313 992 2369 liae
1017 2327 1049 2369 ac
1064 2315 1208 2370 sociorum
1231 2314 1285 2370 sub
1302 2314 1451 2370 almachio
1477 2258 1609 2383 praeieris
1633 2312 1729 2383 Urbis,
1743 2319 1775 2369 et

946 2384 1031 2455 paule
1048 2391 1111 2454 post
1125 2391 1307 2441 consecutam
1331 2387 1492 2456 passionem
1515 2387 1544 2439 S.
1565 2384 1671 2439 Urbani
1693 2397 1771 2467 papae

945 2455 1132 2512 reterricirca
1146 2470 1254 2512 annum
1271 2457 1386 2526 imperii
1402 2470 1508 2513 nonum
1520 2454 1605 2511 illius
1616 2455 1772 2523 principis,

945 2528 1059 2596 quando
1074 2533 1207 2595 suscepta
1223 2528 1252 2582 iii
1274 2529 1372 2584 Persas
1386 2526 1569 2597 expeditione
1582 2525 1657 2581 Urbe
1672 2523 1770 2595 prole-

945 2604 1009 2652 ctus
1021 2598 1177 2654 tribunitia
1193 2604 1332 2667 potestate
1349 2611 1423 2655 nona
1435 2601 1478 2669 (ιιι
1494 2596 1605 2653 nummi
1617 2595 1770 2652 decentet-

964 2669 1022 2724 uati
1038 2683 1083 2724 ra.
1099 2670 1128 2724 P.
1144 2682 1217 2724 viiii.
1241 2681 1296 2725 cos.
1313 2683 1356 2725 iii.
1370 2683 1396 2725 r.
1418 2683 1443 2725 r.
1469 2674 1498 2724 et
1520 2668 1550 2722 iii
1567 2673 1646 2736 parte
1671 2678 1770 2723 aversa

945 2684 1053 2796 fitteris
1065 2752 1215 2796 incisorio
1237 2753 1300 2796 nuc.
1327 2754 1350 2796 s.
1372 2738 1407 2809 c.)
1432 2751 1481 2810 per
1500 2737 1650 2795 biennium
1663 2737 1724 2809 egit
1739 2736 1769 2793 lii

945 2811 1064 2867 oriente.
1093 2812 1172 2868 Tunc
1186 2824 1253 2868 vero
1267 2811 1395 2881 Traiani,
1412 2810 1542 2879 adriani,
1556 2813 1584 2864 et
1604 2808 1770 2864 Antonino-

946 2895 1009 2938 rum
1023 2882 1048 2937 le
1070 2880 1137 2937 ibus
1152 2895 1299 2953 nunquam
1320 2881 1469 2949 revocatis,
1483 2880 1518 2936 de
1534 2878 1642 2949 quibus
1655 2879 1769 2949 egimus

945 2967 1008 3023 pag.
1034 2898 1094 3021 lie,
1121 2954 1179 3008 imo
1201 2960 1228 3007 et
1255 2950 1464 3008 recentioribus
1479 2948 1651 3004 acaracalla
1666 2956 1767 3005 contra

944 3036 996 3078 iios
1018 3023 1087 3077 latis
1103 3023 1220 3079 excitati
1242 3023 1383 3078 delatores
1402 3025 1429 3076 et
1442 3020 1556 3090 judices
1576 3019 1765 3146 ειὲἑιιιιῑιιῖἐι

1682 3131 1689 3156 ,
1756 3119 1769 3131 .

62 3166 328 3236 sarcophagotunii
343 3167 433 3231 Bassi,
447 3167 539 3221 inciso
549 3164 888 3223 subconsulatulluscbii
944 3170 1023 3219 serite
1047 3165 1195 3233 principe:
1224 3165 1308 3231 cujus
1337 3162 1485 3232 presentis
1506 3160 1717 3230 indulgentiam
1739 3167 1769 3218 et

62 3239 90 3291 et
112 3236 238 3306 llypatii,
264 3237 371 3292 Christi
392 3235 454 3305 360,
477 3238 632 3306 spectando
653 3238 682 3292 in
702 3237 889 3292 subterranea

62 3305 889 3376 bisilicas.PetricontraaltareCiinlessionis.illiudquo-

62 3390 120 3448 que
130 3378 244 3449 signum
266 3379 464 3446 Redemptoris
480 3379 570 3434 nostri
588 3379 730 3448 prominet
746 3379 774 3432 iri
790 3377 888 3433 eodeni

62 3448 191 3516 vasculo,
209 3463 293 3505 usum
313 3450 460 3506 oculorum
485 3451 641 3506 tribuentis
664 3462 739 3504 caeco
759 3454 834 3503 nato.
858 3450 887 3503 ln

82 3519 154 3575 riori
163 3520 200 3592 llg
223 3521 571 3590 raopportuneindicatur
584 3518 886 3590 potestassacerdotii:

62 3532 887 3663 iiisecundisignoeffeciuscmisiicontactis.xliaeiiam

62 3661 179 3718 vascula
191 3668 334 3734 argentea,
346 3677 479 3719 eorumve
490 3661 647 3730 fragmenta
656 3663 728 3722 vidi.
743 3675 805 3732 quae
819 3661 888 3717 aliis

60 3731 239 3804 symboliset
249 3734 627 3790 characteribisithrisiiant
640 3734 735 3790 cultus
747 3733 888 3804 insignita

61 3808 142 3861 sunt.
166 3804 363 3862 Tertullianus
378 3805 561 3871 memorabat,
585 3806 738 3876 imaginem
760 3805 887 3860 Pastoris

61 3874 131 3931 boiii
142 3877 233 3931 nostri
246 3876 756 3946 inealicibusexprimiconsuevisse,
769 3875 886 3946 guidem

62 3945 94 4002 lii
104 3947 212 4017 pateris
226 3949 456 4076 recgffloscimus
470 3947 545 4016 apud
563 3948 721 4003 boldettum
731 3947 760 4001 iii
774 3946 884 4002 observ.

59 4016 177 4074 Coemet.
199 4032 232 4088 pa
255 4059 261 4073 .

60 4102 90 4143 vt
114 4089 150 4144 de
164 4035 265 4146 vitreis
280 4091 405 4146 vasculis
427 4092 665 4146 coemeteriorum.
685 4089 756 4145 Oves
772 4101 886 4159 quoque

59 4159 205 4216 Dominici
217 4163 312 4233 gregis
322 4162 549 4231 contemplamur
558 4163 587 4216 iii
602 4167 698 4218 nostro
711 4158 836 4222 urceolo,
849 4160 884 4214 ad

60 4230 174 4301 tignum
191 4233 387 4302 respicientes,
412 4247 461 4302 pro
477 4238 573 4288 nostra
597 4233 690 4287 salute
704 4231 842 4295 oblatum,
858 4238 887 4286 et

61 4302 202 4356 occisum.
214 4304 330 4359 Accedit
344 4303 504 4373 explicator
515 4304 643 4374 mysterii
653 4304 885 4372 chrysostomus,

63 4372 105 4427 lta
121 4372 301 4446 interrogans
315 4375 434 4431 homilia
444 4388 497 4430 ix:
518 4395 530 4426 i
544 4375 615 4445 Quis
629 4381 725 4444 pastor
737 4387 802 4429 oves
818 4386 886 4442 pro«

330 4062 337 4087 ,
354 4025 382 4076 et
392 4019 466 4089 apud
481 4019 575 4074 Senat.
594 4019 742 4075 Bonarroti
754 4017 811 4073 tab.
827 4033 843 4070 v
857 4022 887 4072 nt

944 3237 1106 3305 aequitatem
1120 3235 1202 3306 nobis
1212 3239 1336 3302 paratam
1347 3239 1551 3302 etpropeiisam
1562 3230 1693 3286 inanium
1704 3230 1768 3290 deo

944 3319 1006 3360 rum
1022 3305 1180 3361 saeriliculi
1205 3303 1420 3359 aversabantur.

977 3377 1239 3447 Conciliareigitur
1249 3376 1314 3445 jure
1325 3387 1478 3444 possumus
1490 3385 1523 3428 ac
1534 3370 1672 3428 debemus
1682 3370 1769 3441 prin-

943 3447 1018 3515 cipis
1031 3447 1186 3503 alexandri
1202 3460 1268 3516 erga
1282 3445 1463 3501 Christianos
1479 3443 1543 3498 beiii
1567 3444 1684 3498 nitatem
1701 3454 1765 3498 cum

943 3519 1062 3573 veritate
1075 3523 1220 3589 gestorum
1233 3529 1249 3572 a
1264 3517 1310 3573 SS.
1326 3514 1501 3587 martyribus
1511 3459 1565 3570 sui
1575 3515 1702 3583 ejusdem
1717 3513 1768 3569 iiii·

944 3590 1024 3657 perio
1039 3590 1130 3657 passis
1152 3595 1180 3644 et
1194 3588 1351 3654 coronatis,
1369 3587 1513 3656 praecipue
1525 3599 1592 3641 vero
1610 3585 1656 3640 SS.
1673 3584 1766 3640 Cacl-

943 3660 999 3720 hie.
1014 3659 1141 3716 Tiburtii
1164 3666 1193 3715 et
1207 3659 1369 3714 Valeriani:
1387 3671 1450 3729 quae
1469 3662 1548 3729 gesta
1561 3655 1680 3711 uberius
1696 3669 1766 3725 pro-

942 3733 1076 3801 sequitur
1092 3732 1232 3786 Baronius
1249 3731 1278 3784 iii
1296 3729 1373 3786 notis
1394 3729 1427 3784 ιιι
1443 3726 1681 3798 martyrologium
1691 3732 1719 3782 et
1734 3727 1763 3780 iri

942 3803 1113 3868 Annalibus,
1126 3802 1192 3856 licet
1203 3802 1329 3869 ejusdem
1341 3799 1528 3870 chronologia
1536 3811 1600 3854 eum
1614 3796 1766 3853 aeraCbri-

942 3875 979 3929 sti
996 3880 1158 3943 comparata
1172 3872 1290 3928 biennio
1305 3870 1419 3928 dillerat
1432 3884 1449 3926 a
1463 3875 1571 3937 nostra,
1587 3874 1621 3926 ut
1639 3869 1764 3925 adnom-

941 3946 983 4001 vit
992 3945 1215 4000 Sebelestratius
1229 3956 1317 4013 supra
1330 3943 1448 4010 relatus,
1462 3946 1575 3996 servate
1589 3945 1681 3996 tamen
1692 3952 1764 3995 con-

932 4030 1037 4084 sensu,
1053 4016 1082 4070 iii
1096 4028 1171 4071 neno
1183 4015 1298 4085 imperii
1313 4014 1468 4070 Alexandri
1479 4025 1554 4068 anrio
1570 4011 1673 4067 iisdem
1687 4022 1765 4066 mar-

940 4088 1025 4158 tyriis
1036 4086 1221 4159 assignando.
1735 4152 1741 4164 ι

976 4160 1080 4214 Praeter
1091 4158 1233 4214 musivum
1247 4170 1262 4211 a
1275 4155 1405 4212 Paschali
1420 4153 1513 4223 primo
1523 4156 1720 4209 constructum
1735 4165 1764 4207 iii

940 4228 1040 4286 abside
1055 4229 1136 4285 tituli
1149 4229 1177 4284 S.
1192 4228 1325 4294 Caeciliae,
1341 4227 1388 4282 ubi
1400 4224 1532 4281 versibus
1544 4225 1630 4280 etiam
1645 4236 1764 4293 expres-

941 4302 980 4356 sit
997 4302 1109 4356 inventa
1120 4306 1147 4356 et
1162 4306 1288 4356 extracta
1301 4313 1315 4354 a
1328 4311 1358 4353 se
1372 4296 1462 4354 fuisse
1476 4296 1640 4353 eorumdem
1655 4299 1765 4366 marty-

941 4371 1338 4441 rumcorporaincoemeterio
1348 4368 1472 4434 Callisti,
1484 4373 1513 4424 et
1524 4365 1763 4422 inhuuetltulum

61 4442 129 4513 prio
144 4445 234 4513 pascit
262 4447 389 4501 cruore‘l
416 4446 534 4516 Ecquid
558 4446 622 4501 ilico
650 4444 886 4513 pastorillatres
942 4443 1090 4515 translata,
1115 4444 1144 4498 ln
1161 4457 1217 4513 quo
1242 4443 1378 4513 religiose
1401 4435 1763 4501 servanturetcoluutur;

61 4513 161 4570 miiltae
173 4521 252 4584 sunt,
269 4531 331 4586 quae
348 4522 411 4586 post
425 4524 524 4587 partus
534 4517 647 4572 dolores
660 4516 736 4572 tilios
750 4516 820 4571 aliis
833 4522 886 4570 tra·
903 4494 1073 4584 Dsuperest
1095 4516 1181 4570 etiam
1207 4520 1287 4569 vetus
1310 4514 1421 4581 pictura
1436 4522 1508 4579 pone
1520 4507 1648 4563 absidem
1672 4505 1763 4561 Tituli

59 4584 136 4641 (lunt
159 4587 333 4643 nutricibus.
358 4590 415 4644 lloc
438 4595 532 4643 autem
550 4589 610 4656 ipse
626 4601 682 4643 non
702 4593 744 4642 est
765 4601 884 4657 passus,

59 4656 113 4712 ssd
128 4656 189 4727 ipse
210 4671 262 4714 iios
278 4661 395 4728 proprio
410 4659 550 4730 sanguine
566 4658 667 4728 pascit,
683 4666 711 4713 et
727 4672 776 4728 per
790 4659 887 4714 omnia

61 4739 116 4783 nos
126 4727 184 4784 sibi
195 4736 384 4800 coagmentat.
396 4748 408 4780 r
422 4732 451 4786 lii
463 4730 521 4785 alio
532 4730 799 4801 vasculoargenteo,
811 4729 887 4798 apud

58 4797 104 4854 cl.
123 4798 217 4855 virum
229 4802 265 4855 ιι.
281 4802 437 4856 Antonium
454 4800 640 4856 sabbatinum
654 4801 748 4856 llomae
763 4800 884 4855 custodi·

59 4874 125 4925 tum
138 4871 166 4924 in
180 4869 336 4928 lectissimo
348 4887 401 4928 suo
415 4872 623 4941 cimeliarchio,
637 4877 737 4940 prater
748 4871 888 4941 imagines

58 4940 171 4996 Christi
182 4943 296 4998 Domini
307 4948 334 4998 ct
344 4943 550 5011 apostolorum,
563 4956 671 4997 necnon
681 4941 809 4997 oviculas
820 4954 888 5012 gre-

59 5012 108 5084 gis
119 5013 165 5068 sui
182 5014 236 5069 sub
251 5015 303 5070 hoc
314 5016 428 5071 Pastore
440 5014 610 5084 dispositas,
620 5013 888 5083 supernavisiintur

940 4585 968 4640 S.
994 4586 1178 4641 Pudentianae
1195 4583 1348 4653 spectanda
1374 4582 1404 4636 iii
1426 4578 1531 4635 sacello
1552 4576 1696 4645 interiori,
1713 4574 1764 4631 ubi

942 4658 1090 4727 parietinae
1104 4655 1198 4710 adhuc
1211 4653 1382 4723 superstites
1392 4649 1546 4706 ostendunt
1561 4648 1666 4703 iontem
1680 4647 1763 4730 illum

940 4727 1098 4784 Christiani
1118 4725 1255 4795 baptismi
1270 4739 1286 4779 a
1310 4724 1357 4778 Pio
1374 4720 1507 4793 pontillce
1533 4719 1620 4789 hujus
1636 4719 1764 4775 nominis

944 4799 1036 4868 primo
1048 4797 1251 4857 constitutum,
1268 4796 1303 4850 de
1319 4807 1375 4865 quo
1400 4794 1429 4848 in
1450 4790 1527 4847 notis
1541 4791 1577 4846 ad
1592 4789 1655 4846 e‘us
1668 4790 1763 4845 Vitam

943 4868 1039 4925 iustus
1053 4869 1098 4938 egi
1126 4881 1188 4994 pag.
1207 4864 1259 4922 aaa
1274 4872 1302 4921 et
1322 4879 1400 4936 seqq.
1425 4861 1566 4945 usquead
1588 4804 1648 4917 lio.
1678 4860 1762 4919 ibid..

943 4953 976 5011 pa
1001 4936 1080 5007 dib,
1090 4939 1144 4994 col.
1179 4980 1186 5004 ,
1203 4937 1365 4993 indicabam
1377 4947 1526 5004 superesse
1540 4939 1681 5002 picturam
1691 4944 1765 5001 apo-

942 4957 1082 5067 stoiorum
1098 5006 1514 5078 baptismaadministrantlum
1526 5003 1661 5060 lidellbus
1673 5003 1701 5058 iii
1714 5016 1765 5058 ea-

59 5083 204 5140 columbae
217 5098 282 5140 cum
298 5088 431 5155 apposito
444 5086 542 5141 crucis
555 5085 647 5157 signo.
661 5082 743 5140 vasis
755 5084 845 5155 ligura
860 5088 889 5137 et
942 5083 1004 5138 dem
1034 5081 1172 5137 Pudentis
1190 5079 1285 5143 domo,
1312 5079 1479 5149 impressam
1504 5081 1532 5132 et
1546 5074 1705 5144 expositam
1729 5072 1765 5129 ab

58 5154 886 5222 celaturaindicarevidentur,illudadhibitumluissead

59 5239 177 5282 sacrum
193 5226 319 5284 chrisma
330 5229 547 5284 continendum.
562 5227 638 5283 Ordo
650 5229 794 5284 liemanus
809 5225 889 5281 anti-

59 5297 235 5368 quissimus,
265 5305 329 5369 post
356 5301 531 5369 llittorpium
557 5299 653 5354 editus
679 5297 887 5378 aniibitlonio,

60 5382 128 5440 pag.
144 5365 170 5437 l,
188 5383 266 5424 num.
289 5369 316 5433 3,
342 5372 470 5427 ostendit
484 5383 598 5426 sacrum
617 5370 743 5425 chrisina
761 5367 887 5438 praeterii

58 5442 247 5496 consuevisse
259 5442 387 5510 yiontihci
404 5443 439 5497 ad
457 5441 606 5497 stationem
623 5441 790 5494 solemniter
802 5439 889 5508 equi-

60 5511 137 5566 tanti
159 5513 381 5582 peracolythum
392 5513 608 5568 stationarium.
630 5510 733 5565 «Unus
748 5518 842 5564 autem
854 5522 888 5563 ex

59 5580 207 5650 acolythis
218 5586 409 5640 stationarius
421 5583 554 5652 praecedit
566 5582 694 5649 pedester
704 5593 808 5649 equum
825 5592 891 5648 pon·

61 5652 165 5714 tineis,
189 5660 303 5726 gestaris
325 5669 437 5710 sacrum
453 5653 578 5709 chrisma
600 5664 685 5706 maiiu
712 5651 740 5704 iii
757 5652 890 5720 mappula

944 5153 988 5208 ill.
1005 5151 1126 5222 praesule
1139 5155 1245 5208 toanne
1259 5149 1440 5233 ciampinio:
1457 5147 1543 5218 elque
1560 5146 1717 5230 proximam
1734 5143 1764 5200 in

943 5238 1011 5280 arcii
1026 5223 1163 5295 contiguo
1179 5236 1328 5295 superesse
1341 5221 1493 5294 imaginem
1515 5219 1542 5274 S.
1560 5217 1666 5301 Urbani
1688 5229 1766 5287 papae

945 5295 1147 5367 praemittentis
1168 5295 1202 5350 ad
1226 5294 1394 5365 martyrium
1421 5296 1536 5347 sanctos
1553 5288 1719 5344 Tiburtium
1739 5292 1767 5343 et

946 5368 1141 5431 Valerianum,
1157 5367 1302 5436 expressis
1316 5363 1498 5437 singulorum
1524 5359 1702 5428 nominibus,
1717 5358 1765 5415 sed

945 5439 1008 5507 ejus
1022 5437 1116 5509 angeli
1128 5439 1230 5506 ductu,
1250 5438 1333 5506 cuy'iis
1347 5440 1517 5505 conspectus
1538 5446 1554 5489 a
1568 5430 1683 5488 Caecilia
1697 5444 1767 5502 pro-

947 5510 1054 5564 missus
1065 5509 1177 5563 occasio
1192 5507 1389 5563 conversionis
1402 5505 1469 5562 lult.
1480 5504 1593 5560 Visitur
1607 5503 1768 5573 itaquean-

946 5580 1027 5651 gelus
1043 5581 1204 5648 precedens
1216 5579 1380 5634 Tiburtium
1393 5582 1421 5633 et
1435 5575 1628 5640 Valerianum,
1645 5580 1769 5630 etcoro-

948 5664 1011 5705 nam
1033 5651 1183 5719 imponens
1206 5651 1295 5720 capiti
1322 5649 1378 5705 sibl
1403 5648 1532 5719 proxime
1555 5646 1767 5716 consequentis,

64 5724 197 5780 involuta
209 5740 275 5782 cum
291 5726 428 5796 ampulla.
450 5744 464 5774 n
481 5724 671 5779 asservantur
686 5723 772 5778 ctiam
789 5728 847 5777 tuin
861 5722 891 5776 iu
947 5722 1117 5778 succedente
1142 5721 1256 5778 Urbano
1279 5734 1361 5793 papa,
1378 5721 1428 5791 qui
1454 5719 1559 5776 tertius
1579 5719 1613 5773 ad
1634 5730 1767 5773 coronam

64 5795 348 5866 musaeosabbatino,
358 5804 417 5853 tum
430 5796 576 5864 innostro,
588 5801 721 5866 argentea
731 5792 893 5849 cochlearia
948 5793 1034 5849 venit.
1050 5793 1159 5850 lbidcm
1178 5794 1336 5862 observavi,
1347 5791 1527 5862 comprobari
1540 5803 1575 5846 ex
1589 5789 1640 5844 bac
1656 5790 1768 5858 piiitura

63 5873 129 5925 tuin
145 5867 249 5937 solida,
262 5882 347 5940 quam
359 5867 511 5939 perlorata,
527 5866 621 5923 illaad
634 5866 783 5923 incensum
794 5864 894 5921 thuri·
950 5864 1061 5936 idquod
1076 5859 1789 5937 inlibrislectionariiseiusilemtituixies‘saaui,
