3884 6126
96 224 136 288 ill
579 240 748 303 CHRONOL.
771 239 913 300 CONSUL.
937 243 982 301 ET
1001 243 1082 302 CAES.
1106 245 1193 305 nont.
1215 249 1288 305 istc.
1365 251 1368 256 '

1735 257 1790 320 tto

112 356 185 413 Anni
228 359 418 430 Imperatores,
457 363 594 434 soresmos,
625 369 763 424 Romano-
793 371 872 423 .lmtt'
921 370 949 429 A
1001 368 1078 424 nnat
1114 369 1342 443 Christianorum,
1362 377 1518 433 ludaeorum
1543 384 1568 434 et
1588 382 1650 448 tini·
1692 384 1770 439 Anni

123 424 180 483 Per.
257 447 320 486 rum
333 448 375 488 res
388 439 479 506 peste,
494 441 520 491 et
547 437 714 496 documento.

125 497 176 554 lul.
785 513 893 565 onttet.

113 569 212 716 decbpssli.
756 580 908 653 postPolil.

224 758 295 831 977
320 761 441 838 lotias,
471 771 499 823 et
521 765 584 837 508,
608 765 634 838 l,
662 769 769 827 Reland

224 864 259 907 ex
279 866 310 924 ιι,
330 861 358 910 et
380 851 407 926 3,
431 869 456 910 c.
484 856 519 912 de
544 857 648 930 piguor
672 859 768 917 aelio-

227 953 262 996 ue
286 949 340 999 etc.

222 1034 305 1089 Anno
315 1035 405 1103 primo
417 1033 519 1090 Snunnt
532 1035 694 1094 Αιιιιιιιιιιιι
718 1041 769 1108 fo-

224 1128 267 1178 cto
280 1127 320 1178 est
333 1136 382 1178 xlv
399 1123 545 1180 l‘ascbalis
560 1125 661 1182 idibus
674 1126 767 1196 April.

224 1211 357 1268 Sabbata.
379 1214 500 1267 llarmor
519 1211 547 1268 S.
576 1212 721 1285 Hippolyti
733 1228 768 1270 ex

223 1305 333 1358 coemet.
358 1301 384 1357 S·
414 1303 488 1357 laur
513 1301 543 1356 iu
568 1315 637 1375 agro
659 1305 768 1362 verano

224 1389 392 1447 translatum
409 1391 439 1445 in
454 1390 590 1447 llibllollt.
608 1391 689 1448 Valle
702 1394 769 1450 edi-

224 1484 271 1535 tus
282 1479 310 1534 in
322 1479 404 1535 Notis
419 1492 474 1550 pag
490 1476 551 1535 760.
582 1480 684 1536 Eodem
708 1496 765 1537 an-

224 1582 260 1625 no
274 1568 499 1639 persecutionem
512 1575 624 1626 movent
637 1571 665 1625 ln
676 1569 764 1626 Clari-

223 1659 333 1714 stiaoos
351 1656 568 1727 iurisconsulti,
596 1660 632 1715 de
659 1660 766 1732 quibus

226 1747 457 1818 annosequenti·
921 1722 947 1784 Β

96 1854 192 1919 7936
259 1857 319 1925 lup
338 1855 413 1910 caess
437 1854 524 1910 nurel
559 1855 612 1912 Ser
636 1856 764 1913 Alexan·
808 1854 862 1915 975
1020 1866 1039 1908 ιι

96 1951 172 2009 ιιι
223 1939 438 2015 derp.m.tr.l
465 1941 492 2012 9,
519 1958 578 2000 cos.
808 1943 861 2004 976

114 2038 161 2094 F
247 2069 316 2125 Coss
335 2033 364 2089 C.
403 2034 663 2118 ilariusllaximus
676 2050 707 2090 ιι.

335 2105 364 2160 1..
400 2106 521 2161 Roscius
561 2106 704 2163 AElranus.

260 2194 344 2250 Grut.
366 2191 465 2251 70059

262 2283 348 2338 Noris
361 2283 442 2352 Epist
451 2284 524 2339 lions
551 2297 585 2339 ex
600 2283 657 2339 Tab
672 2298 759 2341 anea.

226 2371 300 2443 Spon
315 2369 380 2438 967,
406 2372 526 2428 Fabrett
546 2370 612 2439 599,
638 2373 764 2429 Alexan-

227 2461 762 2534 derl’apinlanum,Paulum‚Pompo-

225 2549 315 2616 nium,
328 2549 453 2616 Celsum,
469 2551 671 2622 Modestinum,
699 2550 757 2607 lle-

226 2638 353 2707 nulejum
368 2639 449 2694 ictos
465 2639 658 2708 peritissimos
676 2639 760 2696 adbi-

225 2725 271 2782 bet
280 2727 475 2785 consiliarios.
492 2728 545 2784 Sed
560 2729 590 2784 bi
612 2728 759 2785 Christia-

226 2829 262 2871 no
275 2816 387 2873 nomini
403 2815 509 2873 inleusi
537 2818 763 2887 persecutionem

225 2910 324 2961 contra
336 2905 518 2963 Christianos
531 2911 655 2963 movent.
667 2907 761 2964 Petat.

222 2994 256 3048 ad
271 3007 339 3050 ann.
357 2995 476 3064 praeeed.
490 3009 524 3052 ex
545 2994 689 3066 lamprid.

143 3071 192 3135 7977
255 3083 525 3152 lmpcaesllnur
546 3084 597 3141 Ser
620 3083 691 3141 Alex
712 3087 766 3142 eto.
804 3082 858 3142 976
918 3048 943 3113 G
1009 3093 1040 3136 ¹11

143 3160 162 3235 7,
173 3166 197 3226 76
224 3181 260 3227 tr.
271 3169 427 3242 pascos.
810 3170 863 3230 977
1006 3180 1035 3223 U

225 3422 336 3479 Fabrett
374 3424 498 3495 inscript
532 3439 559 3494 p.
603 3421 655 3480 695
690 3437 760 3480 num

222 3509 317 3569 96977
334 3527 391 3585 quo
416 3513 487 3569 Card
513 3514 597 3570 Noris
622 3514 651 3567 in
680 3514 762 3583 Epist

223 3602 372 3660 consulari
389 3619 415 3674 p.
433 3601 493 3660 737.
509 3604 614 3661 llelaud
626 3616 661 3659 et
683 3602 703 3658 l.
731 3615 761 3657 ιι

224 3691 286 3748 cde
301 3691 398 3748 inoliic
412 3699 513 3750 testam
527 3699 581 3759 etc,

257 3783 398 3853 Ulpianus
407 3783 635 3854 lCtusinsiguis‚
649 3787 677 3838 et
694 3780 764 3851 prael

227 3876 358 3940 pretorio
384 3885 401 3928 a
425 3870 571 3927 militibus
611 3871 764 3940 praetoria-

225 3960 269 4016 nis
283 3959 470 4017 interficitur.

152 4033 199 4098 7788
257 4050 317 4119 lmp
344 4048 405 4105 Caes
431 4050 466 4104 ll.
490 4049 551 4105 llur
573 4048 656 4105 Seven
689 4047 760 4104 Ale-
808 4044 861 4103 977
1002 4033 1049 4090 Ol·

148 4121 204 4196 llll
225 4139 387 4196 candorem
403 4145 438 4195 tr.
457 4135 516 4209 p.3
542 4135 568 4209 l,
592 4152 650 4196 cos.
804 4133 859 4192 978
998 4117 1052 4176 25⁰
1196 4205 1252 4218 ..
1484 4205 1490 4218 ι

1012 4221 1040 4265 ιιι
1097 4205 1309 4278 olympiadtcue
1321 4201 1400 4261 7907.
1413 4204 1519 4262 Caluus.

354 4340 362 4354 .
380 4301 527 4355 former.
1018 4303 1044 4354 et

917 4416 945 4479 D
978 4387 1009 4442 0.
1023 4382 1073 4443 eol

243 4263 309 4321 Coss
328 4270 335 4283 .
355 4268 383 4283 ..
399 4229 528 4286 'Fuscus
542 4240 572 4299 ιι,

258 4390 364 4447 Gruter
383 4387 401 4446 9
423 4386 480 4445 977
507 4386 552 4458 97,
568 4403 632 4460 quae
656 4387 761 4444 inscri-

229 4478 282 4546 ptio
298 4492 377 4535 nunc
388 4484 432 4535 est
448 4478 478 4534 in
497 4478 607 4534 Palatio
617 4477 763 4532 Faruesia·
1027 4490 1035 4532 ι

227 4578 269 4624 no.
284 4569 380 4624 llomae
395 4567 473 4624 aliua
488 4566 564 4639 lapis
578 4564 695 4620 Gruteri
711 4561 764 4620 793

231 4654 764 4716 asservabaturiuaedlbuscaesarinlsa

232 4759 271 4802 me
282 4753 439 4819 spectatus,
452 4749 481 4804 ln
495 4758 550 4818 quo
567 4744 622 4816 legi
642 4743 764 4800 Dedica-

227 4837 297 4894 oitll
305 4838 444 4893 Decembr.
456 4838 490 4891 l..
507 4835 632 4905 Turpilio
653 4835 691 4888 De
706 4873 713 4887 .
729 4871 759 4887 ..

232 4938 260 4979 ro
268 4926 306 4981 77.
319 4927 404 4981 llecio
416 4927 487 4992 liufo
497 4938 550 4978 cos.
563 4923 616 4980 Sed
639 4921 767 4979 credun·-

231 5016 275 5069 tur
289 5015 318 5069 bi
333 5029 398 5072 coss
421 5010 545 5070 sullecti.
574 5013 645 5068 vide
668 5011 767 5067 llelau-

232 5101 295 5159 dum
306 5110 335 5160 et
348 5105 378 5161 in
393 5118 426 5161 oo
441 5103 449 5160 7
464 5101 519 5160 96.
535 5102 571 5159 de
595 5106 695 5158 testam
720 5105 765 5156 etc

230 5189 383 5251 Alexander
406 5195 543 5250 Thermas
567 5194 661 5249 lloma
696 5203 769 5247 con-

228 5283 321 5351 struit,
336 5283 411 5354 leges
422 5283 532 5351 condit,
544 5288 572 5336 et
586 5278 766 5336 llatbematl-

230 5381 275 5425 cos
284 5371 385 5427 docere
398 5371 529 5427 instituit
541 5383 575 5424 ex
592 5367 766 5436 lampridio.

157 5435 203 5502 *937
259 5460 397 5529 imperes
424 5461 460 5515 ll.
484 5459 544 5515 nur
569 5457 620 5513 Ser
641 5457 768 5512 Alexan·
802 5450 857 5509 978
1026 5463 1035 5504 ι

155 5527 662 5618 litterator-pieta,cosa,
803 5539 857 5599 979
1016 5551 1036 5593 1:

805 439 871 496 UA?
982 439 1089 512 olymp.
1146 446 1272 499 timorum
1290 447 1466 518 populorum,
1495 451 1644 521 Pontifices,
1704 456 1776 508 AErae

1140 530 1227 582 repes,
1251 531 1294 571 res
1320 523 1402 585 peste
1417 523 1442 573 et
1474 521 1644 578 documento.
1675 523 1787 581 ennon.

1109 761 1159 833 qui
1170 761 1207 817 ab
1221 776 1295 820 anno
1318 769 1489 835 praecedcnli
1519 771 1647 828 vicarius

1101 849 1196 908 iuerat
1221 859 1249 910 et
1280 856 1433 926 episeopus
1473 859 1638 918 ordinatus.

1140 939 1211 997 Vide
1226 950 1308 999 notas
1324 958 1351 1015 p.
1368 941 1421 1001 778
1434 952 1464 1004 et
1477 947 1639 1021 Prolegom.

1106 1026 1155 1085 iol.
1173 1043 1235 1086 xcv.

1139 1117 1197 1173 lloc
1211 1132 1286 1177 anno
1295 1121 1404 1179 decima
1414 1128 1517 1194 quarta
1526 1125 1648 1182 Pascha·

1106 1202 1260 1264 lislncldit
1276 1210 1305 1265 in
1327 1211 1402 1267 diem
1424 1212 1528 1269 iduum
1556 1215 1648 1286 Apri-

1108 1290 1178 1350 lium
1205 1296 1337 1356 Sabbato.
1375 1301 1413 1356 Bx
1449 1315 1589 1360 marmore
1616 1302 1644 1360 S.

1110 1383 1256 1456 llippolyti
1280 1396 1426 1447 asservato
1447 1392 1477 1446 in
1506 1390 1643 1449 biblioth.

1105 1471 1258 1540 vaticanae,
1294 1477 1396 1536 ellosso
1419 1494 1453 1536 ex
1482 1486 1645 1539 ooemeterio

1110 1559 1140 1618 in
1155 1577 1223 1636 agro
1237 1566 1347 1624 Verano
1361 1583 1417 1641 pag
1429 1567 1490 1636 766,
1520 1569 1569 1626 ubi
1598 1576 1640 1627 est

1108 1657 1206 1729 cyclus
1220 1655 1367 1712 Pascbalis
1383 1671 1432 1727 per
1444 1659 1648 1714 lieccaedecao

1107 1744 1386 1802 teridascoutextus.

1137 1851 1244 1908 Urbani
1263 1848 1274 1905 l
1289 1859 1317 1908 et
1326 1850 1353 1908 9.
1684 1852 1738 1912 993

1002 1939 1048 1996 ἰιι
1139 1942 1167 1996 S.
1184 1939 1317 1997 Urbanus
1329 1942 1454 2012 primum
1468 1943 1575 1999 Pascha
1594 1957 1646 2000 ce-

1105 2028 1257 2085 lebratsul
1273 2038 1341 2100 pont
1367 2032 1436 2087 ilom
1459 2031 1505 2088 bis
1534 2033 1645 2089 cosdie

1099 2118 1250 2174 Dominica
1264 2131 1316 2174 lllll
1330 2118 1397 2176 ldus
1413 2120 1534 2191 Aprilis,
1553 2127 1586 2178 ut
1610 2121 1641 2176 in

1102 2206 1181 2279 cyclo
1194 2208 1221 2264 S.
1235 2208 1381 2280 lllppolyti
1406 2222 1492 2279 snpra
1515 2206 1641 2281 pagloo.

1101 2293 1232 2363 Quareet
1261 2296 1290 2353 bi
1317 2311 1392 2354 coss.
1423 2296 1510 2368 primi
1536 2297 1564 2351 ei
1592 2296 1645 2351 tri-

1103 2383 1243 2441 buuntur.
1259 2383 1327 2441 llitle
1340 2392 1423 2442 notas
1445 2398 1499 2455 pag
1524 2379 1586 2439 778.

1077 2489 1083 2500 ·
1136 2472 1244 2531 tudaeis
1269 2472 1306 2529 ab
1331 2473 1494 2529 Alexandro
1522 2484 1644 2528 conces-

1100 2574 1175 2630 sum,
1200 2565 1233 2617 ut
1256 2558 1421 2631 prefectum
1445 2574 1528 2618 suum
1557 2557 1648 2616 babe-

1100 2657 1174 2718 rent,
1194 2655 1223 2706 et
1249 2651 1279 2706 iu
1309 2649 1460 2707 Palaestina
1482 2649 1646 2708 babitarent

1098 2739 1286 2796 Caluisiusen
1311 2738 1445 2796 Eusebio.

1135 3074 1355 3134 Urbanibetd.
1683 3073 1737 3134 997

1134 3166 1294 3223 Alexander
1309 3168 1339 3222 in
1353 3180 1406 3223 suo
1430 3166 1536 3222 larario
1563 3165 1641 3222 inter
1687 3166 1749 3220 lliss

1101 3251 1262 3309 illustrium
1293 3255 1421 3308 virorum
1460 3261 1489 3309 et
1517 3255 1636 3309 deorum

1100 3353 1218 3396 suorum
1235 3340 1318 3412 sigua
1332 3340 1455 3395 collocat
1469 3340 1554 3396 etiam
1582 3340 1640 3396 ima

1098 3429 1193 3500 gluem
1230 3427 1332 3482 illinisti
1366 3428 1476 3482 Domini
1506 3425 1641 3497 lamprid

1102 3517 1301 3586 inelusllita.

1134 4028 1240 4086 Urbani
1256 4025 1313 4084 det
1324 4023 1352 4083 7.
1683 4024 1737 4083 995

1130 4117 1276 4187 Olympias
1290 4128 1348 4172 cccl
1360 4118 1433 4172 aeta.
1448 4117 1566 4175 Bataua
1578 4169 1582 4175 .
1593 4135 1608 4174 ι.

1137 5444 1244 5502 Urbani
1258 5441 1275 5499 7
1289 5448 1318 5500 et
1331 5440 1358 5499 5.
1683 5436 1736 5496 996

1140 5534 1306 5589 Artaxerces
1329 5533 1413 5588 Persa
1426 5528 1524 5589 delicit
1542 5542 1558 5584 a
1573 5529 1640 5584 Par·
