3892 6136
58 269 112 327 tun
173 297 178 304 ·

421 273 623 329 sctiEiEH'n.
643 275 791 330 bisseni.
814 275 858 327 DE
881 273 993 344 hailo.
1017 275 1099 332 boli.
1121 278 1218 335 PONT.
1240 280 1406 340 CATALOG.

1713 289 1765 350 lid

60 401 192 470 martyrii
219 401 329 457 mentio
348 404 514 472 reperitur,
533 409 719 475 praeterquam
743 406 772 459 in
793 402 925 468 Petr0,A
943 402 1078 460 Humanis
1101 407 1288 463 Pontillcibus
1306 407 1575 468 demonstravimus.
1595 416 1691 474 Tertio
1711 433 1765 489 po-

59 490 109 560 qui
134 490 221 544 unico
240 489 327 544 verbo
349 490 402 545 sub
421 492 532 547 Nerone
553 505 652 561 passus
672 492 793 555 dicitur,
813 491 886 544 etin

60 578 210 644 Pontiano,
224 577 273 646 qui
287 577 315 632 in
327 578 463 633 exsilium
477 579 582 634 missus
593 578 818 647 perhibetur‘iSi
831 578 889 632 haec

62 680 128 737 pars
138 666 299 720 contineret
317 665 500 735 illaqunrum
515 667 628 736 antiqui
645 666 767 735 catalogi
785 666 888 721 memi-

63 758 178 822 nerunt,
195 765 291 808 nonne
306 759 383 824 gesta
400 754 568 822 pontificum
584 768 740 824 eorumque
757 754 887 824 martyrii

63 856 153 914 genus
164 843 194 896 in
208 840 259 896 illa
272 842 408 897 adnotata
423 840 644 898 luissent‘lHaec
655 843 732 898 enim
747 848 815 898 sunt
826 856 889 913 quae

63 931 209 987 liutherus
223 943 293 1000 papa
308 944 324 984 a
341 931 463 986 notariis
477 931 634 1001 diligenter
646 932 850 1002 conquisiisse,
862 935 891 987 et

65 1022 92 1075 in
115 1019 246 1076 Ecclesia
272 1021 468 1076 recondidisse
489 1019 591 1088 lertur,
618 1034 675 1078 non
695 1027 790 1076 autem
814 1033 890 1075 mera

63 1111 258 1165 Romanorum
282 1108 451 1179 pontificum
479 1109 595 1165 nomina
620 1124 684 1166 curn
709 1107 889 1176 consulibus,

62 1196 173 1268 quibus
189 1197 299 1267 singuli
316 1201 473 1267 coeperunt,
489 1203 518 1254 et
531 1198 690 1266 desierunt,
707 1197 781 1253 utin
799 1197 890 1268 priori

64 1284 888 1357 parreantiquioriscaralogt,dequeinpresentiagimus.

62 1373 172 1428 Deinde
187 1372 345 1429 notandum
361 1374 478 1430 omnino
494 1379 546 1442 est,
559 1374 712 1427 [indicorum
724 1379 800 1441 qesta
813 1389 893 1427 rnor-

64 1461 890 1532 tyrunrconquisiisse,nonsolumsummorumpontilieum,

64 1550 111 1605 sed
121 1550 248 1605 aliorum
261 1563 499 1620 quorumcunque
511 1549 649 1619 lidelium,
663 1552 713 1621 qui
724 1550 891 1620 proChristi

66 1639 119 1694 lide
134 1639 163 1692 in
180 1638 244 1693 dies
260 1638 429 1704 martyrium
446 1638 574 1710 obibant,
591 1640 660 1694 adeo
677 1643 708 1694 ut
724 1645 811 1710 gesta,
829 1653 892 1709 quar

943 492 986 546 nit
1005 506 1095 547 :runos
1116 495 1335 563 pontificatuum
1349 503 1377 551 et
1395 499 1527 554 consules
1541 503 1699 561 exordinet
1715 507 1765 564 lini

945 580 1110 646 pontiticum
1131 583 1302 654 assignatos,
1323 584 1371 640 sed
1391 585 1462 640 adeo
1483 586 1512 641 in
1531 588 1677 661 plerisque
1696 592 1768 651 lucis

944 668 1001 722 sibi
1023 675 1224 740 repugnantes,
1241 677 1274 725 ut
1295 676 1407 741 tempus
1427 686 1567 731 annorum
1582 681 1611 733 et
1626 682 1767 738 mensium

943 759 1108 812 adversetur
1118 758 1297 828 consulibus,
1309 766 1337 815 et
1346 761 1498 817 consulum
1511 769 1636 834 tempora
1648 770 1770 838 paucio-

945 859 1000 913 res,
1028 845 1157 915 pluresve
1175 860 1276 915 annos,
1289 862 1381 931 quam
1402 853 1565 925 acatalogo
1584 857 1767 932 exhibentur,

945 933 1793 1006 designent.Unumepluribusadduxissesuliiciet.Habet¹
1844 954 1853 964 '

946 1023 980 1078 de
995 1028 1093 1081 octavo
1111 1024 1244 1092 pontillre
1267 1026 1418 1097 antiquior
1432 1027 1480 1084 hic
1495 1032 1654 1105 catalogus.
1672 1037 1771 1095 «Six-

947 1120 993 1168 tus
1008 1113 1093 1167 annis
1110 1126 1138 1179 x,
1157 1113 1304 1170 mensibus
1318 1129 1360 1185 ιιι,
1378 1115 1481 1174 diebus
1496 1132 1556 1176 xxx.
1572 1121 1640 1178 Fuit
1659 1128 1773 1196 tempo-

948 1200 1029 1255 ribus
1052 1201 1201 1265 Hadriani,
1227 1215 1242 1257 a
1264 1202 1415 1260 consulatu
1442 1206 1524 1277 Nigri
1551 1212 1580 1265 et
1599 1210 1769 1287 Aproniani,

949 1300 1039 1358 usqae
1063 1289 1134 1344 Vero
1160 1303 1192 1343 ιιι
1213 1295 1241 1344 et
1264 1290 1427 1348 Ambibulo.
1450 1312 1463 1343 u
1485 1294 1562 1351 Anni
1584 1308 1773 1360 numerantur

947 1376 1054 1441 decern,
1077 1383 1105 1434 et
1129 1392 1241 1434 menses
1263 1384 1332 1448 tres,
1357 1379 1407 1436 ubi
1430 1382 1518 1455 Niger
1539 1390 1567 1441 et
1587 1387 1771 1457 Apronianus

947 1465 1080 1520 consules
1092 1464 1209 1522 fuerunt
1221 1481 1277 1523 cera
1289 1468 1402 1541 vulgari
1420 1467 1480 1527 lli.
1492 1472 1582 1530 Verus
1594 1482 1688 1535 autern
1702 1494 1734 1535 ιιι
1745 1485 1775 1538 et

947 1552 1119 1609 Ambibulus
1140 1555 1320 1612 consulatum
1344 1557 1478 1616 obierunt
1493 1575 1549 1618 ιιι
1565 1560 1625 1620 lad.
1642 1567 1683 1622 hb
1697 1581 1773 1626 aiano

948 1648 1042 1696 autern
1055 1637 1150 1696 iliad
1161 1640 1220 1710 ι96,
1232 1657 1288 1699 non
1299 1654 1419 1714 possunt
1430 1651 1575 1706 numerari
1587 1653 1771 1725 anuidecem,

67 1730 127 1797 ipse
150 1727 182 1782 in
210 1727 337 1782 Ecclesia
366 1727 536 1794 recondidit,
572 1727 667 1796 potius
695 1719 931 1799 hiartyrologiiB
948 1733 976 1784 et
993 1742 1101 1784 menses
1118 1736 1184 1800 tres,
1201 1732 1249 1786 sed
1266 1736 1376 1788 tantum
1391 1735 1459 1788 anni
1477 1748 1575 1792 novem
1590 1756 1597 1805 ;
1615 1739 1735 1813 ideoque
1745 1750 1775 1799 et

66 1830 151 1886 quam
162 1816 286 1887 catalogi
299 1813 417 1870 lormarn
433 1815 567 1871 habuisse
578 1816 748 1885 oportuerit.
762 1815 892 1884 Subiun-

67 1906 107 1976 git
122 1918 191 1959 sero
205 1910 306 1959 auctor
321 1902 390 1958 libri
415 1904 593 1959 Pontificalis
611 1905 640 1960 in
655 1905 781 1959 Fabiano
800 1923 806 1958 :
821 1905 894 1957 Fecit

66 2001 166 2065 septum
181 1993 372 2056 sululioeonos,
390 1994 438 2061 qui
455 1998 554 2062 septem
573 1995 689 2048 notoriis
712 1995 892 2055 irremincrrnt,

65 2091 94 2137 ut
119 2088 198 2151 prstu
221 2087 373 2149 morrtprum
401 2084 430 2136 in
459 2084 595 2150 integrum
630 2083 796 2151 colligerent.
832 2082 893 2150 Quo

68 2172 207 2243 loquendi
227 2171 310 2227 modo
332 2170 489 2237 indicatur,
510 2177 629 2226 cunctos
650 2176 807 2241 martyrum
825 2183 893 2239 pro-

66 2274 176 2321 cessus,
198 2264 351 2330 tormenta,
374 2259 467 2326 verba,
484 2264 512 2314 et
532 2265 619 2327 gesta,
636 2272 652 2314 a
668 2258 791 2314 notariis
807 2259 894 2327 jnssu

66 2348 186 2404 Fabiani
202 2347 359 2415 diligenter
374 2360 487 2417 quoque
501 2347 635 2401 adnotata
651 2344 752 2402 luisse.

99 2434 127 2493 7.
144 2436 288 2492 litantem
304 2434 413 2490 clarius
428 2440 539 2490 constet
552 2435 710 2491 bulherum
723 2447 822 2505 papam
836 2446 893 2489 non

66 2540 127 2583 esse
137 2529 286 2580 auctorem
303 2523 410 2593 prioris
421 2523 544 2592 catalogi
559 2524 659 2593 partis,
674 2521 760 2578 refert
770 2521 891 2593 catalogi

66 2621 169 2671 auctor
189 2612 362 2669 Clementem
387 2615 452 2667 ante
473 2611 583 2667 cletum
604 2617 704 2667 contra
729 2618 893 2682 perpetuam

68 2705 202 2758 nomana
218 2700 350 2756 Ecclesiae
366 2699 560 2770 traditionem,
574 2713 636 2770 quae
648 2700 677 2754 in
688 2699 894 2770 antiquissimo

66 2805 177 2847 canone
194 2791 289 2845 missa
308 2789 366 2859 jam
385 2789 481 2844 inden
498 2788 584 2845 tertio
601 2788 645 2843 rel
666 2793 769 2858 quarto
789 2786 894 2843 saeculo

67 2879 236 2935 memoriam
254 2876 322 2932 lecit
339 2878 412 2939 Lini,
430 2878 506 2938 Cletr',
523 2876 674 2939 Clementis,
696 2875 746 2946 qui
768 2879 809 2930 est
825 2875 895 2930 ordo

70 2968 230 3037 primorum
255 2964 422 3036 pontificum
445 2966 528 3033 juxta
549 2965 703 3020 itomanam
727 2963 892 3019 Ecclesiam.

948 1815 1121 1873 Gadeiridus
1136 1818 1334 1875 ilenschenius
1352 1821 1381 1875 in
1397 1836 1450 1878 sua
1465 1824 1634 1882 chronotaxi
1650 1830 1774 1897 protulit

950 1904 1147 1975 pontificatum
1170 1907 1244 1962 sixti
1271 1907 1305 1963 ad
1326 1922 1433 1966 annum
1459 1908 1519 1967 497.
1546 1914 1626 1983 Quod
1651 1921 1680 1972 et
1700 1917 1772 1975 alibi

951 1992 1056 2049 irretunr
1070 1993 1184 2049 ridetur
1198 1999 1299 2051 contra
1316 2010 1421 2053 morem
1437 1998 1571 2072 catalogi.
1587 2003 1637 2073 qui
1654 2004 1774 2061 ultimus

949 2081 1082 2137 consules
1105 2082 1239 2138 exhibere
1262 2085 1420 2154 consuevit,
1445 2087 1551 2156 quibus
1576 2090 1775 2149 occubuerunt

950 2170 1109 2239 pontillces.
1125 2170 1219 2241 Atque
1235 2172 1303 2239 berc,
1322 2173 1351 2227 ni
1368 2170 1463 2240 lallor,
1478 2174 1628 2232 sufficiunt
1641 2180 1676 2235 ad
1689 2180 1775 2236 erin-

948 2258 1069 2314 cendum
1091 2259 1213 2328 priorem
1234 2259 1356 2331 catalogi
1379 2265 1487 2329 partem
1502 2262 1538 2319 ab
1556 2263 1685 2323 hnthero
1701 2281 1773 2341 papa

948 2346 1091 2402 conscribi
1108 2359 1163 2403 non
1180 2347 1317 2417 potuisse.
1699 2400 1702 2407 .

983 2432 1010 2489 8.
1032 2435 1185 2491 videamus
1202 2436 1260 2506 jara
1282 2435 1317 2492 de
1337 2438 1462 2495 secunda
1482 2445 1569 2513 parte,
1590 2456 1675 2514 quam
1693 2445 1773 2503 Hen-

949 2522 1085 2579 schenius
1104 2522 1140 2579 ab
1160 2536 1218 2579 unc
1237 2529 1365 2594 auctore,
1389 2525 1526 2584 nimirum
1549 2529 1669 2589 Damaso
1689 2547 1771 2605 papa,

950 2611 1161 2681 papebrochius
1181 2624 1247 2668 reru
1268 2625 1284 2668 a
1306 2618 1430 2684 quatuor
1447 2616 1571 2674 diversis
1592 2622 1771 2696 auctoribus,

949 2701 999 2770 qui
1015 2697 1051 2754 ab
1065 2697 1192 2755 Anthero
1214 2701 1354 2771 usquead
1371 2703 1484 2759 Damasi
1502 2710 1629 2777 tempora
1644 2710 1773 2782 scripse-

950 2792 1027 2856 runt,
1050 2791 1194 2843 exaratam
1216 2786 1307 2844 tuisse
1333 2794 1480 2858 putarunt.
1508 2793 1600 2864 thue
1619 2796 1655 2852 de
1678 2798 1772 2866 primo

950 2875 1051 2930 horum
1064 2880 1323 2947 quatuuragamus,
1338 2878 1461 2934 credidit
1475 2881 1695 2954 papebrochius,
1707 2899 1772 2943 eum

950 2976 1015 3019 cum
1031 2967 1130 3018 sancto
1150 2963 1242 3019 Felice
1264 2962 1383 3033 liniisse,
1408 2979 1531 3038 cumque
1546 2970 1625 3028 Felix
1639 2972 1771 3045 Dionysii

71 3057 142 3112 lieri
158 3069 227 3126 ergo
244 3067 299 3109 non
318 3059 410 3124 potest
423 3053 499 3123 quod
516 3058 593 3124 gesta
608 3059 794 3122 martyruma
810 3038 931 3107 nota-C
950 3064 1098 3106 successor
1112 3050 1216 3107 vixerit
1231 3051 1311 3107 circa
1331 3065 1437 3110 annum
1453 3051 1516 3127 979,
1531 3057 1594 3127 ejus
1611 3060 1702 3128 partis
1717 3076 1774 3120 au-

70 3145 121 3200 riis
140 3142 281 3199 Humanis
300 3142 456 3213 diligenter
474 3141 649 3212 conscripta,
669 3148 697 3196 et
716 3140 752 3195 ab
767 3139 894 3195 anthero
950 3142 1055 3194 ctorem
1071 3144 1136 3193 ante
1151 3137 1249 3195 saculi
1266 3141 1345 3196 tertii
1362 3141 1444 3198 tinem
1468 3144 1611 3202 floruisse.
1627 3149 1730 3206 Verum
1746 3150 1772 3207 si

71 3247 140 3303 papa
157 3233 188 3287 in
202 3231 323 3286 scriniis
337 3231 467 3285 Romanae
482 3230 617 3285 Ecclesia
633 3229 789 3297 recondita,
804 3228 894 3283 alium
950 3233 1050 3281 auctor
1070 3226 1147 3281 tertii
1161 3226 1257 3282 secuti
1273 3232 1379 3296 partem
1401 3229 1524 3302 catalogi
1537 3231 1572 3287 ab
1592 3232 1719 3292 hathero
1737 3236 1773 3292 ad

70 3321 200 3376 ordinem
219 3317 383 3386 habuerint,
399 3322 427 3375 et
441 3317 611 3373 Clementem
631 3315 709 3372 cleto
730 3327 896 3385 praeposue-
952 3313 1071 3369 l'eiicem
1086 3315 1303 3384 composuisset,
1320 3321 1481 3385 perspectos
1496 3318 1594 3387 procul
1610 3320 1699 3380 dubio
1720 3323 1775 3379 ba-

73 3410 137 3464 rint.
164 3410 263 3478 Neque
284 3407 319 3461 ad
344 3407 431 3477 hujus
452 3405 575 3476 catalogi
599 3409 744 3461 auctorem
771 3402 897 3474 respexit
951 3400 1062 3458 buisset
1084 3403 1130 3458 sui
1158 3404 1296 3472 temporis
1321 3404 1516 3472 ponderatus,
1542 3410 1570 3461 et
1594 3409 1773 3483 consulatus,

72 3497 155 3552 dirus
169 3496 371 3565 Hieronymus,
387 3496 455 3551 dum
475 3494 595 3564 scripsit
611 3493 640 3548 in
660 3493 813 3560 Clemente,
829 3504 895 3547 eum
951 3491 1070 3561 suisque
1083 3490 1253 3547 consulibus
1268 3490 1418 3559 perduces
1431 3491 1622 3561 assignasset:
1638 3498 1774 3554 ettamen

74 3583 162 3642 luisse
183 3584 281 3639 ordine
299 3589 438 3654 quartum,
461 3585 570 3638 tornetsi
588 3583 714 3652 plerique
736 3583 897 3635 Latinorum

73 3675 221 3728 serrandum
254 3678 315 3743 post
346 3673 456 3727 Petrum
486 3672 638 3742 apostolum
670 3671 757 3737 fuisse
788 3671 895 3738 perierat.

74 3763 224 3817 Enimvero
247 3774 297 3830 per
316 3759 465 3831 plerosque
489 3761 654 3816 Latinorum
674 3771 730 3812 non
755 3755 899 3811 intellexit

74 3852 157 3907 dirus
179 3850 370 3920 Hieronymus
392 3850 545 3905 Romanam
568 3847 737 3915 Ecclesiam,
764 3850 815 3901 aut
837 3845 900 3913 ejus

76 3938 235 4009 pontilices,
264 3939 313 3993 sed
346 3944 476 3994 sanctum
512 3936 657 4007 Optatam,
689 3933 901 4004 nonnullosque

74 4030 231 4098 scriptores
241 4027 401 4095 Latinos,et
410 4026 504 4082 lorsan
513 4030 657 4081 auctorem
670 4025 758 4094 hujus
766 4023 900 4094 catalogi,

74 4118 121 4187 qui
146 4122 274 4185 tempore
305 4115 410 4171 hiberii
435 4117 517 4180 vixit,
544 4119 573 4169 et
599 4127 655 4169 non
680 4114 827 4179 Damasus,
852 4112 900 4166 sed

75 4206 206 4274 privatus
228 4203 352 4272 scriptor
368 4201 425 4258 luit
440 4222 447 4271 3
465 4205 540 4259 unde
555 4202 640 4257 dirus
662 4201 852 4270 Hieronymus
866 4199 902 4253 ab

75 4295 163 4363 hujus
179 4291 309 4347 auctoris
323 4296 352 4347 et
365 4292 457 4346 sanctii
473 4291 567 4360 Optati
592 4289 735 4344 sententia
757 4287 900 4356 discessit,

951 3579 1091 3647 ridemus,
1105 3579 1189 3632 etiarn
1204 3578 1232 3631 in
1248 3577 1299 3631 hac
1310 3570 1390 3644 parte
1400 3576 1533 3647 catalogi,
1547 3580 1655 3649 saepius
1666 3596 1776 3642 cousu-

954 3664 994 3720 les
1010 3664 1098 3721 nnius
1114 3664 1298 3734 pontificatus
1312 3662 1426 3720 misceri
1440 3679 1505 3722 cum
1518 3668 1689 3727 consulibus
1701 3672 1779 3729 alte·

954 3754 1017 3809 rius
1045 3752 1226 3821 pontiilratui
1249 3752 1416 3825 assignatis.
1443 3753 1522 3810 Unde
1545 3757 1676 3826 provenit
1700 3761 1776 3830 quud

955 3841 1117 3913 frequenter
1135 3840 1339 3898 recurrendum
1359 3843 1399 3897 sit
1417 3843 1451 3898 ad
1471 3844 1653 3914 vicariatum,
1673 3852 1779 3919 utque

955 3938 1081 4000 ternpore
1097 3930 1286 4000 predecessor
1300 3931 1396 3987 adhuc
1410 3931 1526 3988 sedebat
1540 3945 1626 3989 verus
1639 3933 1778 4005 pontifex,

958 4019 1117 4076 successori
1139 4019 1337 4088 assignaretur
1359 4019 1517 4075 vicariatus
1532 4026 1565 4076 ut
1579 4021 1622 4076 sic
1636 4022 1779 4080 verificari

959 4114 1054 4178 posset
1072 4120 1136 4164 eurn
1157 4106 1366 4178 quodammodo
1388 4106 1478 4164 luisse
1501 4107 1673 4178 pontificem.
1690 4113 1731 4167 lta
1747 4111 1782 4167 de

958 4196 1095 4267 vigesimo
1119 4200 1221 4264 quarto
1244 4195 1378 4264 pontiiice
1400 4195 1484 4251 habet
1502 4196 1667 4269 catalogus:
1686 4198 1782 4255 «Ste-

961 4286 1071 4356 phanus
1088 4297 1179 4340 annos
1203 4289 1337 4356 quatuor,
1362 4298 1472 4341 menses
1493 4286 1574 4351 duos,
1594 4286 1657 4342 dies
1675 4286 1782 4359 rigintl

73 4390 101 4438 et
114 4383 290 4437 Clementem
306 4394 361 4435 non
387 4380 555 4446 secundum,
573 4378 622 4433 sed
640 4385 774 4449 quartum
790 4392 805 4431 a
821 4379 902 4431 Petro
917 4378 944 4439 Ι)
960 4387 1057 4430 unum.
1071 4373 1137 4428 Fuit
1150 4372 1326 4442 temporibus
1338 4372 1483 4429 Valeriani
1496 4378 1524 4428 et
1535 4374 1672 4443 Gallieni,
1683 4388 1699 4430 a
1710 4389 1784 4433 cou-

75 4470 240 4540 pcntilicem
256 4467 347 4525 luisse
360 4469 472 4525 statuit.
489 4467 619 4523 Secundo
634 4467 713 4536 ponit
731 4466 810 4536 prior
822 4470 903 4520 cata-

76 4560 132 4630 logi
149 4573 218 4628 pars
237 4559 388 4614 Anicetum
406 4562 471 4613 ante
491 4557 583 4626 Pium,
606 4556 680 4626 quod
701 4568 763 4610 esse
781 4555 902 4610 alterum

74 4648 201 4720 eamlogi
237 4659 372 4717 errorem,
402 4647 559 4701 ostendunt
591 4645 713 4700 istorum
743 4650 902 4711 temporum

75 4737 252 4806 scriptorum
272 4737 331 4791 duo
351 4735 429 4789 omni
447 4735 613 4803 exceptione
634 4733 764 4800 majores,
781 4732 904 4786 lrenaeus

76 4826 218 4881 nimirum
232 4823 433 4895 Lugdunensis
447 4825 475 4877 in
489 4822 584 4878 Gallia
599 4821 761 4891 episeopus,
773 4823 800 4873 et
813 4819 905 4889 Hege-

74 4914 179 4983 sippus
203 4913 373 4980 historicus,
400 4912 449 4982 qui
473 4910 527 4966 sub
549 4911 669 4965 aniceto
690 4914 717 4963 et
738 4907 904 4963 Eleutherio

77 5004 195 5058 itonam
216 5008 365 5069 venerunt,
382 5007 409 5057 et
423 5013 545 5070 quorum
562 4997 728 5055 testimonia
743 5004 809 5052 ante
824 5008 903 5050 ucccn

76 5105 168 5148 annos
182 5093 213 5145 in
228 5089 314 5146 libris
327 5090 362 5145 de
376 5089 501 5145 Historia
516 5087 717 5143 Ecclesiastico
732 5084 833 5141 retulit
845 5086 904 5139 Eu-

76 5180 175 5236 sebius
201 5180 393 5235 caesareensis
417 5178 445 5232 in
471 5176 622 5232 Palaestina
644 5175 806 5245 episcopus.
832 5174 905 5228 Sane

77 5276 133 5324 tam
158 5271 287 5325 irenaeus
309 5281 394 5339 quarn
418 5267 595 5337 Hegesippus
616 5265 735 5320 tradunt
753 5263 904 5318 Anicetum

78 5357 169 5424 luisse
178 5366 244 5428 post
257 5358 350 5412 l‘iurn.
363 5356 442 5425 Quod
454 5355 540 5410 etiam
554 5353 675 5409 tradidit
685 5366 747 5407 curn
759 5349 904 5407 communi

959 4461 1056 4518 suiatu
1068 4461 1217 4516 volusiani
1233 4466 1261 4516 et
1272 4461 1421 4517 Maximini
1440 4475 1531 4532 usque
1542 4460 1693 4520 Valeriano
1705 4465 1742 4521 ιιι
1754 4469 1784 4522 et

958 4549 1089 4606 Gallieno
1099 4551 1133 4603 ιι.
1151 4567 1163 4598 ι
1181 4549 1354 4605 Volusianus
1366 4557 1394 4604 et
1403 4549 1580 4606 Maximinus
1591 4548 1783 4608 lueruntcon·

959 4638 1036 4694 sules
1056 4651 1131 4694 anno
1145 4634 1208 4701 953,
1227 4637 1335 4707 quibus
1354 4637 1472 4707 ponitur
1486 4649 1503 4691 a
1518 4636 1646 4709 catalogo
1661 4638 1781 4696 initium

960 4725 1143 4796 pontificatus
1162 4724 1254 4794 Lucii,
1276 4724 1351 4779 unde
1369 4731 1439 4781 tunc
1457 4730 1587 4780 sanctum
1607 4725 1779 4797 Stephanum

960 4814 1040 4869 Lucii
1054 4813 1194 4869 vicarium
1208 4811 1309 4883 luisse,
1320 4811 1424 4868 scribit
1433 4811 1641 4882 Henscbenlus,
1652 4813 1703 4881 qui
1714 4813 1780 4868 Ste-

961 4902 1053 4972 phano
1069 4905 1179 4955 tanturn
1193 4899 1299 4954 tribuit
1316 4912 1425 4955 menses
1440 4899 1569 4969 quinque
1584 4902 1648 4968 post
1663 4902 1778 4956 mortem

960 4990 1051 5055 Lucii,
1076 4987 1176 5043 iisdem
1199 4987 1368 5042 consulibus
1391 4987 1541 5043 Valeriano
1556 4987 1593 5042 ιιι
1607 4990 1635 5042 et
1647 4986 1780 5044 Gallieno

959 5083 993 5150 ll,
1023 5092 1073 5136 seu
1105 5088 1179 5132 anno
1209 5070 1262 5130 955
1290 5074 1464 5144 assignatam
1498 5072 1528 5128 ln
1555 5075 1694 5149 catalogo.
1725 5077 1779 5134 sed

960 5167 1093 5241 quanvis
1117 5167 1164 5222 bic
1189 5165 1270 5221 locus
1291 5162 1452 5220 communis
1472 5162 1508 5219 de
1531 5163 1673 5221 vicariatu
1693 5170 1779 5235 aptus

960 5265 1033 5315 esset
1047 5258 1081 5313 ad
1098 5254 1288 5325 supplendum
1312 5251 1418 5308 multos
1439 5247 1561 5324 catalogi
1577 5252 1715 5321 deiectus,
1731 5259 1781 5310 ta-

961 5360 1022 5402 men
1035 5345 1065 5401 in
1077 5343 1243 5415 pontificatu
1254 5341 1388 5411 srepbani
1400 5341 1446 5396 rix
1456 5340 1515 5398 ulia
1524 5343 1635 5397 ratione
1644 5338 1782 5400 adhibere
1813 5406 1816 5416 ,

78 5448 211 5503 Humana
234 5445 369 5501 Ecclesiae
393 5444 534 5499 sententia
554 5443 639 5498 dirus
660 5442 857 5511 Hieronymus,
876 5443 908 5492 ut
962 5438 1066 5505 posset,
1080 5445 1145 5488 cunr
1157 5431 1184 5488 ei
1201 5443 1256 5486 non
1272 5429 1365 5486 solum
1379 5430 1453 5486 duos
1467 5435 1518 5486 aut
1532 5435 1589 5485 tres
1600 5440 1691 5484 annos
1707 5441 1781 5499 pou·

80 5534 165 5591 tacite
189 5535 291 5606 colligi
314 5538 406 5602 poten
421 5547 455 5588 ex
472 5533 510 5588 iis
532 5546 594 5602 qua
615 5529 819 5586 dissertatione
834 5529 857 5582 H
871 5527 906 5581 de
961 5523 1088 5579 tilicatus
1102 5518 1231 5576 tribuant
1244 5519 1466 5590 antiquioreset
1478 5515 1606 5614 moderni
1621 5529 1719 5573 omues
1733 5515 1783 5574 sed

301 5634 417 5687 ιἰιιιοι.
438 5630 571 5686 cxxvii.
1624 5613 1642 5670 5
