3892 6136
122 295 177 355 dii
240 302 241 305 ’
520 299 567 355 ΑΙ)
585 297 805 356 salsensium
822 294 1080 356 anoneoollinih
1097 295 1187 353 EDIT.
1207 292 1428 353 nont-unic.
1775 289 1831 350 slis

122 416 252 489 Augusto
269 417 299 472 in
317 416 422 488 campo
438 418 552 489 blartio,
571 418 614 475 uti
633 416 748 474 Plinius
768 421 875 486 narrat,
894 415 945 472 lib.
958 417 988 478 A
1036 415 1144 473 liddam
1160 427 1274 486 quoqne
1287 413 1419 470 veritatis
1437 415 1695 483 auctoramentum,
1710 425 1746 469 ex
1760 425 1830 482 pen-

124 520 223 576 xxxvi,
252 521 314 577 cap.
341 505 369 578 9,
393 509 427 564 ad
455 508 706 579 deprehendendas
726 507 799 563 solis
820 505 947 576 umbras,
1002 503 1116 559 turbata
1146 503 1256 559 ratione
1284 503 1443 558 sectionum
1467 500 1624 575 limonarii,
1655 513 1766 558 necnon
1793 513 1828 556 ex

122 595 294 666 dierumque
312 611 345 653 ac
360 597 486 653 noctium
508 596 734 668 magnitudinem
751 595 781 651 in
797 594 948 651 sciaterico
1001 592 1128 661 ejusdem
1143 591 1246 647 erratis
1265 589 1446 660 capiendum.
1467 589 1618 647 Observari
1638 589 1725 647 aelim
1740 588 1829 659 hujus

124 681 268 754 horoligio
297 684 470 741 horizoniali
496 684 692 753 indicandam,
719 689 830 753 reperta
858 680 948 738 inisse
1001 679 1147 736 itinerarii
1162 684 1306 736 auctorem
1322 679 1352 735 in
1367 678 1493 749 siugulis
1509 679 1602 749 portis
1616 678 1713 734 Romae
1727 676 1829 734 consi-

123 769 281 841 lragmenta
302 785 379 827 aenea
393 771 528 828 deaurata
550 771 714 842 regularum
736 771 819 827 boras
833 775 862 827 et
880 783 949 826 um·
1001 775 1076 825 stere
1096 775 1183 840 atque
1197 769 1252 825 iter
1271 769 1397 841 dirigere
1408 768 1451 824 vel
1469 767 1503 824 ab
1518 780 1574 824 una
1595 766 1682 823 Urbis
1698 771 1780 837 porta
1792 765 1827 822 ad

122 857 202 914 bram
217 860 424 915 denotantium.
446 860 512 917 Post
526 859 683 916 obeliscum
698 859 879 916 dextrorsum
895 871 948 915 oc-
1000 857 1097 929 aliam,
1109 857 1152 914 vel
1163 871 1179 913 a
1191 857 1315 928 portaad
1327 858 1441 926 Forum,
1454 857 1497 914 uti
1507 870 1542 913 ex
1556 856 1654 913 titulis
1665 856 1828 912 sectionum

122 947 256 1003 currebat
276 948 400 1003 columna
421 949 568 1012 Antonini,
590 949 649 1005 alia
669 948 782 1005 scilicet
802 948 945 1019 columna,
1000 952 1120 1004 constat.
1137 946 1297 1003 Consilium
1314 945 1359 1001 illi
1375 943 1477 1016 luerat,
1495 945 1568 1017 quod
1591 958 1666 1014 sepe
1679 944 1755 1013 dixi,
1772 942 1828 1000 ob-

122 1051 186 1106 que
210 1035 316 1092 ibidem
336 1036 465 1106 perstitit
485 1044 577 1094 erecta
600 1038 629 1093 in
649 1037 724 1093 clivo
742 1037 843 1093 ditono
861 1036 947 1108 uulgo
1001 1040 1114 1093 servitu
1133 1034 1268 1107 digniora
1284 1034 1319 1090 ad
1335 1035 1483 1090 sinistram
1502 1034 1559 1089 sita
1575 1034 1605 1089 in
1621 1046 1678 1090 una
1692 1032 1828 1089 columna

120 1125 198 1180 dieto
221 1125 370 1195 usquead
393 1137 501 1182 annum
525 1122 604 1198 lidi,
626 1139 691 1182 cum
710 1125 889 1197 detegeretur
912 1138 947 1182 ex
999 1125 1162 1196 disponere,
1185 1123 1299 1195 pransa
1314 1123 1443 1186 literas,
1465 1122 1580 1178 sinistri
1603 1122 1705 1178 lateris
1720 1121 1825 1192 indice,

121 1211 261 1283 stylobate
283 1217 371 1285 atque
391 1214 591 1286 inscriptione,
611 1213 749 1270 celebrem
771 1213 850 1270 illam
871 1226 943 1284 esse,
999 1214 1042 1270 nel
1052 1218 1168 1270 extensa
1181 1213 1292 1284 integra
1304 1211 1431 1268 dictione
1443 1214 1475 1266 in
1489 1210 1827 1279 nnhbagnecnondex-

119 1298 265 1357 Antonino
279 1303 330 1359 Pio
344 1302 503 1359 dedicatam
517 1303 548 1359 in
563 1304 626 1373 ejus
640 1303 799 1373 apotheosi,
815 1306 901 1372 atque
913 1300 944 1358 in
999 1306 1124 1359 trorsum
1138 1302 1231 1371 posita
1245 1300 1275 1356 in
1288 1299 1347 1355 alia
1356 1300 1490 1357 columna
1503 1298 1654 1369 collocare,
1668 1297 1718 1354 cui
1729 1296 1827 1355 littera

120 1390 346 1447 numismatibus
364 1404 527 1462 expressam
544 1411 550 1447 :
567 1391 720 1449 etidcirco
740 1391 945 1447 transferretur
996 1393 1022 1445 D
1036 1389 1203 1462 significans
1217 1389 1366 1445 dexterum
1385 1388 1461 1444 latus
1477 1387 1698 1460 progredientis,
1715 1385 1761 1442 uel
1774 1398 1827 1442 ex-

119 1477 297 1534 adornatum
313 1477 369 1535 lori
386 1480 507 1550 proximi
525 1486 591 1539 ante
605 1481 743 1552 palatium
754 1478 944 1551 iuridicundo
998 1485 1078 1536 tensa
1092 1478 1194 1548 dictio,
1210 1481 1241 1533 in
1263 1479 1377 1533 matera
1398 1476 1600 1549 praellgeretur.
1617 1475 1724 1532 llirum
1743 1474 1826 1532 dictu

117 1564 278 1636 etpubiieis
288 1568 628 1627 tabulariisasservandis
636 1583 727 1641 nuper
734 1574 942 1626 constructum.
997 1573 1050 1638 est,
1064 1581 1237 1639 anonymum
1254 1572 1384 1624 nostrum
1399 1565 1557 1637 aliquando
1569 1564 1682 1621 easdem
1698 1562 1825 1636 siglasl)

117 1656 184 1711 Post
204 1669 265 1712 eam
284 1657 451 1714 Columnam
473 1659 612 1716 Antonini
632 1660 676 1715 Pii
698 1659 889 1732 pertingimus
907 1659 942 1716 ad
996 1658 1054 1713 ets
1071 1661 1256 1728 permutasse,
1267 1664 1296 1713 et
1307 1670 1339 1712 ea
1352 1670 1415 1726 qua
1427 1656 1462 1711 ad
1474 1655 1620 1711 dexteram
1636 1652 1827 1711 obuersaren-

118 1744 192 1799 viam
208 1746 433 1818 iateranensem,
449 1760 511 1804 eam
524 1748 637 1805 scilicet
651 1763 714 1820 qua
729 1749 797 1805 inde
811 1748 944 1820 perducit
958 1741 984 1803 B
997 1754 1055 1819 tur,
1072 1762 1122 1819 pro
1134 1747 1266 1804 sinistris
1281 1746 1458 1818 negligenter
1471 1744 1625 1802 obtrudere
1640 1761 1649 1814 i
1662 1750 1715 1801 aut
1725 1757 1742 1800 e
1752 1755 1826 1800 con·

116 1833 151 1889 ad
164 1835 344 1905 Lateranum,
356 1837 537 1894 dextrorsum
550 1838 688 1894 nectendo
698 1852 747 1909 per
759 1838 821 1897 loca
831 1838 862 1895 in
874 1852 944 1909 pro-
997 1853 1078 1896 uerso
1091 1852 1154 1911 quae
1168 1837 1203 1894 ad
1220 1837 1317 1893 laevam
1329 1836 1450 1906 uiderat,
1463 1834 1579 1892 dextera
1593 1834 1783 1904 inscripsisse
1795 1833 1825 1890 in

115 1927 204 1984 xlmis
219 1929 352 2007 versibus
368 1929 409 1984 ita
424 1930 565 1986 recensita
580 1945 587 1982 :
997 1928 1062 1985 suis
1075 1926 1258 1984 adversariis.
1275 1926 1339 1981 llaec
1351 1938 1451 1995 nempe
1461 1923 1618 1981 ostendunt
1630 1928 1739 1995 quanto
1749 1921 1826 1981 lacl-

221 2020 348 2075 Therma
357 2020 558 2077 Alexandrinae
997 2018 1066 2074 liori
1076 2017 1159 2087 lapsu
1172 2016 1298 2086 hospites
1312 2014 1394 2071 illius
1404 2014 1498 2071 aetatis
1508 2028 1564 2071 non
1574 2013 1729 2070 admodum
1740 2013 1825 2076 culta

223 2107 318 2163 Sancti
336 2109 493 2177 Eustachii,
510 2113 539 2164 et
553 2109 676 2166 rotunda
999 2120 1114 2177 peceare
1134 2107 1280 2177 potuerint
1299 2105 1328 2160 in
1350 2104 1547 2161 describendis
1568 2103 1826 2175 epigrammatibus

224 2195 350 2250 Thermae
364 2195 574 2253 commodianae
997 2197 1137 2268 antiquis,
1151 2208 1307 2265 eorumque
1320 2193 1449 2250 numeris
1468 2192 1662 2264 chronologiae
1675 2191 1825 2249 indicibus

223 2283 404 2351 llioervium,
420 2292 449 2341 et
461 2287 496 2342 ad
510 2289 536 2342 s.
554 2289 699 2344 llareum:
996 2299 1031 2342 ex
1042 2284 1232 2356 autographis
1243 2283 1387 2354 catalogis
1401 2281 1599 2350 basilicarum,
1612 2295 1648 2337 ex
1658 2280 1789 2338 arcubus
1798 2283 1825 2338 et

153 2373 318 2443 beseriptor
339 2373 496 2444 itinerarii,
520 2389 585 2432 cnm
600 2391 634 2433 ex
655 2384 735 2448 porta
750 2376 892 2433 Flaminia
907 2379 941 2435 ad
997 2374 1190 2431 monumentis
1204 2373 1369 2443 principum
1381 2384 1415 2428 ac
1429 2371 1661 2442 magistratuum,
1675 2370 1728 2441 qul
1742 2375 1824 2442 pote-

117 2462 190 2520 riam
211 2464 426 2519 iateranensem
448 2477 499 2520 nos
520 2465 676 2534 perducens
700 2466 798 2523 dextra
817 2465 943 2537 laevaque
998 2470 1063 2523 rant
1086 2465 1229 2537 integrum
1250 2461 1303 2518 viae
1321 2463 1440 2518 ductum
1464 2460 1581 2517 mendos
1604 2459 1724 2519 reddere
1745 2461 1825 2517 sini-

118 2550 229 2621 potiora
240 2551 362 2608 aedilicia
376 2553 583 2620 recensuisset,
597 2553 831 2609 iterumsistitin
843 2559 941 2625 porta,
997 2561 1089 2613 strum
1102 2568 1136 2611 ex
1155 2554 1281 2610 dextero.
1297 2551 1391 2621 Quare
1406 2564 1463 2607 non
1484 2550 1591 2621 injuria
1609 2550 1711 2607 censui
1728 2551 1758 2606 in
1778 2549 1825 2607 bis

116 2643 147 2695 et
158 2653 294 2696 converso
310 2641 415 2697 itinere
430 2639 501 2696 ioris
517 2653 624 2709 muros,
641 2641 700 2696 haec
714 2641 815 2698 addit:
997 2645 1140 2701 ildendum
1157 2657 1218 2699 esse
1229 2643 1327 2713 potius
1340 2641 1455 2696 lectioni
1467 2640 1600 2697 codicum
1615 2640 1779 2710 positorum
1794 2639 1824 2698 in

223 2731 254 2786 ln
271 2730 322 2785 Via
337 2728 481 2786 Flaminea
498 2729 570 2786 ioris
586 2744 699 2786 murum
996 2733 1181 2790 bibliothecis
1191 2731 1276 2788 Urbis
1287 2729 1437 2802 proximis,
1448 2735 1549 2787 etcum
1558 2729 1825 2802 autographismo·

175 2874 178 2880 ,
223 2820 254 2874 ln
269 2819 387 2873 Dextera
402 2818 497 2874 Sancti
513 2818 658 2874 Valentini
998 2822 1143 2880 numentis
1153 2834 1226 2890 saepe
1238 2820 1358 2885 collate,
1375 2833 1460 2890 quum
1473 2819 1585 2875 oaeoeris
1596 2817 1633 2874 ab
1644 2817 1728 2875 ltalia
1741 2819 1825 2891 longe

223 2908 254 2963 ln
268 2905 392 2963 Sinistra
411 2905 532 2963 Tiberis.
997 2912 1125 2980 remotis,
1146 2923 1267 2981 quorum
1289 2914 1385 2964 textus
1404 2922 1469 2965 cum
1484 2908 1674 2981 autographis
1693 2907 1825 2966 conferre

152 2996 209 3050 llac
219 2994 311 3067 igitur
323 2993 521 3059 observatione
533 2996 674 3065 adhiblta,
689 2998 830 3053 sectiones
844 3002 944 3055 trans-
995 3001 1045 3057 alx
1060 3000 1110 3056 ille
1125 2998 1229 3069 potnit,
1245 2997 1295 3069 qui
1313 2997 1417 3068 raptim
1432 3011 1465 3053 ea
1479 2996 1660 3054 describebat
1674 3010 1754 3054 more
1769 2997 1824 3054 lti-

117 3084 217 3153 positae
229 3083 316 3154 hujus
327 3084 471 3140 itinerarii
482 3084 610 3142 adsuurn
620 3087 748 3142 ordinem
759 3087 941 3159 rediguntur,
955 3071 981 3135 C
997 3089 1136 3160 nerantis,
1150 3101 1205 3144 non
1217 3087 1289 3143 satis
1298 3086 1418 3158 eruditi,
1429 3092 1481 3142 aut
1492 3099 1577 3142 morae
1586 3080 1781 3158 impatientis,
1793 3093 1825 3143 ut

116 3185 148 3228 ac
167 3173 309 3242 sejunctis
329 3171 463 3243 partibus
481 3177 699 3230 connectuntur.
720 3175 750 3230 si
774 3174 943 3232 membrana
997 3177 1121 3235 reditum
1138 3180 1302 3233 maturaret.

116 3261 180 3317 istae
191 3260 387 3317 liinsidlenses
403 3259 526 3317 luissent
538 3262 665 3333 integrae,
682 3262 754 3318 satis
766 3264 943 3321 commodam
1032 3268 1085 3323 llis
1097 3266 1283 3337 premonitus
1298 3267 1398 3322 Lector
1412 3264 1558 3336 permittet
1570 3268 1604 3321 ut
1615 3264 1738 3322 schedas
1751 3265 1826 3322 liin·

114 3349 201 3405 Urbis
216 3348 453 3422 ichnographiam
476 3349 656 3419 haberemus,
671 3357 700 3407 et
714 3353 941 3410 caemeteriorum
997 3355 1147 3427 sldlenses,
1163 3366 1319 3424 earumque
1331 3354 1472 3411 sectiones
1483 3353 1534 3409 tall
1546 3353 1647 3410 ordine
1659 3353 1823 3426 disponam,

115 3437 275 3511 catalogum
287 3437 523 3510 topographicum
536 3438 703 3509 pleniorem.
713 3441 816 3497 Verum
827 3454 862 3497 cx
873 3456 943 3513 por-
998 3445 1049 3518 qul
1063 3443 1228 3500 methodum
1241 3442 1385 3498 itinerarii
1403 3442 1511 3510 reddat,
1528 3442 1601 3497 citra
1616 3440 1706 3498 ullam
1720 3442 1825 3501 ambo

116 3534 209 3583 tarum
227 3527 444 3583 enumeratione
465 3541 552 3599 guam
573 3528 699 3599 exhibet,
724 3534 842 3599 apparet
863 3544 945 3587 com·
999 3530 1667 3601 rumautversuumdetruncationem,servatis
1680 3532 1825 3590 dictioni-

120 3614 217 3685 plnres
238 3617 382 3671 sectiones
395 3616 565 3672 desiderari.
588 3617 707 3674 Praesiat
722 3623 846 3675 attamen
861 3619 945 3682 illius
999 3623 1054 3679 bus
1064 3621 1189 3694 singulls
1196 3620 1335 3676 editionis
1344 3618 1566 3692 blabilloniane,
1578 3621 1662 3691 culus
1671 3620 1742 3678 lolia
1751 3622 1824 3679 dex-

115 3703 210 3758 aetatis
232 3701 401 3759 documenta
426 3704 571 3774 qualibet,
593 3704 662 3761 lieet
683 3708 851 3765 detruncata
874 3723 949 3778 pro·¹
998 3715 1042 3767 tra
1055 3711 1180 3782 levaque
1192 3709 1252 3781 (ubi
1264 3710 1457 3779 componenda
1475 3709 1553 3783 sunt)
1563 3709 1707 3782 appositis
1719 3726 1822 3770 nume·

115 3788 230 3861 ducere,
251 3805 335 3860 quam
352 3792 390 3848 iis
404 3792 522 3847 omnino
541 3790 676 3849 fraudare
697 3794 848 3854 historiam
862 3798 943 3855 hna—
996 3798 1038 3856 ris
1053 3797 1208 3855 indicanda
1222 3798 1331 3855 curavi.

115 3876 210 3933 stasil.

551 4202 848 4278 nnsonnnnio
873 4167 910 4232 ‘⁰'
948 4206 1206 4279 nacionum
1251 4207 1394 4278 uanis

132 4488 405 4614 llollllll
433 4490 847 4612 ilihhhlhlhli
877 4494 997 4612 PER
1016 4494 1242 4631 hinnu,
1267 4496 1337 4616 hl
1364 4496 1541 4618 nihil
1565 4498 1792 4634 hennil

115 4677 199 4741 (lum
217 4677 480 4742 indicationibus
498 4676 758 4744 observabilium
780 4679 1009 4823 aedificiorum,
1032 4678 1156 4744 ibidem
1174 4681 1394 4761 superstitum
1413 4684 1502 4747 circe
1519 4687 1676 4749 octavum
1694 4685 1819 4750 onusti

933 4778 974 4823 cu
988 4777 1046 4823 um

149 4976 193 5029 lin
204 4991 271 5046 pag.
291 4972 345 5034 sit
365 4977 494 5036 editionis
508 4979 715 5037 Mabiihrninnae
729 4983 910 5054 premittitur
919 4987 1095 5111 genumezotio
1108 4989 1250 5057 portorum
1272 4985 1363 5051 Urbis,
1381 4987 1494 5060 ejusque
1512 5005 1654 5047 murorum
1671 4992 1793 5049 ambies

868 5071 900 5110 oc
953 5071 1025 5127 serap
1037 5073 1073 5111 no.

850 5188 1057 5204 ψ

147 5298 172 5356 A
185 5305 265 5370 porta
274 5303 367 5359 saucii
378 5304 454 5360 Petri
468 5305 507 5377 (b)
517 5320 583 5364 cum
598 5307 660 5378 ipsa
672 5312 762 5379 porta,
775 5323 866 5381 usque
876 5326 940 5382 por·
954 5316 983 5378 Ι)
1028 5314 1052 5370 ll
1064 5319 1145 5385 porta
1157 5314 1376 5374 Pleminianum
1390 5319 1452 5390 ipsa
1464 5323 1649 5394 portansque
1660 5322 1695 5380 ad
1708 5325 1818 5394 portam

113 5391 169 5443 mm
184 5389 358 5448 Flamineam
378 5397 474 5449 turres
487 5407 535 5449 xvi
552 5396 765 5468 propugnacula
780 5411 935 5475 ncmxxxn,
992 5403 1158 5462 Pincianam
1185 5406 1323 5478 clausam,
1346 5413 1441 5467 turres
1464 5424 1578 5483 xxruu,
1601 5412 1818 5486 propugnacula

114 5483 262 5578 posternas
277 5495 320 5553 iu,
335 5483 511 5539 necessarias
529 5497 582 5539 un.
597 5485 737 5542 Fenestrae
756 5490 877 5560 maiores
890 5491 939 5550 lo-
991 5505 1115 5566 noxuiui,
1140 5508 1294 5569 necessari,
1317 5497 1447 5556 fenestrae
1468 5501 1589 5571 maiores
1610 5499 1715 5560 iorlns.
1731 5514 1818 5572 cxxv,

114 5579 244 5624 rxnsecus
258 5581 324 5641 cvii,
339 5573 464 5629 minores
476 5585 551 5628 xxvi.
685 5587 686 5590 ¹
992 5582 1118 5639 minores
1132 5597 1216 5640 cxvii
