3892 6136
183 285 231 345 474
581 282 626 337 444)
645 281 860 338 4448448444
880 281 1137 338 ettotEGOMEMt
1156 236 1244 338 hott.
1267 284 1474 342 uolt-tatic.
1834 283 1887 344 tiu

182 414 280 485 plures
294 411 414 482 4454454
430 411 563 483 postulet.
577 411 727 467 Enimuero
738 418 868 467 sanctum
883 409 1005 480 444444-
1017 404 1046 463 A
1060 412 1178 469 omnino
1193 415 1284 483 44444
1298 414 1416 484 stylum,
1428 414 1571 470 scribendi
1584 415 1761 483 methodum,
1773 420 1803 471 et
1812 420 1887 471 teur-

182 516 263 570 444,
288 508 321 559 44
339 515 435 557 verum
459 501 621 571 pontiticem
645 500 721 556 ultra
745 500 874 570 quinque
895 512 1006 554 menses
1061 502 1140 570 poris
1157 508 1238 558 44445
1252 503 1396 559 44444544
1413 509 1466 572 454,
1481 503 1631 575 54444444
1648 504 1678 560 44
1693 503 1820 561 Eusebio
1833 505 1887 560 de-

181 597 281 649 contra
294 590 501 662 rebaptizantes
512 590 605 660 egisse
619 594 741 644 testatur
753 589 923 660 Cyprianus,
936 588 1004 645 dum
1059 590 1204 646 sideratur
1213 591 1381 647 consulatus
1393 609 1399 645 :
1413 592 1488 662 quod
1502 597 1594 647 tamen
1608 592 1712 647 mirum
1723 593 1818 649 444444
1831 606 1885 650 444

182 680 236 736 444
254 681 284 735 44
297 694 328 736 44
349 695 412 736 cum
429 679 601 736 austeritate
622 678 770 748 pontificia
791 686 928 748 tanquam
944 680 1006 747 ‹pi-
1058 677 1151 746 debet,
1165 692 1230 734 cum
1242 692 1297 734 non
1313 679 1447 749 pluribus
1460 680 1554 751 annis,
1566 684 1594 734 et
1607 679 1661 735 sub
1672 679 1799 735 44444545
1813 694 1887 737 cou-

181 784 322 839 scoporum
336 771 491 838 episcopum
504 768 597 838 egisse
614 767 753 823 insinuat.
769 766 845 822 ldem
859 766 1004 838 signiticat
1059 765 1183 838 sulibus,
1200 768 1247 823 sed
1260 767 1360 837 paucis
1374 768 1514 824 444444444
1527 766 1686 836 44454445,
1699 768 1801 824 eodem
1811 782 1885 826 auuo

180 858 371 914 Firmilianus
385 871 472 927 agens
485 855 521 911 de
538 861 616 922 petra
632 855 768 912 4444145444
783 854 1002 924 4444444444Ιί,
1058 856 1181 923 sederit,
1196 855 1264 912 huic
1276 862 1372 912 autem
1385 870 1460 914 anno
1473 856 1653 912 consulatum
1667 855 1773 913 addere
1785 862 1887 915 auctor

180 947 217 1003 de
231 961 287 1016 qua
302 946 475 1017 Stephanum
498 944 618 1018 gloriari
636 944 766 1014 solitum,
785 942 935 999 manifeste
949 944 1002 1000 de-
1057 944 1198 1015 omiserit,
1212 945 1281 1016 quia
1295 946 1325 1002 in
1336 945 1492 1001 4444444444
1505 944 1622 1001 Ε454444
1636 958 1802 1002 successore
1814 960 1885 1002 con-

180 1035 280 1093 clarat
292 1036 432 1091 adderem
447 1035 495 1090 444
509 1036 591 1105 44444
605 1035 635 1090 44
647 1034 736 1103 44445
748 1033 789 1088 444
806 1032 1002 1089 4444444444-
1058 1033 1170 1090 5444445
1183 1034 1265 1090 444445
1279 1035 1347 1090 4444
1358 1034 1526 1107 allegandus
1539 1040 1607 1089 erat.
1624 1032 1665 1089 lta
1680 1034 1758 1090 cuim
1775 1035 1886 1091 catalo-

181 1134 254 1191 nem,
277 1122 335 1179 nisi
351 1121 564 1192 Papehrochius
586 1122 647 1192 ipse
667 1121 696 1177 in
719 1121 796 1178 uotis
815 1121 849 1176 44
865 1119 1002 1190 Stephani
1058 1137 1121 1194 gns.
1137 1142 1150 1174 4
1165 1123 1310 1180 Miltiades
1322 1123 1406 1179 aunis
1422 1122 1526 1192 trihus,
1543 1123 1691 1179 mensibus
1705 1136 1766 1192 sex,
1782 1121 1885 1180 diebus

179 1210 278 1282 vitam,
301 1225 373 1282 quas
391 1212 507 1268 exhibet
529 1212 558 1267 44
577 1212 686 1268 conatu
705 1210 842 1266 chronico
863 1207 1003 1265 historico
1058 1225 1167 1282 nonem,
1187 1225 1221 1267 ex
1240 1211 1288 1266 444
1309 1225 1336 1267 44
1357 1213 1452 1267 Nonas
1472 1211 1564 1267 iulias
1583 1224 1599 1267 4
1615 1210 1768 1267 444544444
1790 1212 1886 1267 Maxi·

177 1299 327 1357 confessus
353 1299 465 1373 luisset,
492 1301 551 1357 haec
577 1308 652 1357 44444
673 1313 690 1356 4
715 1314 758 1355 me
781 1304 877 1355 notata
900 1295 1001 1362 tuisse,
1058 1300 1154 1356 miano
1168 1299 1229 1356 vlit
1243 1301 1313 1371 solo,
1331 1300 1406 1371 quod
1424 1299 1481 1356 luit
1494 1313 1588 1357 meuse
1604 1299 1774 1370 Septembri,
1793 1299 1884 1357 Volu-

179 1388 298 1461 ipseque
315 1388 504 1460 observasset,
524 1390 652 1460 ejusdem
671 1388 834 1444 Firmiliani
850 1386 1001 1457 epistolam
1058 1389 1140 1445 54444
1159 1395 1188 1446 44
1207 1389 1319 1459 liuline,
1344 1403 1435 1460 usque
1456 1389 1485 1444 44
1506 1391 1544 1444 444
1558 1389 1626 1445 4445
1644 1388 1776 1445 44444444
1793 1387 1884 1447 Volu-

177 1477 659 1551 datamesse,cumlerevigesimus
670 1477 1003 1534 seeundusannusesset
1058 1476 1406 1534 54444444444444455.»
1423 1474 1884 1534 htaximianussoluscousuliuit

178 1578 195 1621 a
210 1572 300 1623 morte
320 1567 475 1623 Alexandri
497 1567 691 1638 imperatoris,
715 1571 748 1624 ut
765 1570 845 1622 notat
862 1563 1002 1619 baronius
1056 1579 1141 1634 4444,
1160 1580 1216 1638 444
1232 1567 1341 1637 periit:
1361 1573 1478 1637 tumque
1494 1565 1607 1622 54444444
1623 1570 1692 1622 5444
1707 1564 1883 1623 Volusianus

178 1654 209 1711 ln
222 1654 402 1712 Annalibus:
417 1668 450 1713 ea
469 1661 563 1712 autem
579 1654 718 1712 acciderit
735 1667 809 1711 anno
823 1650 886 1709 aab.
909 1653 1003 1722 Quare
1057 1663 1085 1710 et
1101 1654 1233 1726 44444445,
1253 1655 1323 1711 4444
1346 1662 1378 1711 44
1396 1669 1494 1712 omues
1515 1655 1544 1709 hi
1565 1654 1700 1711 consules
1722 1654 1752 1710 in
1774 1667 1881 1711 aunum

175 1741 340 1799 Firmiliaui
365 1743 515 1813 epistolam
542 1757 656 1800 necesse
678 1749 723 1799 est
748 1742 884 1812 scriptam
911 1738 1002 1795 luisse
1018 1726 1199 1811 Btnctdam,
1211 1757 1268 1814 444
1280 1744 1315 1799 44
1325 1749 1441 1799 4444444
1454 1742 1575 1814 catalogi
1588 1741 1724 1813 superius
1735 1743 1881 1815 assignata

174 1842 251 1887 anno
262 1831 380 1887 circiter
393 1827 457 1903 257,
473 1845 531 1902 quo
543 1836 669 1901 tempore
682 1831 758 1887 inter
771 1829 956 1899 Stephanum,
972 1833 1002 1883 et
1055 1829 1114 1886 luit
1142 1845 1218 1888 mors
1240 1831 1375 1888 Marcelli.
1402 1831 1481 1887 Unde
1502 1830 1651 1888 4444444544
1675 1831 1830 1904 colligitur
1853 1831 1880 1886 in

173 1917 348 1990 Cypriauum
362 1919 625 1992 Carthaginensem,
639 1920 809 1990 Dionysium
824 1918 1001 1975 alexandri·
1056 1921 1223 1991 pontificatu
1233 1921 1402 1976 Marcelliab
1410 1926 1526 1978 auctore
1534 1920 1657 1992 catalogi
1666 1920 1766 1978 studio
1776 1921 1880 1977 omissa

176 2018 256 2076 num,
282 2007 424 2079 aliosque,
442 2008 538 2064 adhuc
558 2007 723 2080 agitabatur
745 2006 941 2065 controversia
964 2005 1000 2060 de
1054 2006 1145 2066 luisse
1157 2009 1308 2066 consulum
1322 2010 1448 2078 nomina,
1462 2022 1538 2064 neea
1555 2013 1751 2079 repeterentur
1764 2011 1793 2063 in
1809 2009 1880 2065 Mel-

175 2094 271 2151 raiore
305 2095 441 2165 baptismi
476 2097 512 2151 ab
548 2095 693 2153 haereticis
723 2096 839 2164 collato,
871 2097 999 2166 adeoque
1054 2096 1164 2152 chiade.
1181 2095 1261 2165 Quod
1278 2103 1353 2153 certe
1369 2110 1514 2167 nunquam
1531 2095 1637 2152 lactum
1652 2101 1736 2163 esset,
1759 2096 1786 2151 54
1802 2095 1879 2152 Mar-

175 2195 250 2238 auno
262 2180 317 2239 945
330 2183 492 2240 4444444445
508 2197 563 2240 444
587 2184 675 2241 444444
689 2186 861 2256 Stephanus,
878 2189 911 2242 ut
926 2197 1000 2241 con·
1053 2186 1119 2242 celli
1135 2194 1247 2257 tempus
1263 2200 1279 2241 4
1295 2187 1390 2254 444444,
1412 2185 1580 2242 Melchiadis
1594 2200 1610 2240 4
1628 2189 1732 2256 444444
1752 2190 1877 2253 auctore,

173 2271 253 2328 eules
277 2283 294 2327 a
320 2273 449 2344 catalogo
474 2273 615 2343 assignati
645 2274 822 2330 indicabant.
850 2276 913 2329 Mac
940 2272 999 2329 4444
1054 2280 1087 2332 44
1101 2289 1128 2328 4.
1150 2292 1177 2330 c.
1195 2275 1405 2345 papebrochius
1428 2274 1569 2343 credebat,
1592 2274 1662 2330 huic
1680 2274 1810 2346 catalogo
1832 2273 1880 2329 iu-

171 2359 396 2431 Papebrochius,
417 2362 467 2431 qui
487 2361 594 2419 trustra
614 2368 735 2419 conatus
749 2363 835 2419 estin
854 2363 931 2418 notis
944 2378 998 2418 su·
1053 2368 1128 2420 serta
1142 2362 1275 2418 luissent.
1289 2364 1331 2418 ab
1347 2377 1404 2419 uno
1422 2364 1528 2434 itaque,
1541 2367 1570 2417 et
1581 2362 1678 2418 codem
1701 2368 1819 2418 auctore
1832 2376 1880 2418 se-

174 2449 313 2520 pradictis
326 2455 439 2520 tempus
451 2450 586 2521 Stephani
602 2451 630 2506 in
646 2451 807 2521 antiquiori
824 2450 951 2522 catalogo
964 2463 998 2504 ex
1052 2450 1146 2506 44444
1163 2464 1228 2519 4445
1242 2451 1365 2523 catalogi
1382 2451 1546 2520 conscripta
1562 2449 1627 2520 luit,
1645 2454 1678 2506 ut
1693 2462 1783 2521 supra
1798 2449 1879 2506 iudia

171 2538 342 2595 consulibus
356 2540 533 2611 assignatum
549 2553 608 2596 suae
623 2553 678 2595 444
693 2540 854 2596 restituere.
1052 2539 1190 2609 cavimus,
1212 2545 1381 2611 tantumque
1396 2540 1478 2595 abest
1492 2553 1526 2595 44
1540 2538 1669 2610 catalogo
1682 2536 1785 2610 colligi
1799 2551 1879 2608 posse

207 2624 233 2684 9.
250 2629 347 2700 Neque
362 2629 464 2699 majori
486 2627 672 2685 laudamento
688 2629 823 2684 nituntur
838 2641 869 2683 ea
886 2641 949 2698 qum
962 2627 998 2683 de
1052 2627 1181 2682 eumdem
1194 2641 1211 2682 a
1225 2629 1349 2684 diversis
1364 2627 1533 2685 auctoribus
1548 2632 1712 2685 contextum
1729 2625 1831 2696 444554,
1848 2634 1879 2682 44

171 2717 307 2786 5444444,
321 2717 408 2774 444444
420 2723 451 2772 44
465 2721 567 2788 444444
580 2717 711 2773 5444444
725 2717 816 2786 444445
828 2714 997 2771 4444444445
1053 2715 1150 2784 444445
1172 2730 1206 2771 ex
1229 2722 1366 2787 perpetuo
1390 2721 1550 2786 temporum
1574 2730 1648 2772 nexu
1667 2714 1824 2788 colligatur
1843 2714 1878 2770 ab

171 2805 462 2861 notantur.Sineullo
475 2809 687 2876 namqueteste,
699 2804 831 2861 sineullo
843 2803 994 2872 544444444,
1051 2815 1109 2858 444
1128 2805 1284 2875 eodemque
1303 2810 1420 2861 4444444
1436 2804 1598 2861 conlectum
1616 2802 1716 2860 444554.
1735 2803 1799 2860 Nisi
1814 2803 1878 2875 quis

169 2892 234 2949 elne
247 2893 307 2949 ullo
319 2895 505 2965 antiquitatis
519 2900 702 2951 monumento
718 2892 876 2949 affirmatur
887 2905 996 2948 secun·
1050 2889 1147 2946 dicere
1162 2892 1240 2960 velit,
1256 2900 1400 2950 auctorem
1420 2893 1508 2962 huy'us
1527 2892 1661 2964 catalogi,
1677 2905 1779 2962 annos,
1797 2905 1878 2948 mcu-

168 2978 234 3036 dam
253 2980 376 3055 catalogi
400 2988 507 3052 partem
526 2995 542 3036 4
561 2986 602 3038 444
624 2981 793 3038 4444444445
813 2979 904 3036 444554
923 2991 995 3034 con·
1050 2991 1106 3051 ses,
1122 2980 1224 3037 444445
1244 2995 1277 3037 ex
1291 2982 1389 3052 aliquo
1405 2981 1543 3037 anteriori
1560 2987 1745 3039 monumento
1757 2982 1876 3038 desum-

168 3069 318 3139 scriptam,
334 3074 362 3125 et
378 3070 469 3142 gratis
483 3070 600 3126 omnino
615 3070 758 3127 statuitur
773 3069 863 3125 altero
877 3044 1033 3122 auctoreC
1052 3068 1153 3140 psisse,
1165 3071 1281 3141 eoquod
1292 3069 1337 3125 illi
1348 3077 1483 3141 perpetuo
1494 3084 1510 3126 4
1520 3072 1672 3128 44454444
1684 3071 1762 3127 44445
1772 3069 1878 3127 disere·

166 3156 389 3227 Eutychianum.
411 3157 511 3214 Caium
530 3165 558 3212 et
578 3157 776 3213 Marcellinum
789 3175 797 3226 3
811 3156 902 3212 altero
917 3155 995 3209 Mar-
1050 3169 1117 3226 pare
1132 3156 1252 3214 soleant.

167 3243 272 3301 cellum
306 3250 335 3300 et
368 3246 523 3302 Eusebium
551 3264 558 3317 3
587 3245 678 3302 altero
718 3246 832 3302 demum
867 3244 996 3315 reliquos
1087 3241 1130 3301 ld.
1152 3247 1238 3303 Porro
1254 3248 1500 3321 nonadiyersis,
1523 3250 1572 3305 sed
1593 3248 1629 3305 ab
1650 3262 1709 3305 uno
1723 3248 1879 3318 eodemque

167 3343 266 3388 omnes
280 3345 297 3388 a
312 3332 470 3390 Melchiade
489 3335 630 3405 4544444
647 3333 792 3389 Liberium
808 3331 899 3388 luisse
914 3338 996 3387 cata·
1049 3339 1166 3389 auctore
1177 3336 1367 3405 compositum
1384 3336 1474 3393 luisse
1493 3338 1570 3394 hunc
1584 3337 1781 3409 antiquiorem
1797 3343 1879 3393 cata-

167 3416 232 3491 logo
246 3419 381 3490 adjectos.
399 3421 435 3477 Ut
447 3421 523 3476 euim
539 3435 556 3477 4
570 3420 663 3491 primo
678 3421 864 3492 incipiamus,
881 3418 951 3490 4444
963 3419 994 3474 44
1050 3421 1158 3494 logum,
1176 3424 1321 3492 judicavit
1340 3426 1547 3496 cuspinianus,
1569 3429 1620 3497 qui
1641 3440 1706 3482 eum
1728 3426 1825 3496 primo
1845 3439 1880 3482 44

166 3507 349 3578 Eutychiani,
363 3508 423 3564 caii
439 3513 466 3564 et
481 3509 642 3566 Marcellini
658 3510 732 3565 actis
747 3509 899 3580 reperitur,
917 3508 992 3578 quod
1049 3513 1247 3583 manuscripto
1266 3514 1365 3570 codice
1379 3515 1467 3585 eruit,
1489 3519 1517 3570 et
1538 3515 1756 3571 commentariis
1770 3515 1835 3571 suis
1849 3514 1878 3569 iu

166 3607 223 3652 non
245 3597 276 3651 iu
294 3596 363 3652 aliis
382 3596 578 3654 anterioribus
602 3597 788 3668 pontilicibus
810 3596 995 3669 legiturtDc
1048 3597 1211 3655 cassiodori
1226 3602 1359 3658 consules
1380 3603 1513 3675 inseruit,
1531 3602 1662 3659 scribens
1682 3603 1717 3658 ad
1738 3602 1878 3659 cousula-

167 3682 347 3752 Eutychiauo
369 3682 454 3738 habet
472 3683 622 3755 catalogus
638 3704 644 3739 :
663 3686 889 3758 «Eutychionus
908 3685 993 3739 aunis
1049 3691 1109 3743 tum
1123 3690 1245 3744 duorum
1260 3691 1464 3748 Geminorum:
1483 3691 1643 3748 «Oblatum
1658 3697 1702 3747 est
1717 3690 1789 3747 mihi
1809 3705 1876 3760 per·

166 3775 242 3837 octo,
256 3769 403 3825 mensibus
416 3770 559 3840 undecim,
570 3769 673 3826 diebus
686 3772 789 3829 tribus.
803 3773 869 3829 Fuit
881 3777 991 3842 tempo-
1049 3781 1130 3831 yetus
1149 3778 1320 3848 opusculum
1338 3781 1473 3851 anonymi
1489 3782 1628 3852 auctoris,
1647 3794 1704 3851 quo
1724 3779 1876 3850 4444444445

169 3855 251 3913 ribus
264 3855 413 3912 Aureliani
428 3857 463 3912 lll
477 3861 506 3912 et
520 3856 681 3912 Marcellini
703 3873 793 3929 usque
809 3860 839 3914 in
859 3859 936 3914 diem
952 3872 991 3913 vu
1049 3865 1166 3920 44444444
1179 3867 1232 3920 544
1243 3868 1351 3937 quihus
1364 3881 1437 3924 coss.
1451 3868 1561 3925 luerint
1573 3875 1790 3925 enumerantur.
1803 3871 1834 3925 lu
1846 3880 1877 3923 eo

168 3945 236 4000 4445
250 3943 422 4015 Decembris,
437 3944 509 4001 Caro
524 3959 544 4000 u
560 3950 588 4000 et
601 3945 705 4001 Carino
724 3946 905 4002 consulibus.
925 3966 938 3997 4
954 3947 994 4002 De
1050 3949 1089 4006 ita
1104 3952 1265 4008 scribitur:
1282 3957 1440 4026 imperante
1462 3957 1577 4013 Tiberio
1592 3958 1702 4013 Caesare
1717 3970 1821 4025 passus
1836 3961 1878 4012 est

167 4031 305 4102 Dionysio
315 4037 409 4088 autem
421 4045 478 4089 uno
490 4047 523 4089 44
534 4032 705 4104 Eutychiani
718 4034 991 4104 praedecessoribus:
1048 4041 1187 4097 Dominus
1204 4044 1286 4099 iesus
1297 4045 1431 4101 christus
1449 4047 1563 4103 (ruphus
1582 4046 1713 4103 Geminis
1725 4060 1799 4103 4455.
1814 4059 1876 4117 4444,

170 4121 356 4191 «Dionysius
377 4121 463 4178 annis
481 4127 555 4192 octo,
578 4122 725 4178 mensibus
746 4123 870 4194 duobus,
890 4122 994 4179 diebus
1049 4128 1167 4185 Kalend.
1183 4131 1302 4201 Aprilis.
1319 4135 1353 4188 Et
1368 4141 1433 4204 post
1447 4149 1597 4192 ascensum
1610 4137 1674 4206 4445
1689 4136 1878 4192 beatissimus

168 4214 303 4281 quatuor.
327 4210 393 4265 Fuit
416 4211 593 4281 temporibus
614 4210 738 4267 Gallieni
763 4226 798 4267 ex
818 4212 914 4268 44444
934 4211 993 4267 Ka·
1049 4218 1149 4272 Petrus
1170 4218 1337 4291 episcopum
1358 4224 1492 4295 suscipit,
1509 4231 1588 4281 »etc
1606 4226 1648 4281 Ex
1668 4225 1774 4295 primis
1790 4224 1878 4296 hujus

170 4297 319 4354 leudarum
350 4299 484 4369 Augusti,
526 4299 681 4354 llimiliano
718 4303 747 4354 ct
783 4301 868 4356 Basso
906 4314 993 4371 4455.,
1049 4305 1295 4380 44454444444445,
1310 4313 1685 4381 quaeeademomuiuosunt
1697 4312 1878 4383 cumprimis

171 4385 387 4456 usqueindiem
398 4387 550 4456 septimum
561 4386 622 4442 Kal.
635 4387 775 4458 ianuarii,
787 4400 861 4444 4455.
873 4388 993 4444 ctaudio
1049 4394 1145 4450 verbis
1165 4397 1298 4469 catatogl,
1315 4399 1421 4471 dequo
1442 4402 1471 4457 44
1493 4402 1626 4473 praesenti
1649 4403 1775 4474 agimus,
1792 4400 1877 4458 facile

170 4479 199 4531 et
206 4475 334 4530 Paterno.
348 4474 459 4544 »Quid
472 4489 578 4547 quaeso,
589 4476 619 4531 iu
629 4475 796 4532 hisduobus
807 4475 993 4546 pontificibus
1048 4482 1367 4560 colligitureatalogum
1377 4491 1507 4546 eumdem
1517 4490 1876 4562 essequemCuspinianus

169 4563 996 4635 estquoddivcrsitatemauctorumiudicetildemomui-
1049 4569 1118 4627 olim
1145 4572 1257 4646 habuit,
1285 4591 1427 4648 quemque
1451 4592 1593 4650 anonymo
1616 4580 1729 4636 auctori
1758 4579 1875 4649 tribuit,

170 4666 208 4711 uo
220 4657 264 4709 est
276 4651 378 4723 stylus,
391 4652 487 4709 eadem
501 4653 653 4710 methodus
669 4655 786 4710 notandi
803 4659 923 4724 tempus,
937 4670 994 4725 quo
1051 4666 1136 4730 prout
1147 4663 1273 4721 tribuere
1289 4666 1381 4738 pergit
1395 4672 1424 4722 in
1438 4669 1533 4738 operis
1549 4683 1713 4741 progressu,
1729 4668 1780 4724 ubi
1794 4674 1874 4725 cata-

171 4748 293 4814 utcrque
307 4739 435 4812 pontifex
453 4741 538 4814 sedit,
554 4742 624 4798 adeo
645 4751 676 4800 44
690 4744 786 4800 44444
806 4744 890 4799 44444
906 4758 994 4799 unum
1050 4747 1108 4821 logi
1120 4749 1207 4807 istius
1221 4755 1391 4810 mentionem
1404 4755 1483 4826 lacit,
1497 4764 1525 4812 et
1536 4761 1685 4829 signanter
1696 4757 1730 4813 44
1745 4758 1876 4814 4445444-

169 4834 366 4904 eumdemque,
375 4845 431 4888 nou
438 4831 910 4902 pluresauctoresluisseindicent.
919 4834 994 4889 idem
1049 4843 1110 4894 tum
1126 4841 1275 4898 Saturnini
1291 4845 1342 4899 let
1358 4845 1475 4916 l'enuvi,
1492 4859 1579 4918 agens
1597 4848 1632 4904 de
1648 4848 1730 4904 Petro
1747 4847 1794 4903 his
1810 4861 1875 4904 yer-

171 4920 254 4989 plane
272 4922 307 4978 de
326 4921 459 4978 Marcello
477 4927 506 4977 et
524 4922 647 4979 Eusebio
666 4922 831 4992 dicendum,
851 4937 924 4995 4445
939 4924 995 4977 Pa·
1050 4926 1116 4984 bis:
1134 4950 1148 4982 4
1164 4932 1397 4988 vetustissimum
1419 4937 1544 5006 comperi
1566 4937 1597 4992 in
1612 4935 1790 4992 bibliotheca
1809 4948 1875 5007 qua-

171 5006 345 5079 pebrochius
358 5009 394 5064 ab
408 5011 498 5068 altero
517 5016 633 5069 auctore
652 5013 779 5084 adjectos
797 5012 937 5069 credebat.
954 5014 994 5068 Dc
1048 5017 1112 5073 dam
1128 5020 1299 5088 opusculum
1313 5024 1445 5093 anonymi
1462 5026 1600 5095 auctoris,
1618 5039 1674 5096 quo
1688 5026 1876 5082 continentur

170 5093 304 5153 Marcello
314 5096 389 5149 euim
404 5099 444 5154 444
456 5099 540 5155 44444
551 5102 715 5172 catalogus:
730 5122 744 5152 o
757 5100 907 5158 Marcellus
919 5115 994 5158 auno
1049 5108 1198 5177 pontittces
1216 5109 1337 5166 Romani
1353 5112 1408 5167 sub
1426 5113 1534 5183 quibus
1554 5128 1626 5170 coss.
1649 5114 1760 5170 tuerint
1776 5114 1875 5169 44444

172 5197 239 5250 444,
253 5180 401 5237 mensibus
412 5187 601 5253 septem,dies
612 5186 727 5258 viginti.
739 5188 993 5258 Fuittemporibus
1048 5194 1131 5251 Petro
1153 5210 1244 5267 usque
1263 5200 1297 5254 ad
1316 5201 1524 5273 Marcellinum,
1549 5204 1600 5274 qui
1621 5204 1675 5260 sub
1692 5203 1874 5259 Diocletiano

171 5269 319 5339 Maxentii,
335 5282 352 5324 a
366 5271 552 5326 consulatu...
569 5277 596 5329 x
610 5281 638 5329 ct
657 5274 824 5330 Maximiani
842 5278 883 5348 vt,
902 5293 993 5349 usquc
1047 5283 1115 5355 luit,
1139 5286 1376 5356 quemadmodum
1399 5290 1536 5361 deinceps
1555 5294 1748 5349 narrabimus.
1773 5294 1876 5348 »Cou-

173 5356 501 5454 posteonsulaturnxet
516 5360 572 5412 l'il.
589 5380 602 5408 4
615 5364 648 5417 Et
662 5361 697 5417 de
712 5362 854 5420 Eusebio:
873 5385 885 5415 4
901 5366 994 5422 Euse-
1047 5379 1166 5444 stanter,
1191 5378 1220 5428 et
1245 5383 1320 5431 recte
1346 5377 1467 5435 affirmat
1490 5382 1683 5452 captaturos,
1711 5381 1875 5438 vetustissi-

171 5443 238 5542 4445
253 5459 362 5502 meuses
377 5459 416 5516 44,
431 5445 494 5501 4445
510 5459 569 5514 444,
582 5462 598 5500 4
612 5461 659 5501 444
673 5448 734 5503 Mol.
752 5450 841 5507 Maias
855 5468 945 5524 usque
961 5457 991 5512 iu
1049 5476 1125 5518 mum
1139 5462 1309 5533 opusculum
1329 5481 1391 5522 4554
1410 5469 1521 5540 antiqui
1545 5472 1700 5542 scriptoris
1715 5472 1872 5543 anonymi3

169 5532 246 5589 dtcm
268 5545 316 5588 444
335 5534 476 5593 Kalendas
497 5534 681 5606 septembris.
703 5558 716 5588 o
737 5541 767 5595 ln
788 5542 894 5611 quihus
916 5545 991 5601 nihil
1047 5552 1094 5606 544
1112 5553 1248 5610 memoria
1264 5555 1361 5625 lapsus
1383 5558 1509 5631 videtur,
1527 5561 1597 5617 dum
1613 5559 1701 5618 refert
1720 5562 1873 5631 ponttuces
