3892 6136
149 289 221 350 4489
560 288 722 347 HISTORIA
749 290 794 346 ott
824 290 912 348 vlits
934 291 1018 350 nott.
1048 290 1147 348 PONT.
1169 321 1206 334 -
1229 295 1258 351 S.
1285 297 1444 356 niolitus.
1784 304 1853 367 4490

146 419 287 475 Anicetus
299 417 349 474 Pio
359 415 532 487 praepositus
544 412 610 472 luit.
625 415 705 470 llunc
719 427 844 472 errorem
855 413 974 486 agnovit
986 416 1015 477 A
1027 416 1218 474 homanorum
1241 420 1409 489 pontiacum
1435 423 1475 480 lta
1499 426 1619 484 scribit:
1637 431 1769 501 lippinus,
1790 438 1852 503 post

148 488 516 560 postobitumllenschenii
534 486 971 558 Papebrochius,quiinconatu
1026 488 1102 551 Pius,
1127 495 1188 558 post
1213 506 1291 561 quem
1315 495 1453 550 Anicetus.
1477 497 1628 569 hegesippi
1654 503 1848 561 testimonium

145 561 454 618 Chronico-ilistorico
467 557 582 625 latetur,
593 560 668 629 quod
684 559 777 614 sedin
791 558 972 640 multumque
1029 561 1170 642 reperitur
1182 563 1257 631 apud
1271 565 1437 634 Eusebium,
1454 566 1504 623 lib.
1520 583 1555 638 ir,
1570 583 1634 640 cap.
1650 569 1695 639 Pl,
1709 575 1759 629 ubi
1769 577 1852 647 liege-

148 634 180 689 in
196 646 306 689 omnem
329 638 435 702 partem
458 631 585 698 verterit,
604 636 635 685 ut
648 631 824 700 antiquioris
848 629 940 684 eatalo
962 644 970 683 i
1026 631 1270 700 sippusalssrmat:
1286 637 1593 708 «Comessemliomaa,
1605 644 1696 699 mansi
1708 645 1748 700 ibi
1761 661 1851 717 iisque

146 705 335 761 chronotaxis
358 719 392 759 eii
419 701 752 772 consulibusdesumpta
768 715 836 784 vero
860 644 971 757 calcufo
1027 703 1853 785 aiipontilicisAnicetitempora,cujustumquidemliieu-

147 777 343 847 responderet.
362 778 414 830 «ln
431 780 509 829 tanta
525 772 720 843 perplexitate,
740 769 971 844 inquitpagffl,
1028 773 1140 830 iberius
1163 776 1304 833 dlaconus
1323 786 1393 834 erat.
1420 782 1491 838 liiiio
1517 785 1659 841 successit
1682 787 1772 854 Soter,
1795 802 1851 859 quo

145 848 303 919 ambiguus
320 847 399 914 haesi,
426 844 527 911 fateor,
542 845 593 900 diu
621 845 825 927 multumque,³
837 852 866 928 et
882 856 925 898 mc
942 845 970 927 in
1028 848 1280 928 morteeistincto,
1299 850 1482 909 Pleutherius
1499 868 1634 913 manusc
1657 858 1781 930 iscopale
1800 874 1852 914 ca-

146 933 260 976 omnem
277 926 384 988 partem
408 918 490 973 torsi.
513 916 635 971 Tandem
652 924 745 972 tamen
769 916 875 972 incidit
887 929 971 970 anci·
1028 924 1152 984 pessit.»
1169 918 1230 986 Quo
1246 921 1411 978 testimonio
1425 924 1537 981 nullum
1551 871 1733 987 manissstius
1743 931 1852 988 deside·

147 991 220 1062 pitis
235 988 512 1056 coasiliidivinatio,
529 1000 591 1058 quse
604 988 709 1043 nodum
727 999 782 1043 uon
794 985 971 1054 soluerescd
1026 990 1084 1042 rari
1098 995 1198 1058 potest,
1215 993 1369 1048 cumomni
1386 997 1552 1066 exceptione
1568 1000 1660 1068 majus
1675 1003 1725 1068 sit,
1737 1002 1851 1059 etclare

147 1062 281 1117 scindere
301 1058 799 1130 viileatur3bisgeniinoconsulum
823 1059 882 1128 pari
898 1059 972 1113 inter
1025 1071 1060 1114 ex
1094 1074 1127 1115 eo
1164 1068 1309 1132 appareat,
1352 1067 1467 1122 Aniceto
1500 1072 1674 1126 successisse
1713 1075 1849 1146 Soterem,

145 1135 223 1189 duos
248 1132 397 1202 pontifices
414 1132 499 1186 aliter
520 1130 642 1201 digesto,
669 1131 712 1185 sic
735 1136 840 1197 minen,
866 1135 898 1185 ut
921 1142 973 1184 eo-
1025 1130 1152 1201 adeoque
1168 1133 1248 1188 Pium
1268 1135 1386 1192 Aiiiceto
1401 1140 1621 1208 praeponendum
1635 1155 1705 1199 esse.

146 1205 278 1261 rumdem
304 1203 420 1259 nomina
441 1210 591 1256 serventur
611 1202 727 1257 intacta.
753 1207 781 1256 et
805 1202 874 1257 Pius
898 1213 974 1269 prae-
1062 1199 1091 1255 l.
1106 1205 1176 1257 Cum
1194 1203 1291 1273 itaque
1306 1220 1339 1260 eii
1355 1209 1442 1263 dictis
1453 1217 1562 1266 constet
1579 1213 1648 1279 quid
1664 1217 1847 1273 statuendum

146 1281 273 1346 ponatur
289 1275 418 1343 Aniceto,
447 1273 501 1328 levi
515 1270 589 1327 lacta
604 1275 762 1329 mutatione
778 1273 807 1327 in
823 1271 974 1341 antiquis·
1028 1272 1068 1327 sit
1081 1272 1116 1328 de
1130 1275 1401 1343 primadidiculiate
1414 1280 1488 1336 rirca
1507 1283 1636 1339 ordinem
1661 1299 1718 1355 quo
1743 1288 1811 1343 Pius
1823 1295 1851 1344 et

146 1347 224 1402 simu
242 1346 371 1400 omnium
399 1344 537 1415 catalogo,
556 1343 631 1399 uuile
654 1341 787 1399 conlusio
811 1343 840 1397 iii
856 1351 974 1398 caeteros
1027 1343 1165 1400 Anicetus
1179 1347 1209 1400 in
1228 1348 1302 1403 serie
1325 1351 1516 1408 homanorum
1534 1355 1701 1422 pontiacum
1714 1358 1848 1414 collocari

145 1430 248 1473 omnes
262 1416 343 1473 ictui
356 1429 391 1471 eii
408 1413 484 1472 loute
499 1415 669 1484 produxisse
685 1415 813 1484 potuita
835 1415 975 1470 statano-
1028 1414 1147 1486 debent,
1163 1418 1304 1488 agendum
1322 1433 1397 1476 nunc
1416 1430 1458 1477 esi
1471 1424 1506 1479 de
1527 1426 1651 1481 secunda
1671 1427 1849 1501 difficultate,

147 1501 212 1544 nem
230 1488 309 1544 illam
332 1487 465 1557 proponit
482 1486 510 1540 in
525 1485 767 1541 divinationesua
788 1498 849 1556 pag.
863 1482 907 1550 23,
922 1483 971 1540 ubl
1028 1501 1092 1556 quae
1120 1494 1248 1544 movetur
1273 1491 1349 1546 circa
1371 1498 1484 1563 tempus
1520 1497 1849 1557 uoSoteretEleuthe-

148 1573 202 1630 pro
226 1559 407 1628 consulibus,
428 1557 478 1628 qui
497 1570 573 1612 nunc
590 1557 629 1612 ita
646 1557 675 1612 in
688 1555 818 1629 catalogo
831 1555 971 1637 exhibea·
1029 1558 1101 1623 rius,
1121 1558 1233 1615 Aniceti
1250 1574 1440 1633 successores,
1464 1510 1558 1621 sedem
1571 1568 1756 1641 apostolicam
1770 1570 1850 1628 obti-

146 1636 215 1687 tur:
241 1632 387 1686 Anicetus.
397 1668 405 1684 .
415 1664 435 1682 .·
452 1645 469 1683 u
492 1627 633 1682 consulatu
657 1627 795 1683 Gallicani
821 1633 846 1681 et
870 1629 973 1683 Veteres
1028 1635 1166 1685 nuerunt.
1184 1631 1222 1686 Ac
1237 1631 1271 1687 de
1283 1633 1368 1688 annis
1383 1635 1498 1704 quidem
1513 1637 1622 1694 Soteris
1635 1654 1712 1709 papae
1727 1655 1850 1700 consen-

145 1717 234 1772 usque
259 1704 394 1757 Praesente
420 1705 446 1754 et
465 1701 621 1770 nunnu-
643 1702 758 1755 Pius...
783 1715 801 1752 o
829 1699 973 1753 consulatu
1028 1702 1107 1755 tiunt
1132 1698 1190 1756 lere
1213 1715 1310 1758 omnes
1334 1704 1456 1777 catalogi
1483 1709 1534 1763 lls.
1564 1715 1593 1764 et
1615 1712 1690 1781 typis
1711 1713 1793 1784 editi,
1820 1716 1848 1771 ln

146 1774 224 1831 Glari
249 1777 275 1827 et
298 1775 391 1829 seueri
413 1786 498 1840 usque
521 1772 631 1825 bicotus
645 1771 799 1838 Aspasiae,-
823 1770 895 1839 petit
914 1769 972 1825 sibi
990 1770 1136 1842 ssquihus
1146 1773 1237 1828 Soteri
1255 1777 1443 1845 nortemanni,
1458 1778 1607 1850 etaliqcot
1617 1795 1735 1849 menses,
1747 1786 1850 1843 acdies

146 1844 236 1901 licere
250 1844 308 1900 haec
321 1843 403 1899 verba
416 1844 455 1898 ita
469 1844 619 1897 inuertere.
630 1844 753 1896 —Pi'iis.
765 1881 789 1894 ..
804 1842 975 1896 cconsututu
1030 1842 1208 1899 tribuuntur.
1219 1845 1848 1922 Antiquissimuscatalogustemporebiberil

146 1915 224 1971 cleri·
249 1921 275 1970 et
296 1916 388 1971 Seueri
409 1929 496 1983 usque
513 1914 646 1969 Praesente
671 1919 697 1968 et
724 1915 828 1983 Rufino.
844 1941 881 1951 —
902 1915 976 1968 Aui-
1030 1916 1303 1985 papaeccnscripius
1319 1916 1414 1987 refert,
1436 1921 1560 1976 Soterem
1574 1923 1683 1980 sedisse
1697 1927 1782 1982 annis
1795 1941 1850 1986 no·

145 1993 236 2042 cetus.
247 2028 253 2040 .
265 2027 272 2040 .
286 1986 456 2041 occusulctu
468 1984 606 2040 Gallicani
620 1991 644 2040 ct
655 1987 759 2042 Veteris
769 1999 854 2054 usque
864 1984 976 2038 Duobus
1030 1998 1100 2054 rem,
1116 1986 1263 2043 mensibus
1274 1988 1377 2058 tribus,
1393 1990 1497 2047 dicbus
1509 1993 1638 2050 duobus:
1660 1998 1706 2052 cui
1723 2000 1852 2057 concinit

144 2061 290 2126 mum„
1030 2055 1177 2139 camlogus
1201 2059 1353 2115 Vaticanus
1381 2063 1486 2117 saeculo
1510 2077 1584 2119 nono
1611 2074 1754 2124 exaratus.
1779 2073 1852 2127 Cor-

187 2129 269 2185 allac
284 2129 361 2185 enim
387 2128 545 2183 mutatione
568 2128 742 2198 permissa»
759 2127 857 2209 inquit
871 2138 976 2182 conse·
1031 2125 1156 2183 beiensis
1171 2134 1296 2200 tempore
1306 2131 1405 2202 l'igilii
1419 2147 1496 2204 papae
1506 2137 1696 2194 concinnatus
1710 2139 1850 2199 habetto·

147 2208 272 2272 quenter
296 2199 545 2270 Papebrocbius,i
561 2200 661 2255 videor
684 2200 754 2255 milii
782 2213 825 2254 sic
840 2198 974 2254 ordinare
1030 2199 1117 2254 tidem
1133 2213 1232 2270 annos,
1262 2215 1371 2258 menses
1390 2204 1472 2273 duos,
1498 2213 1524 2261 et
1541 2209 1604 2263 ilies
1620 2211 1724 2281 viginti
1743 2226 1846 2270 unum.

147 2274 259 2343 omnia,
276 2277 308 2328 ut
321 2273 490 2327 continuata
505 2284 688 2327 successione
699 2270 878 2343 pontidcum,
892 2273 974 2324 vica·
1029 2270 1198 2326 blembraiiae
1209 2273 1434 2342 antuerpienses
1448 2277 1545 2333 saeculi
1560 2280 1633 2335 sexti
1644 2280 1749 2337 habent
1759 2298 1850 2342 annos

147 2346 259 2400 riorum
283 2357 328 2413 ue,
344 2343 429 2398 etiam
443 2344 472 2396 in
490 2342 536 2397 his
549 2342 673 2411 duobus,
690 2352 718 2397 et
730 2341 915 2411 consequenti
927 2341 972 2395 So·
1030 2352 1139 2411 notem,
1166 2357 1276 2400 menses
1300 2351 1366 2419 tres,
1393 2347 1456 2404 dies
1470 2349 1585 2420 viginti.
1601 2352 1754 2424 catalogus
1766 2356 1850 2412 Pala-

147 2424 217 2479 terc,
230 2359 343 2483 eoqoco,
359 2415 408 2469 ubi
420 2413 493 2469 alias
505 2416 701 2485 requireretur
715 2412 972 2495 interpontificium
1029 2415 1266 2472 tino-Vaticanus
1277 2419 1375 2473 saculi
1392 2420 1483 2474 octavi
1500 2420 1620 2477 altirmat
1637 2425 1746 2481 sedisse
1758 2439 1849 2484 annos

147 2488 302 2556 plusquam
327 2493 471 2552 semestre,
497 2487 581 2555 pauci
600 2486 663 2541 dies
686 2485 840 2553 subiciant,
865 2482 974 2554 quibus
1028 2498 1137 2556 norem,
1169 2500 1279 2542 menses
1305 2502 1363 2558 sea,
1391 2490 1454 2545 dies
1482 2492 1632 2549 duodecim
1662 2502 1733 2565 quot
1759 2510 1850 2556 annos

146 2558 417 2614 oeqespafflverqq.„
1027 2563 1056 2611 et
1083 2570 1192 2612 menses
1212 2559 1238 2613 ei
1256 2559 1390 2615 tribuunt
1403 2561 1456 2617 alii
1471 2562 1593 2636 catalogi
1608 2567 1733 2636 antiqui,
1751 2569 1780 2624 in
1798 2571 1850 2628 hoc

184 2625 211 2684 3.
233 2629 375 2685 Hactenus
391 2627 612 2697 papebrochius,
631 2627 682 2698 qui
697 2633 729 2683 ut
737 2626 916 2698 antiquioris
931 2639 975 2680 ca·
1027 2627 1122 2684 solum
1135 2628 1253 2698 diversi,
1291 2632 1344 2686 uod
1358 2632 1421 2688 dies
1436 2633 1585 2690 duodecim
1601 2636 1628 2690 in
1643 2638 1747 2709 viginti
1760 2654 1849 2698 unum

148 2700 239 2772 talogi
252 2700 452 2756 auctoritatem
469 2706 593 2770 tueatur,
607 2700 680 2756 duos
693 2700 722 2755 in
746 2700 849 2770 primis
860 2711 972 2754 errores
1027 2645 1662 2770 commutenttlufliusconsentitauctorlibri
1675 2710 1851 2770 Pontihcalis

146 2772 336 2843 corrigendos
357 2778 524 2840 esseputit.
555 2773 655 2828 verum
679 2784 744 2827 cum
759 2772 907 2842 catalogus
923 2769 973 2824 ille
1029 2772 1057 2827 in
1079 2771 1174 2827 tribus
1187 2774 1255 2827 blss.
1271 2774 1429 2837 codicibus,
1448 2776 1611 2833 Florentino
1627 2780 1776 2853 nimirum,
1794 2786 1850 2840 lte-

147 2857 223 2913 opus
239 2842 340 2898 habeat
356 2843 421 2899 istis
436 2842 676 2910 correctionibus,
698 2856 789 2899 memo
807 2856 862 2898 uon
884 2840 971 2924 videt²
1027 2843 1075 2916 glo
1088 2847 1117 2898 et
1132 2843 1284 2899 Vaticano:
1297 2858 1372 2908 nam,
1381 2846 1464 2916 Juxta
1477 2847 1592 2904 illorum
1610 2850 1850 2920 lectionem,sedit

149 2915 282 2971 eumdem
298 2914 334 2970 ab
344 2928 377 2970 eo
388 2915 592 2969 concinnatum
605 2911 704 2982 luisse,
729 2916 779 2985 qul
796 2915 972 2971 accuratiori
1028 2930 1114 2968 crines
1133 2930 1235 2981 nocem,
1259 2931 1360 2971 menses
1384 2932 1440 2984 sec,
1459 2919 1518 2973 dies
1531 2922 1630 2988 ut‘qiitti'
1643 2937 1737 2977 unum.
1756 2924 1850 2983 Series

148 2987 341 3043 Romanorum
358 2985 525 3056 pontihcum
551 2986 655 3041 notitia
669 2986 824 3056 indigebat.
849 2986 883 3040 Et
896 2984 921 3040 si
934 2985 974 3039 ita
1030 2985 1196 3056 pontillcum
1209 2986 1238 3041 in
1249 2987 1369 3042 ecclesia
1379 2988 1409 3043 S.
1431 2989 1511 3045 Pauli
1526 2997 1591 3046 ante
1606 2993 1779 3065 quingentos
1794 3010 1850 3054 an-

149 3057 250 3114 liieret
263 3063 372 3113 mutare
386 3057 415 3112 in
431 3058 520 3128 Actis,
538 3063 623 3127 prout
636 3056 694 3113 sibi
707 3059 784 3113 circa
796 3058 872 3113 hunc
893 3062 975 3111 cata·
1029 3070 1081 3113 nos
1105 3057 1218 3125 depicta
1244 3057 1327 3113 habet
1354 3075 1440 3113 unitos
1454 3076 1556 3128 uocem,
1584 3079 1687 3118 meuses
1702 3072 1765 3132 tres,
1792 3069 1849 3125 dies

149 3128 247 3201 logum
264 3128 351 3185 licere
373 3129 457 3199 petiit
470 3130 515 3183 vir
537 3129 682 3197 eruditus,
698 3130 748 3185 iix
765 3128 856 3184 ullum
868 3141 973 3182 monu-
989 3166 1013 3222 b.
1027 3128 1378 3198 vipiiitiuniim:aquibus
1393 3130 1444 3185 alii
1455 3131 1577 3203 catalogi
1589 3147 1643 3189 non
1655 3137 1845 3196 dissentiunt:

148 3208 276 3257 mentum
291 3201 509 3271 supposititium
529 3201 703 3270 reperiretur
727 3200 802 3271 quod
816 3199 974 3255 verisimile
1029 3200 1069 3255 ita
1085 3204 1117 3254 ut
1129 3201 1213 3267 juxta
1227 3213 1404 3255 communem
1418 3201 1519 3257 horum
1531 3204 1850 3275 catalogorumconsen·

149 3273 233 3329 reddi
257 3285 312 3328 non
336 3278 441 3342 posset.
466 3275 588 3343 Agnovit
613 3273 665 3328 hoc
685 3271 897 3341 Papebrochius
913 3271 974 3340 ipse
1028 3284 1091 3326 siim
1106 3271 1186 3326 Soter
1209 3270 1316 3326 sederit
1330 3284 1420 3327 annos
1434 3285 1541 3328 novem.
1560 3273 1659 3331 bidert
1672 3276 1708 3332 ab
1722 3278 1774 3334 hac
1786 3287 1849 3338 tra-

148 3345 181 3401 ln
203 3345 357 3399 Anamnesi
381 3344 416 3398 de
431 3343 508 3398 Cleto
534 3351 562 3398 et
582 3343 718 3399 Anacleto
744 3357 806 3414 pag.
831 3338 895 3412 Pii,
922 3342 972 3397 ubi
1027 3344 1139 3399 ditione
1152 3341 1299 3412 catalogus
1314 3348 1439 3413 tempore
1459 3344 1565 3399 tustini
1583 3346 1766 3417 imperatoris
1776 3365 1849 3409 con-

149 3416 275 3486 ingenue
288 3414 403 3483 latetur,
422 3415 545 3484 primum
572 3415 868 3486 antiquissimamque
891 3419 973 3469 cata·
1027 3415 1164 3482 scriptus,
1180 3414 1208 3467 in
1220 3413 1378 3482 quoSoteri
1393 3413 1654 3472 tribuunturcnitis
1667 3424 1734 3484 octo,
1747 3437 1849 3481 menses

148 3486 246 3558 logum
275 3487 304 3541 ln
321 3486 401 3543 bisce
417 3486 572 3556 principiis
586 3500 640 3542 non
657 3487 696 3541 ita
720 3492 828 3542 certum
844 3499 917 3552 esse,
943 3487 973 3538 ut
1027 3501 1084 3548 sec,
1099 3484 1156 3538 dies
1169 3485 1267 3551 cipinti
1281 3500 1362 3553 uuus,
1375 3487 1495 3556 eiusque
1507 3490 1671 3546 auctorbac
1687 3492 1717 3547 in
1733 3505 1849 3552 resecu-

142 3562 234 3631 possii
259 3559 340 3627 idem
363 3561 455 3626 tacere
467 3558 652 3611 indubitatum
664 3562 727 3627 post
754 3556 973 3611 animaduersum
1027 3562 1075 3613 tus
1090 3563 1132 3611 est
1146 3555 1306 3610 chronicon
1319 3556 1350 3610 S.
1371 3556 1513 3627 Prosperi.
1542 3560 1571 3614 in
1585 3573 1642 3630 quo
1654 3562 1776 3633 legitur:
1792 3569 1849 3623 lto-

145 3634 178 3685 iit
197 3632 319 3695 Aiiiceto,
336 3634 361 3684 et
379 3631 427 3684 Pio
450 3630 650 3699 difficultatem.
675 3628 794 3685 Relictis
810 3629 907 3698 itaque
924 3628 970 3696 iis,
1026 3642 1115 3682 murtae
1134 3627 1258 3709 Ecclesiae
1279 3629 1461 3698 episcopatum
1489 3644 1516 3684 iii
1533 3634 1651 3701 suscepit
1665 3632 1742 3689 Soter
1767 3641 1849 3695 anuis

146 3715 212 3774 quac
228 3705 262 3756 ait
285 3701 464 3772 antiquioris
480 3700 809 3771 catalogiauctoritatem
831 3706 972 3769 spectant,
1027 3705 1094 3753 octo.
1105 3701 1269 3767 Desumpsit
1281 3709 1375 3754 autem
1391 3705 1416 3755 s.
1430 3701 1559 3771 Prosper,
1575 3708 1686 3773 tempus
1697 3708 1847 3767 Soterlsex

146 3774 296 3829 veniamus
311 3772 345 3827 ad
363 3772 487 3842 primum
502 3785 637 3840 errorem,
655 3785 738 3842 quem
763 3771 974 3842 Papebrochius
1026 3770 1152 3826 Chonico
1178 3770 1304 3839 Eusebii,
1327 3772 1355 3826 in
1368 3784 1425 3841 quo
1444 3773 1539 3829 eadem
1555 3776 1673 3831 omnino
1686 3777 1771 3835 verba
1794 3782 1849 3837 ha-

144 3844 350 3915 coirigendum
365 3845 462 3913 duxit,
487 3849 515 3899 et
541 3850 732 3899 monstremus
748 3843 828 3898 Pium
854 3844 972 3899 Aniccto
1026 3841 1140 3897 beiitur.
1162 3840 1317 3896 Contlrinat
1334 3843 1502 3899 haecomnia
1523 3846 1665 3902 Eusebius
1680 3848 1709 3904 in
1726 3848 1848 3910 historia

146 3916 369 3986 praeponendum
383 3929 455 3985 esse,
472 3923 557 3984 prout
572 3915 913 3984 praeponuntcomptures
928 3929 972 3970 ca·
1027 3913 1077 3970 lib.
1093 3926 1120 3981 a,
1145 3911 1195 3968 ubi
1218 3915 1443 3982 persecutionem
1460 3916 1489 3970 in
1512 3915 1617 3972 Galliis
1641 3918 1695 3974 sub
1709 3919 1846 3981 Antonini

146 3986 237 4058 talogi
264 3995 339 4054 ante,
363 3992 392 4042 et
413 3998 477 4056 post
504 3992 630 4056 teriipora
645 3986 790 4041 Anastasit
809 3985 972 4041 hibliothe-
1026 3984 1198 4041 htiomotaiii
1210 3985 1420 4053 descripturus,
1434 3986 1480 4042 his
1493 3988 1588 4044 verbis
1599 3991 1848 4057 praoemiumdtctl

143 4060 233 4128 carii,
249 4057 326 4113 inter
345 4072 417 4127 quos
433 4064 577 4126 reperitur
602 4071 677 4113 unus
700 4059 852 4113 Vaticanus
871 4057 969 4114 sacculi
1025 4057 1094 4112 libri
1105 4055 1225 4125 incipit:
1241 4075 1254 4107 i
1269 4057 1465 4127 igitursotere
1478 4060 1610 4115 llomante
1625 4060 1811 4134 urbisepisco

145 4129 305 4197 undecimi,
318 4129 735 4201 alterbibliothecaequoiidam
749 4129 971 4198 sapientissimas
1026 4135 1089 4198 post
1102 4133 1231 4183 octavum
1246 4131 1542 4197 episcopatusannum
1557 4138 1617 4187 rita
1627 4131 1735 4202 iuncto,
1745 4135 1803 4194 duo
1824 4153 1850 4195 e

144 4200 485 4272 reginaesueciaesaeculi
512 4204 590 4272 noni,
618 4202 721 4256 tertius
738 4201 865 4256 Palatino
890 4201 971 4256 Vati·
1025 4199 1848 4273 ciiiiusabapostolisb'leutherusinejuslocumsuccesslt.

143 4285 236 4329 canus
248 4272 347 4329 seculi
364 4273 467 4342 octavi,
483 4271 535 4327 alii
559 4271 746 4328 corbeienses
764 4277 832 4342 duo,
847 4286 969 4342 quorum
1025 4273 1125 4327 Annus
1141 4275 1209 4325 tunc
1223 4270 1653 4345 agebaturdecimasseptimus
1665 4280 1780 4347 imperii
1798 4283 1850 4338 An-

142 4343 219 4400 alter
234 4343 321 4399 initio
342 4344 442 4399 saeculi
464 4345 566 4414 octavi,
595 4344 668 4399 alter
687 4343 791 4401 saeculo
815 4352 895 4399 sexto
916 4344 970 4400 sub
1025 4344 1119 4399 tonini
1132 4341 1207 4397 Veri.
1222 4340 1284 4411 Quo
1293 4350 1490 4414 temporeciim
1503 4346 1532 4401 in
1544 4347 1693 4403 nonnullis
1708 4356 1848 4410 terrarum

143 4415 254 4486 vigilio
276 4427 357 4486 papa,
386 4416 550 4470 concinnati
575 4422 652 4471 sunt.
678 4415 877 4485 catalogorum
904 4428 970 4472 vero
1026 4416 1157 4485 partibus
1169 4414 1323 4470 violentior
1335 4417 1472 4472 adversus
1482 4427 1596 4473 nostros
1608 4421 1850 4487 persecutlocom·

142 4493 277 4542 auctmes
297 4485 395 4541 bacin
412 4487 547 4542 resecati
568 4493 637 4543 sunt
661 4487 859 4542 testimonium
875 4487 967 4543 sancti
1025 4492 1183 4542 motaesset
1194 4498 1228 4541 ex
1240 4487 1406 4543 incursione
1417 4487 1611 4557 popularium,
1624 4489 1849 4550 innumerabiles

144 4558 289 4628 Prosperi,
304 4558 355 4625 qui
369 4559 398 4611 in
409 4557 552 4614 Chronico
568 4565 632 4628 post
641 4559 782 4629 llyginum
797 4560 889 4627 Pium,
906 4568 968 4628 post
981 4541 1010 4605 D
1025 4571 1112 4628 prope
1132 4563 1268 4627 martyres
1281 4571 1331 4626 per
1348 4558 1513 4613 universum
1539 4558 1635 4614 orbem
1648 4560 1798 4631 enituisse,
1814 4577 1849 4621 ex

141 4629 227 4684 Pium
242 4628 394 4684 Anicetum
416 4629 622 4700 retulit3sicut
636 4629 816 4699 Epiphanius
826 4628 969 4686 heresiti
1026 4631 1074 4700 iis,
1091 4642 1154 4699 quae
1174 4627 1204 4683 in
1217 4628 1303 4683 unica
1319 4629 1467 4696 provincia
1490 4630 1683 4699 contigerunt,
1706 4634 1849 4704 conticere

140 4712 192 4756 eos
213 4699 330 4756 exbibet
344 4699 390 4756 his
410 4700 520 4757 verbis:
551 4703 693 4763 Anicetus,
709 4703 758 4769 qui
776 4703 833 4772 Pio,
851 4703 970 4772 aliisque
1024 4709 1077 4757 est.
1090 4720 1103 4750 »
1116 4701 1148 4754 Et
1164 4710 1226 4768 cap.
1242 4696 1252 4752 l
1268 4716 1274 4752 :
1290 4717 1303 4749 i
1320 4700 1406 4755 Porro
1417 4701 1505 4782 Regio
1517 4701 1644 4783 ipsa...
1660 4700 1755 4760 Gallia
1766 4720 1847 4764 voca·

139 4771 315 4842 poiitipcibus
330 4778 466 4827 successit.
483 4775 656 4841 Desumptus
668 4777 814 4827 estautem
838 4773 885 4828 liic
899 4774 969 4830 ordo
1024 4780 1081 4828 tur.
1098 4773 1130 4826 ln
1144 4770 1196 4824 hac
1207 4769 1272 4825 duae
1284 4783 1340 4838 prae
1354 4772 1466 4827 caeteris
1481 4783 1610 4843 insignes
1623 4782 1847 4850 praestantesque

139 4841 310 4899 exliusebii
326 4843 469 4913 Pamphili
493 4845 645 4912 Chronico,
671 4852 699 4899 et
721 4844 849 4899 historia
874 4845 969 4900 eccle·
1026 4842 1140 4899 urbium
1157 4840 1845 4926 matrescelebrautur,Lugdunumetvieuna.»

140 4913 278 4970 siastica:
296 4912 372 4968 libro
388 4928 510 4986 namque
523 4914 548 4985 l,
570 4929 632 4985 cap.
651 4911 966 4986 thoncuuardus
1023 4915 1115 4984 Atque
1123 4912 1181 4968 baec
1189 4911 1289 4967 estilla
1302 4914 1706 4996 persecutiocupusmeminit
1728 4919 1848 4978 Seuerus

141 5004 156 5038 i
174 4987 285 5056 hygino
299 4992 362 5054 post
375 4994 509 5056 quartum
526 4989 708 5056 episcopatus
720 4999 827 5042 annum
845 4993 969 5059 mortuo,
1023 4986 1168 5055 sulpitius
1183 4983 1233 5038 lib.
1261 4996 1280 5036 n
1296 4985 1430 5065 historiae
1445 4997 1542 5052 sacrae,
1569 4986 1614 5041 liis
1637 4986 1745 5045 serbis:
1760 5010 1773 5042 i
1789 4992 1848 5049 Sub

97 5074 107 5091 ·
140 5055 278 5113 Romanae
295 5057 427 5113 ccclesiae
447 5059 640 5115 sacerdotium
667 5060 796 5130 suscepit
817 5059 969 5116 ilasilit
1024 5059 1142 5112 Aurelio
1157 5056 1295 5137 Antonini
1311 5054 1371 5109 dlio
1386 5057 1546 5125 persecutio
1560 5061 1660 5128 quinti
1675 5061 1847 5131 agitata:ac

140 5128 267 5184 ibidem:
286 5132 382 5184 idum
400 5131 468 5185 Pius
482 5143 558 5186 anno
577 5131 758 5200 episcopatus
773 5131 820 5186 sui
836 5132 968 5187 iviitann
1026 5143 1085 5185 litttt
1096 5127 1220 5197 primum
1233 5124 1426 5182 intraGallias
1438 5128 1757 5200 martyriaiisa,serius
1768 5142 1847 5191 trans

138 5213 205 5256 cuin
234 5205 324 5256 morte
339 5208 553 5271 commutasset,
577 5203 715 5258 Anicetus
732 5203 863 5259 Ecclesiae
886 5202 969 5260 illius
1026 5201 1109 5284 Alpes
1124 5199 1173 5253 bei
1195 5198 1521 5282 religionesusceptam·

137 5273 264 5327 antistes
279 5271 372 5328 lactus
383 5280 459 5328 est.»
478 5276 564 5328 ituri-o
580 5274 651 5329 hanc
665 5276 857 5330 Rornanorum
878 5278 970 5345 ponti·
1059 5285 1084 5325 a.
1098 5269 1262 5326 Persecutlo
1279 5274 1376 5340 itaque
1390 5283 1418 5325 in
1434 5269 1539 5353 Galliis
1555 5277 1630 5328 mota
1650 5270 1707 5329 luit
1721 5280 1846 5348 tempore

139 5342 226 5399 ocum
241 5345 647 5400 successioncmliusebiusab
661 5346 822 5412 iisdidicit,
837 5361 886 5416 qui
903 5347 971 5402 Ani·
1023 5343 1183 5425 Eleutherii
1201 5353 1288 5423 pape,
1302 5354 1367 5396 cum
1381 5342 1415 5395 lt.
1438 5340 1575 5426 Aurelius
1587 5344 1730 5402 decimum
1752 5350 1847 5418 septi-

136 5422 246 5484 cetum,
261 5421 289 5470 et
302 5416 383 5470 Pium
396 5430 446 5486 per
462 5424 571 5471 aetatem
587 5417 682 5472 ridere
696 5425 861 5487 potuerunt,
872 5424 900 5473 et
914 5419 969 5473 sub
1025 5428 1100 5471 mum
1122 5426 1237 5483 imperii
1260 5424 1366 5494 annuum
1386 5419 1492 5496 ageret,
1521 5427 1550 5469 in
1575 5428 1632 5485 qua
1648 5420 1846 5484 persecutione

135 5487 270 5555 Aniceto,
296 5493 325 5543 et
357 5487 522 5543 Eleutherio
543 5489 655 5542 Aniceti
685 5500 849 5544 successore
876 5488 969 5544 homae
1025 5487 1100 5557 passi
1117 5491 1185 5540 sunt
1199 5489 1226 5537 5.
1243 5485 1560 5568 Pothinusepiscopus,
1579 5487 1670 5542 etalii
1689 5493 1845 5562 quamplu-

136 5556 271 5615 luerunt.
286 5558 413 5614 Primum
424 5560 557 5614 internos
567 5559 658 5615 locum
669 5560 779 5615 obtinet
788 5561 818 5612 tt.
832 5560 965 5629 irenaeus,
1023 5559 1102 5627 rimi,
1115 5557 1150 5610 de
1165 5568 1287 5626 quorum
1304 5559 1442 5626 martyrio
1456 5563 1551 5612 caeteri
1566 5557 1744 5616 confessores
1753 5576 1846 5620 carce

135 5633 188 5703 qui
204 5628 260 5685 sub
275 5629 442 5686 Eleutherio
463 5633 497 5686 ad
516 5632 615 5685 Urbem
643 5631 751 5685 missus
763 5637 834 5685 esta
857 5638 968 5702 marty·
1023 5629 1105 5685 ribus
1120 5626 1227 5684 inclusl
1242 5626 1436 5695 adltcciesias
1453 5629 1525 5684 Asiae
1537 5635 1567 5683 et
1589 5629 1717 5702 Pbrygiae
1738 5635 1848 5692 retule-

134 5700 223 5760 ribus
242 5701 502 5774 bugbunensibus3
528 5700 684 5757 secundum
709 5702 895 5774 hegesippus,
915 5703 965 5773 qul
1022 5707 1104 5757 runt.
1126 5701 1223 5756 Exstat
1236 5699 1314 5755 eade
1329 5711 1358 5754 re
1370 5706 1526 5770 martyrum
1542 5700 1846 5779 Lugdunensiumepl·

132 5775 235 5832 tiomae
256 5774 393 5847 usquead
420 5781 548 5845 tempora
560 5774 671 5829 Aniceti
675 5773 855 5903 ⁸permansit.
867 5777 966 5832 irenaei
1022 5769 1344 5856 stolaapudtiusebium
1359 5770 1524 5855 lib.·r,cap.
1544 5769 1845 5844 aliquorumpiam

131 5846 339 5906 testiinonium
355 5849 448 5903 eistat
472 5845 583 5917 tibur,
599 5857 662 5916 cap.
695 5888 703 5919 ,
726 5844 776 5904 ubl
796 5846 826 5903 lu
841 5847 965 5919 catalogi
1022 5857 1110 5918 prope
1135 5854 1363 5915 eenamcenam
1389 5842 1467 5900 diris
1494 5844 1676 5903 cruciatibus
1695 5853 1855 5902 essem
