3892 6136
66 119 117 178 iil

464 122 647 180 BLANClllNI
668 119 817 179 DlffiERT.
841 119 888 175 DE
905 117 984 174 ΑΝΤ-
1013 119 1069 175 itit.
1098 118 1196 176 PONT.
1221 119 1391 178 chiama.

1722 119 1777 178 112

70 243 173 310 sacris,
191 256 258 313 que
285 242 316 298 in
338 242 454 313 templis
475 243 691 312 antiquissimis
711 241 897 303 habebantur,
913 235 942 294 A
956 237 1087 307 gulorum
1098 240 1240 309 eiusmodi
1254 240 1600 311 scriptorumlautrerlus
1612 240 1777 310 descripto·
1853 270 1861 279 ·

72 332 252 401 maximeque
271 330 301 386 in
321 329 387 388 lano
401 331 478 386 iovis
491 332 640 398 triphilii,
657 331 706 386 ubi
721 343 834 386 auream
848 343 899 383 co-

72 420 198 475 lumnam
214 419 339 488 positam
349 433 411 474 esse
421 418 456 473 ab
468 419 532 488 ipso
541 421 606 474 lore
620 419 724 474 titulus
736 417 898 484 indicabat,

70 511 98 564 in
121 521 181 578 qua
197 509 356 563 omniasua
368 512 445 577 gesta
455 508 671 578 praescripsitut
686 511 899 561 monumentum

66 602 145 652 esset
162 596 285 665 posteris
299 602 559 666 rerumgestarum.
575 615 588 644 1
602 595 781 649 lumaddit:
797 616 809 644 a
823 596 900 649 lianc

68 683 236 748 historiam,
250 691 278 738 et
293 683 558 753 interpretationem
572 684 869 738 Enniusestseeutus.
884 701 897 730 1

101 772 174 827 Cum
190 772 283 843 igitur
292 773 463 827 documenta
474 771 588 841 publice
596 772 687 838 posita
697 771 896 842 gentistotius‚

70 866 119 915 aut
149 860 364 928 universitatis,
396 866 447 915 aut
479 860 709 930 magistratuum,
740 858 899 914 habeamur

72 946 240 1003 testimonia
250 949 486 1003 maximeidonea
499 949 533 1003 ad
549 961 593 1002 res
604 954 697 1018 gestas
707 947 899 1016 comproban-

69 1035 130 1097 das,
148 1035 242 1091 multo
266 1037 434 1105 praeclarius
453 1043 537 1106 atque
555 1035 698 1090 efficacius
715 1036 742 1090 id
766 1042 899 1105 prestent

69 1136 186 1178 necesse
195 1129 241 1179 est
256 1125 286 1178 in
296 1125 525 1180 determinandis
546 1124 723 1191 temporibus
742 1132 823 1178 extra
836 1138 899 1194 quae

68 1226 113 1267 res
128 1214 192 1282 geri
210 1213 330 1268 minime
349 1219 512 1282 potuerunt.
528 1214 695 1281 Temporum
716 1220 809 1268 antem
831 1226 899 1280 par-

68 1300 136 1355 titio
155 1299 237 1354 varia
252 1314 316 1355 cum
343 1299 432 1356 inerit
455 1302 528 1370 1111
556 1301 685 1355 nationes
706 1302 844 1362 diversas,
870 1308 898 1356 et

65 1388 282 1457 apudeamdem
295 1388 437 1444 nationem
449 1389 895 1459 cumaliquandositimmntata,

68 1476 262 1547 consequitur
277 1483 338 1532 ute
355 1478 546 1532 monumentis
564 1478 690 1546 publicis
706 1478 805 1532 scriem
824 1483 898 1531 tern-

70 1579 171 1633 porum
185 1566 419 1635 comprobaturis
433 1567 482 1622 illa
498 1567 557 1621 sint
570 1567 696 1622 habenda
711 1567 897 1636 potioraque
913 1553 938 1613 Β

68 1653 250 1722 proximiora
259 1654 897 1723 reperianturlocisactemporibusdequibus

67 1755 155 1811 quam
170 1741 296 1796 maxime
314 1743 420 1812 agitur.
441 1744 486 1797 Uti
502 1744 578 1797 enim
593 1742 659 1797 11111
683 1744 804 1798 recentis
822 1744 899 1798 rici-

66 1829 152 1884 111111
165 1830 334 1887 testimonia
347 1828 495 1885 lubentius
510 1831 639 1885 admittit
645 1832 744 1900 iudex,
756 1833 805 1901 qui
826 1846 899 1886 cau-

65 1930 125 1972 sam
137 1918 273 1973 scientiae
290 1919 444 1987 prudenter
468 1920 592 1988 requirit
612 1920 640 1974 in
666 1926 806 1975 assertore
831 1935 899 1989 per-

65 2014 177 2076 ceptam
196 2006 330 2075 proximo
354 2020 386 2061 ac
401 2008 496 2062 vivido
512 2021 625 2062 sensum
649 2009 855 2076 expierimento,
871 2015 899 2063 et

67 2095 162 2152 oculis
177 2093 309 2163 subjecta
326 2095 460 2150 lidelibus
477 2094 590 2166 praefert
603 2097 641 2151 iis
655 2112 717 2168 quae
729 2099 897 2153 transmissa

66 2197 117 2254 per
128 2196 220 2238 aures
234 2184 399 2238 inanimum
412 2187 544 2240 testantis
554 2185 689 2257 languida
699 2187 898 2242 insinuatione

66 2286 96 2329 se
112 2270 291 2340 inluderint,
312 2272 352 2326 ita
373 2273 458 2327 etiam
482 2275 511 2328 in
535 2277 729 2330 monumentis
750 2289 843 2330 rerum
864 2288 896 2330 ac

66 2367 229 2430 temporum
242 2360 430 2416 admittendis
446 2362 489 2416 ris
501 2368 628 2431 quadam
651 2364 745 2432 potior
756 2365 822 2432 jure
839 2363 897 2417 tri-

68 2448 166 2503 buitur
180 2447 376 2516 proximitati.
402 2448 492 2504 Efficit
513 2452 589 2505 enim
607 2457 638 2505 ut
657 2464 748 2521 oeque
769 2450 895 2507 artilices

65 2537 311 2592 monimentorum
324 2521 414 2591 videri
429 2537 540 2606 possint
553 2539 688 2594 memoria
705 2538 790 2608 lapsi,
804 2552 895 2608 neque

63 2625 190 2680 audaces
209 2624 238 2678 in
256 2624 428 2684 mentiendo.
449 2625 509 2680 sive
532 2625 560 2680 in
576 2632 680 2681 temere
702 2627 894 2695 proponendis

63 2710 147 2768 falsis
170 2709 440 2781 significationibus
469 2726 563 2767 rerum
586 2728 619 2768 ac
643 2720 801 2784 temporum
829 2720 894 2770 ante

61 2801 164 2857 oculos
178 2814 280 2858 eorum
304 2815 427 2872 qnorum
443 2803 473 2857 in
489 2808 643 2871 conspectu
660 2801 709 2855 illa
723 2801 891 2873 agebantur,

61 2902 125 2944 cum
137 2891 259 2946 cordato
273 2893 379 2963 cuique
395 2892 458 2946 viro
472 2890 584 2946 eosdem
598 2890 738 2960 arguendi
753 2895 781 2945 et
797 2889 893 2945 corri-
910 2873 934 2933 C

65 2979 159 3048 piendi
177 2979 300 3037 libertas
315 2979 395 3036 toret.

94 3070 164 3125 Esto
180 3069 393 3139 igiturcriterii
405 3069 496 3126 nostri
509 3069 707 3140 chronologici
718 3069 777 3124 haec
789 3070 888 3141 regula

60 3158 223 3228 princeps:
249 3160 283 3213 Ut
308 3161 337 3212 in
363 3159 526 3228 temporibus
541 3158 693 3212 asserendis
715 3164 889 3212 1111111111

59 3245 183 3314 publica,
199 3249 224 3300 si
241 3252 387 3316 quaesunt,
404 3247 575 3301 consulamus
591 3266 599 3312 ς
613 3262 696 3315 eaque
707 3249 888 3314 praeferamus

60 3334 207 3402 epubiicis
220 3350 291 3403 quae,
304 3350 353 3404 per
367 3336 439 3389 viros
458 3335 568 3388 idoneos
586 3336 689 3404 posita,
702 3335 756 3387 loco
771 3350 802 3386 ac
818 3339 887 3406 111-

57 3435 125 3489 pare
136 3423 195 3476 sint
199 3423 370 3491 promptiora
384 3424 460 3476 aetati
469 3423 502 3476 de
514 3438 568 3491 qua
581 3438 640 3476 cum
653 3423 771 3476 111111
783 3423 885 3488 agitur.

322 3561 460 3617 nacula
472 3559 628 3616 SECUNDA

93 3665 122 3722 5.
134 3667 200 3722 Erit
213 3668 358 3723 secundus
371 3682 460 3724 canon
480 3709 487 3721 .
504 3670 537 3722 Ut
549 3685 562 3722 c
570 3669 690 3738 publicis
703 3685 735 3722 ac
753 3671 886 3738 promimus

58 3761 117 3810 1111
140 3762 221 3810 astate
236 3762 293 3830 tum
308 3757 363 3811 ioco
385 3758 561 3821 documentis,
584 3761 795 3825 magistratuum
819 3775 885 3813 curo

59 3851 83 3897 rt
96 3847 262 3899 audacitate
268 3848 377 3914 positis,
392 3846 441 3899 illa
448 3849 635 3915 praeferantur
650 3861 710 3914 que
724 3848 805 3899 semel
818 3862 886 3899 111-

57 3935 153 3986 stituta
165 3933 339 4002 peridoneus
357 3950 390 3987 ac
411 3934 541 4001 legitimos
556 3940 692 3988 curatores
701 3935 820 4004 publicae
834 3951 885 3988 oo-

58 4019 185 4082 luntatis,
209 4020 277 4074 1111
300 4024 406 4088 integra
429 4025 455 4075 et
473 4022 607 4075 custodita
624 4025 835 4090 permanserint,
854 4027 885 4076 ut

56 4108 164 4162 nullum
175 4111 353 4178 praeseferant
364 4110 497 4163 indicium
510 4112 641 4163 marionis
649 4115 698 4163 aut
707 4112 882 4181 mutationis3

57 4195 104 4248 scd
115 4211 204 4265 neque
218 4201 315 4250 1111111
329 4197 429 4250 uiolari
437 4200 558 4266 potuisse
570 4199 661 4266 reipsa
675 4202 784 4252 constet.

90 4284 131 4339 lix
146 4283 201 4338 boc
216 4283 342 4339 secundo
357 4297 464 4340 canone
479 4287 674 4355 consequitur.

375 4404 563 4448 concitantis!

88 4496 116 4552 s.
131 4497 170 4552 lit
184 4497 316 4554 codicum
332 4500 517 4570 antiquorum
532 4501 568 4571 (si
583 4500 758 4571 autographa
774 4501 881 4570 scripta

55 4599 112 4641 non
128 4586 191 4641 sint
206 4586 246 4643 iis
259 4588 289 4642 in
313 4588 473 4656 codicibus,
500 4589 546 4643 sed
562 4587 700 4657 exempla)
721 4587 881 4643 emendatio

55 4676 177 4743 petenda
191 4676 233 4731 sit
243 4675 279 4730 ab
295 4677 471 4746 inspectione
483 4683 511 4732 et
522 4677 808 4747 comparationecum
825 4691 882 4744 pu-

54 4761 142 4818 blicis
154 4763 340 4820 documentis
354 4765 480 4834 ejusdem
487 4766 580 4821 aetatis
591 4773 641 4821 ant
647 4766 783 4836 proximae
794 4777 880 4833 supra

54 4850 205 4907 indicatis.

88 4941 158 4995 Nam
184 4946 267 4997 vetus
287 4943 439 5012 exemplun
464 4943 616 5013 scriptoris
641 4945 744 5013 privati
768 4944 880 4999 inducit

55 5029 372 5086 bominemsoiitarium
384 5033 447 5101 ejus
459 5033 588 5089 historiae
598 5047 630 5087 ac
643 5033 773 5088 veritatis
782 5032 879 5087 vadem

54 5125 82 5172 et
94 5125 277 5175 assertorem.
298 5120 334 5175 nt
347 5119 461 5189 publica
480 5122 650 5177 documenta
671 5127 811 5177 contestes
826 5121 881 5175 ad-

56 5206 154 5264 hibent
168 5207 373 5265 affirmationis
390 5224 448 5265 suae
462 5210 504 5265 rel
523 5210 652 5281 populos,
667 5211 709 5265 rel
726 5211 881 5281 magistra-

57 5299 109 5350 tus.
122 5298 247 5368 AEquum
261 5297 406 5368 igiturest
422 5298 530 5354 utlides
544 5300 669 5369 publica,
679 5299 726 5355 cui
735 5300 879 5369 judicium

58 5385 227 5451 privatarum
245 5385 486 5457 publicarumque
501 5402 595 5444 rerum
611 5390 802 5459 concreditur,
815 5388 882 5444 sin-

956 328 1777 401 rumldictispraeleratur:quodlltamanuensinmcodices

955 415 1136 485 exigendoad
1153 431 1184 472 ea
1205 418 1374 474 documenta
1388 417 1495 486 quibus
1505 415 1664 470 auctoritas
1677 415 1775 485 populi

954 516 987 556 aa
1003 504 1220 574 magistratuum
1240 511 1281 560 tot
1294 504 1421 560 calculos
1434 503 1539 572 adjecit
1554 508 1623 574 quot
1635 503 1776 559 assertio·

955 604 1023 644 num
1039 593 1167 648 vindices
1177 607 1192 649 e
1202 593 1437 662 conspectoribus
1448 589 1525 647 iecit.

1215 750 1352 807 REGULA
1375 752 1507 807 TERTIA.

988 886 1015 944 7.
1043 891 1137 945 Tertia
1160 892 1257 962 regula
1282 892 1347 946 sit:
1371 894 1405 948 Ut
1423 909 1457 946 ca
1477 893 1644 948 documentis
1663 894 1777 949 aliunde

953 980 1118 1032 ministratis
1138 996 1219 1048 quarn
1231 996 1265 1033 ea
1279 981 1334 1034 ioco
1352 982 1400 1034 ubi
1412 996 1455 1035 res
1466 983 1590 1050 proxime
1601 982 1774 1050 parciantur,

954 1067 1082 1134 suffragii
1102 1071 1286 1137 praerogatiua
1313 1072 1348 1122 sit
1370 1085 1453 1139 penes
1477 1070 1548 1123 illud
1569 1071 1648 1138 cujus
1669 1073 1777 1125 auctori

954 1170 1035 1207 causo
1051 1158 1179 1217 scientiae,
1193 1159 1296 1225 peritia
1311 1157 1463 1226 disciptinae
1475 1173 1507 1210 ac
1516 1159 1639 1212 studium
1651 1160 1775 1213 ueritatis

952 1245 1112 1308 facultatem
1145 1245 1250 1298 1111111
1277 1246 1434 1315 ampliorem
1464 1249 1590 1316 temporis
1620 1263 1652 1302 ac
1685 1263 1777 1301 rerum

947 1332 1206 1399 perquirendorum.

988 1419 1065 1473 11111
1080 1421 1205 1491 regulam
1222 1421 1403 1478 tradiderunt
1414 1428 1555 1493 quotquot
1565 1422 1704 1479 iamtliam
1716 1425 1777 1481 du-

953 1512 1023 1562 cunt
1049 1509 1077 1561 in
1106 1509 1215 1563 ratione
1239 1517 1395 1578 temporum
1422 1511 1656 1569 ordinandasire
1682 1512 1778 1568 bisto-

956 1595 1020 1662 rici,
1037 1597 1096 1650 sire
1111 1595 1288 1667 chronologi.
1306 1599 1340 1651 Ut
1361 1598 1437 1653 enim
1458 1599 1533 1655 inter
1549 1605 1657 1655 veteres
1675 1599 1778 1656 l'abius

953 1685 1058 1752 Pictor,
1084 1686 1113 1739 L.
1138 1685 1269 1753 cencius,
1290 1687 1326 1738 ll.
1355 1686 1432 1750 Cato,
1457 1686 1486 1740 C.
1515 1687 1646 1743 Licinius
1673 1689 1775 1757 111111,

954 1774 990 1827 lt.
1006 1773 1156 1827 Terentius
1181 1773 1278 1841 Varro,
1301 1776 1330 1828 T.
1358 1775 1532 1843 Pomponius
1551 1773 1674 1836 Atticus,
1698 1777 1776 1830 itae

954 1861 1375 1931 recentioribuscuspinianus,
1387 1863 1533 1934 Sigonius,
1546 1864 1712 1929 Panvinius,
1724 1864 1775 1918 Ba·

954 1951 1774 2019 ronius,Petavios,Norisiusomniumcommendatissimi

954 2039 1095 2109 colligunt
1107 2040 1234 2110 undique
1250 2040 1413 2095 testimonia
1421 2040 1456 2096 ad
1474 2040 1604 2096 notiones
1615 2046 1774 2109 temporum

952 2141 985 2182 ac
1009 2135 1153 2197 gestorum
1173 2128 1362 2184 stabiliendas
1390 2133 1419 2184 et
1441 2128 1622 2199 castigandas
1646 2146 1653 2194 ;
1680 2127 1718 2182 lta
1743 2134 1776 2183 ut

953 2216 1078 2286 singulis
1090 2218 1181 2284 aptari
1199 2218 1290 2286 possit
1306 2219 1380 2287 quod
1396 2217 1431 2272 de
1445 2218 1623 2286 cuspiniano
1639 2225 1775 2272 memorat

951 2305 1243 2362 NicolausGerbelius
1254 2306 1283 2360 in
1293 2305 1459 2375 pretatione
1473 2308 1505 2360 ad
1525 2306 1651 2374 ejusdem
1663 2304 1771 2361 Festos.

952 2394 1114 2463 «collatis,
1139 2395 1244 2464 inquit,
1269 2395 1475 2451 vetustissimis
1496 2394 1647 2464 utriusque
1667 2393 1773 2465 linguar

949 2484 1127 2548 auctoribus,
1153 2485 1178 2539 si
1203 2498 1275 2554 quos
1292 2484 1320 2538 in
1347 2484 1412 2538 istis
1435 2483 1627 2552 deprehendat
1649 2495 1771 2553 errores,

950 2585 997 2626 eos
1013 2573 1239 2628 moderatissime
1258 2572 1419 2643 castigavit.
1442 2571 1549 2626 Deinde
1565 2583 1630 2626 vero
1650 2584 1706 2640 qua
1723 2584 1773 2626 ra-

950 2660 1037 2721 tione,
1049 2675 1105 2730 quo
1126 2659 1772 2729 mododiscrepantesdissidentesqueintersc

948 2749 1123 2805 conciliandi
1138 2750 1196 2804 sint
1211 2767 1219 2817 ς
1232 2750 1301 2818 quid
1313 2749 1473 2803 addendum
1484 2749 1546 2816 uni,
1558 2748 1628 2817 quld
1637 2748 1771 2803 adimen-

948 2837 1016 2892 dum
1032 2837 1127 2906 alteri,
1145 2836 1309 2892 incredibili
1324 2849 1393 2892 cura
1405 2836 1606 2908 industriaque
1621 2848 1771 2892 common-

948 2925 1059 2980 stravit.
1083 2925 1221 2995 Quodque
1241 2923 1382 2995 singulari
1398 2937 1463 2980 cum
1478 2924 1623 2994 uoluptate
1646 2925 1722 2996 leges
1742 2922 1768 2979 sl

947 3012 998 3081 qui
1024 3012 1098 3066 inter
1119 3025 1148 3067 se
1162 3014 1370 3079 consenserint,
1396 3025 1511 3082 remque
1531 3011 1643 3067 tandem
1665 3010 1768 3067 iisdem

946 3098 1040 3154 serbis
1055 3100 1248 3167 exposuerint,
1265 3113 1314 3155 eos
1328 3113 1426 3155 omnes
1442 3101 1471 3154 in
1487 3113 1570 3155 unam
1587 3099 1675 3154 reloti
1690 3099 1769 3154 clas-

945 3199 1002 3242 sem
1017 3187 1173 3252 contrahit,
1191 3186 1360 3257 colligitque
1373 3187 1596 3243 studiosissime.
1610 3184 1768 3254 01111111-

943 3275 1038 3346 gentia
1054 3279 1191 3344 quantum
1209 3273 1280 3329 locis
1292 3273 1424 3329 obscuris
1439 3272 1655 3342 tenebrosisque
1673 3271 1765 3325 lucem

942 3360 1049 3425 alferat,
1068 3367 1202 3430 quantam
1220 3361 1367 3415 intricatis
1381 3359 1552 3425 claritatem,
1570 3357 1767 3426 perspicuita-

943 3456 1008 3517 tem,
1022 3446 1161 3515 aonlusis,
1176 3461 1257 3502 nemo
1268 3461 1333 3516 non,
1343 3446 1393 3517 qui
1407 3445 1542 3500 mediocri
1554 3446 1583 3499 in
1597 3443 1765 3512 litterisju-

941 3536 1019 3591 dicio
1036 3535 1132 3604 pollet,
1147 3533 1294 3604 intelligit.
1307 3534 1442 3601 Breviter,
1461 3530 1535 3587 nibil
1553 3531 1762 3600 inexploratum

943 3623 1071 3694 reliquit,
1085 3624 1213 3678 excussit
1227 3622 1323 3677 omnia
1339 3635 1402 3691 quae
1416 3620 1473 3676 sibi
1493 3621 1559 3675 usui
1575 3618 1673 3675 lutura
1697 3632 1763 3675 cre-

940 3713 1032 3768 debat.
1049 3711 1240 3768 Bibliothecas
1252 3710 1393 3779 plurimas
1411 3708 1693 3779 perlustraritznihil
1706 3715 1763 3764 1111

941 3815 1047 3869 recens,
1064 3802 1138 3857 nibil
1149 3808 1204 3855 tam
1230 3805 1320 3869 retus,
1334 3799 1408 3869 quod
1423 3810 1479 3853 nou
1490 3795 1761 3868 summavigilantia

940 3891 1181 3961 pervestigarent.
1203 3887 1318 3943 Nullum
1335 3887 1452 3942 omnino
1474 3899 1574 3941 saxum
1592 3885 1763 3955 nullumque

940 3984 1074 4054 lapidem,
1102 3981 1214 4036 nullum
1240 3973 1443 4047 triumphalem
1465 3989 1574 4045 areum,
1598 3973 1679 4029 nulla
1703 3975 1762 4030 im-

939 4078 1100 4142 peratorum
1124 4069 1227 4137 edicta,
1254 4066 1348 4122 nullas
1375 4076 1547 4121 marmorum
1576 4062 1658 4118 bases
1690 4063 1761 4118 uul-

939 4162 982 4218 los
1010 4161 1132 4230 parietes
1152 4163 1202 4213 aut
1236 4170 1333 4212 muros
1363 4154 1557 4225 pretermisit,
1589 4166 1624 4208 ex
1652 4152 1761 4223 quibus

940 4264 996 4306 non
1023 4249 1135 4316 titulos,
1166 4247 1379 4316 inscriptiones,
1402 4243 1549 4313 epitaphia
1573 4243 1761 4313 deprompse-

939 4339 987 4408 rit,
1002 4339 1088 4407 inque
1111 4335 1294 4391 doctissimos
1317 4335 1368 4389 hos
1388 4331 1609 4389 commentarios
1627 4336 1759 4386 transtu-

938 4426 1012 4483 lerit.
1036 4427 1054 4475 u'

972 4518 1012 4570 Ex
1029 4517 1080 4571 hac
1103 4530 1169 4571 vero
1191 4516 1276 4570 tertia
1295 4515 1403 4586 regula,
1428 4514 1501 4569 viris
1522 4512 1701 4569 doctissimis
1717 4513 1757 4568 lta

938 4604 1064 4675 probata,
1074 4606 1131 4661 duo
1139 4605 1315 4659 descendunt
1323 4603 1485 4672 corollaria,
1497 4602 1525 4658 in
1537 4605 1756 4658 usumnostrum

935 4693 1087 4749 admodum
1102 4691 1262 4761 protutura.

1181 4829 1369 4871 coactissimi
1384 4828 1501 4872 entuutt.

970 4944 996 5000 8.
1020 4941 1156 4999 Veritatis
1180 4940 1308 4996 historiae
1335 4939 1537 4995 indicationem
1555 4951 1616 4993 esse
1642 4937 1758 5008 perspl-

935 5049 1015 5090 cuam
1030 5045 1198 5088 consensum
1214 5029 1351 5100 plurium,
1365 5029 1425 5083 sive
1437 5026 1610 5098 scriptorum
1625 5040 1660 5082 ex
1677 5027 1757 5098 peri-

937 5123 1061 5180 tioribus
1077 5126 1104 5175 et
1118 5118 1345 5190 proximioribus
1358 5118 1419 5174 loco
1433 5129 1466 5172 ac
1482 5121 1616 5187 tempore,
1630 5118 1691 5172 slve
1701 5114 1758 5170 do-

936 5219 1143 5279 cumentorum,
1172 5210 1212 5263 ita
1241 5209 1347 5278 pariter
1371 5205 1510 5275 affinium,
1545 5204 1701 5275 praesertim
1731 5203 1756 5259 sl

937 5300 1050 5370 publica
1064 5299 1234 5354 auctoritate
1250 5304 1309 5353 tum
1332 5296 1487 5366 scriptores
1509 5293 1564 5363 illi,
1589 5299 1649 5349 tom
1664 5292 1757 5349 docu-

935 5393 1029 5444 menta
1044 5387 1220 5442 muniantur.
