3892 6136
84 373 136 433 w
557 378 603 434 nn
620 376 790 442 chonon
819 376 964 450 connis,
984 377 1101 436 cassan
1120 379 1164 437 nr
1182 378 1323 447 consus.
1737 382 1792 443 ano

80 501 303 559 characteribus
327 502 400 574 cycli
428 502 511 574 solis,
533 509 568 559 et·
585 503 670 575 lunae,
694 517 726 560 ac
750 504 910 562 litterarum
924 515 949 573 Α
965 504 1168 562 effossionibus
1182 506 1328 577 ruderum,
1340 519 1404 576 quae
1418 505 1518 562 dietim
1535 507 1619 579 dunt,
1635 509 1693 565 nisi
1707 511 1790 581 prius

79 590 320 647 Dominicalium.
334 593 432 648 Eidem
442 606 516 648 anno
527 592 770 662 periodilnlianae
781 594 911 663 assignat
965 609 1079 652 accessu
1100 609 1199 653 eorum
1222 610 1294 666 qnos
1313 596 1374 666 ipse
1389 595 1543 666 delegisset
1564 597 1598 652 ad
1620 599 1716 654 eadem
1742 613 1790 658 re-

80 680 255 736 secandaria
275 681 365 738 series
382 695 447 737 cum
465 695 497 737 ea
516 683 690 739 descendens
701 697 792 740 annos
810 683 911 740 civiles
965 685 1169 755 cognoscenda,
1184 691 1212 741 et
1223 687 1258 741 ad
1271 685 1400 741 historiae
1412 685 1578 755 praesidium
1590 686 1788 760 describenda,

81 769 226 825 Romanos
245 768 282 825 ab
300 769 512 826 Urbecondita.
535 772 604 828 Cum
618 785 682 829 vero
700 786 841 829 acinorum
860 785 912 842 pe-
966 772 995 827 in
1022 778 1083 830 tuto
1109 774 1300 831 collocaretur
1323 775 1467 846 quidquid
1493 776 1607 830 erudita
1628 776 1791 847 antiquitas
1901 764 1905 772 ’

83 858 158 915 riodi
178 858 303 915 lullanae
321 860 458 932 scaligeri
482 860 522 916 sit
541 861 689 917 exordium
708 861 844 918 Kalendis
860 861 911 917 ta·
965 862 1049 919 nobis
1063 864 1136 919 seris
1154 865 1276 933 posteris
1297 866 1337 920 ita
1361 865 1525 920 reservavit.
1549 864 1660 921 Placuit
1681 864 1790 923 bonell-

83 946 192 1018 nuarii,
204 960 258 1004 seu
267 949 327 1004 veri
344 952 408 1018 post
417 949 539 1006 Caesaris
549 949 771 1021 ordinationem,
784 964 835 1007 seu
850 964 910 1019 pro
964 951 1131 1008 centissimo
1144 952 1220 1008 Patri
1236 954 1263 1008 id
1281 953 1409 1009 muneris
1421 953 1556 1009 tenuitati
1569 967 1637 1009 meaa
1650 952 1789 1025 conferre,

81 1036 181 1106 leptici
194 1043 262 1093 ante
274 1037 439 1094 ordinatum
455 1052 471 1094 a
489 1040 566 1095 tulin
576 1039 685 1096 Caesare
698 1040 907 1110 Kalendarum,

78 1139 224 1183 annornm
245 1140 311 1183 vero
334 1126 370 1183 ab
389 1128 463 1184 Urbe
485 1130 602 1185 condita
623 1129 686 1187 dies
707 1130 841 1200 princeps
858 1129 907 1201 sit,

79 1213 224 1286 quaesiisti
242 1215 378 1272 Palilium
392 1215 486 1273 luerat
503 1219 648 1280 Romanis,
667 1232 757 1289 eaque
770 1218 799 1273 in
810 1217 910 1275 calen-

79 1304 163 1360 dario
176 1303 301 1361 casaris
314 1307 480 1377 assignetur
491 1319 519 1360 xi
533 1306 596 1362 Kal.
611 1307 678 1362 Maii
691 1307 907 1378 3conseqnitnr,

79 1398 110 1449 ut
132 1405 204 1462 pars
226 1393 296 1450 anni
314 1394 424 1464 periodi
440 1395 560 1451 lullanae
579 1409 614 1451 ex
636 1393 796 1464 ltanuarii
816 1398 850 1453 ad
874 1393 906 1452 ai

965 1041 1111 1111 proposito
1128 1055 1176 1111 per
1190 1042 1370 1099 eminentiss.
1393 1043 1470 1098 card.
1491 1043 1640 1113 Spinulam
1660 1058 1792 1102 camera-

965 1130 1040 1185 rium
1063 1130 1158 1187 edicto
1182 1132 1363 1201 providenter
1380 1132 1575 1203 conflrmante,
1595 1140 1689 1189 vetera
1708 1135 1790 1204 jussa

966 1220 1132 1290 pontilicum
1145 1221 1325 1277 decessurum
1341 1221 1389 1277 die
1401 1218 1435 1277 30
1449 1221 1605 1292 septembr.
1623 1223 1692 1279 anni
1707 1219 1788 1296 lidi,

966 1311 1150 1380 pontificatus
1163 1312 1208 1367 sui
1223 1316 1336 1382 quarto.
1356 1312 1405 1366 Per
1418 1311 1470 1366 hos
1484 1311 1589 1383 viginti
1604 1327 1696 1371 annos
1709 1313 1789 1374 dele-

964 1404 1035 1468 gatae
1055 1399 1125 1454 mihi
1144 1413 1220 1455 curae
1241 1403 1298 1454 tum
1315 1400 1451 1455 naturalis
1469 1401 1624 1456 sollicitudo
1640 1400 1683 1474 (ut
1698 1404 1789 1461 Fron·

77 1482 202 1553 Aprilis,
232 1488 340 1552 spectet
363 1483 396 1538 ad
417 1483 617 1554 cornplendum
642 1498 750 1541 annum
778 1484 814 1540 ab
837 1485 910 1542 Urbe
965 1487 1045 1543 tinus
1056 1489 1298 1558 experiebaturin
1312 1490 1465 1546 commisso
1477 1490 1535 1545 sibi
1549 1495 1791 1553 munereaNerva

78 1571 210 1641 condita,
231 1578 259 1627 ct
281 1584 315 1627 ex
336 1568 367 1627 ai
383 1570 629 1642 hpriliseJ'usdem
652 1574 762 1644 periodi
778 1574 907 1646 lullanae,
965 1576 1096 1647 principe
1116 1592 1198 1648 quem
1214 1579 1338 1650 ambigit
1352 1592 1420 1635 num
1435 1579 1559 1649 appellet
1580 1581 1789 1654 ditipentmrcm,

78 1665 267 1731 computetur
283 1674 373 1717 novus
390 1675 493 1731 annus,
517 1662 600 1718 illum
615 1663 786 1733 completum
807 1677 910 1721 conse-
964 1680 1001 1719 nn
1022 1668 1202 1721 amantiorem
1223 1667 1387 1739 reipublicae)
1401 1673 1458 1723 tom
1478 1669 1545 1737 fides
1561 1671 1657 1725 sedula
1678 1687 1733 1726 non
1753 1673 1792 1728 od

79 1763 173 1821 quens
186 1750 218 1805 in
231 1751 306 1806 serie
321 1752 457 1820 temporis
474 1752 509 1806 ab
528 1751 602 1807 Urbe
617 1754 741 1809 condita.
769 1753 909 1823 Quocirca
964 1755 1135 1822 diligentiora
1152 1757 1241 1826 modo,
1264 1772 1358 1811 oerum
1379 1757 1417 1810 od
1438 1772 1555 1811 amorem
1580 1773 1686 1827 quoqne
1715 1776 1792 1815 cont·

77 1838 188 1910 duplex
212 1852 350 1897 numerus
370 1854 460 1896 annos
480 1840 611 1911 singulos
631 1841 723 1898 allicit
742 1843 795 1898 hac
815 1843 844 1898 in
857 1844 947 1905 co-B
963 1845 1053 1898 missac
1068 1847 1109 1900 ret
1131 1862 1172 1902 mc
1191 1862 1251 1900 cnm
1271 1847 1480 1913 instiponrrinm
1497 1851 1639 1916 quotquot
1661 1853 1790 1907 vetustos

78 1928 190 2000 lumua,
210 1942 288 1986 unus
303 1930 449 2000 pertinens
463 1931 498 1987 ah
513 1945 619 1987 annum
633 1931 832 2002 complendum
846 1938 908 1988 onte

77 2018 193 2088 Polum,
212 2017 286 2074 alter
297 2018 332 2074 ab
346 2033 448 2077 novum
465 2021 709 2078 denominandam
719 2026 780 2090 post
793 2022 907 2087 Potitio,

79 2109 122 2163 uti
136 2107 175 2163 ad
190 2108 326 2180 singulas
347 2110 467 2181 paginas
488 2111 614 2168 ostendit
630 2110 735 2167 titulus
759 2111 789 2167 in
814 2109 908 2168 ironte

79 2195 227 2266 prailxus.

111 2286 194 2341 lutra
219 2284 304 2342 hasce
329 2286 418 2343 series
437 2287 609 2358 epocharum
627 2287 764 2359 utrinque
785 2288 908 2345 descen·
932 2345 934 2348 a

75 2374 213 2432 dentium
232 2376 479 2445 proceditductus
491 2376 632 2434 columnae
646 2377 808 2448 amplioris,
826 2379 907 2435 indi-

76 2477 146 2520 cans
159 2464 335 2521 documenta
351 2467 494 2536 praecipua
509 2468 647 2537 temporis
667 2467 701 2524 ad
716 2469 845 2526 cumdem
861 2482 909 2525 an·

76 2566 147 2608 num
164 2553 349 2624 pertinentis,
361 2568 395 2610 ex
407 2555 624 2627 magistratibus
638 2557 830 2614 Romanorum
850 2572 907 2628 pu-

76 2639 908 2715 blicaauctoritateannumsignantibus,cujusmodisunt

78 2731 229 2801 consules,
252 2737 281 2787 ct
300 2732 496 2803 imperatores.
514 2734 670 2791 Consulum
692 2735 905 2791 ordinariorum

79 2835 256 2892 praenomen,
274 2835 385 2894 nomen,
402 2828 431 2878 et
442 2830 662 2894 cognomentum
677 2824 792 2880 reddere
811 2824 906 2880 conati

80 2917 150 2968 sunt
159 2910 271 2981 plures,
286 2911 336 2981 qui
354 2911 383 2967 in
399 2912 491 2968 Fastis
504 2918 630 2969 correcte
645 2913 817 2969 exhibendis
836 2926 907 2983 ope

964 1935 1074 2005 lapides
1092 1936 1176 1995 effodi
1206 1937 1329 2008 contigit
1349 1934 1439 2008 linere
1465 1941 1559 1993 autem
1586 1935 1716 2008 plurimi)
1739 1941 1791 1995 aut

963 2037 1105 2096 nummos,
1135 2025 1329 2096 chronologia
1348 2023 1512 2080 consularis
1532 2029 1561 2080 et
1583 2024 1716 2081 Caesareae
1739 2039 1789 2082 ra-

963 2113 1056 2171 tiones
1081 2115 1308 2186 comprobantes,
1334 2119 1385 2169 ant
1405 2113 1591 2184 corrigentes,
1619 2113 1687 2170 huic
1708 2115 1788 2185 operi

963 2203 1115 2258 reservavi.
1133 2207 1162 2259 ln
1178 2202 1229 2258 hac
1243 2203 1335 2273 igitur
1346 2200 1489 2272 columna,
1503 2201 1553 2257 ubi
1566 2201 1719 2258 consulum
1734 2215 1789 2259 no·

964 2289 1128 2346 minaeum
1152 2290 1378 2361 praenominibus
1403 2294 1431 2345 et
1454 2290 1652 2359 cognomentis
1678 2290 1790 2362 integre

962 2378 1145 2449 exhibentur,
1161 2380 1274 2451 quando
1287 2384 1364 2435 certo
1377 2379 1456 2435 nosci
1471 2384 1635 2449 potuerunt,
1648 2379 1789 2436 asterisco

962 2467 1089 2524 indicata
1103 2469 1227 2539 reperies
1242 2468 1276 2524 ad
1294 2481 1384 2525 annos
1400 2467 1532 2539 singulos
1548 2467 1621 2537 luca,
1638 2466 1791 2538 inquibus

962 2557 1058 2612 eadem
1073 2556 1194 2629 collegia
1214 2556 1376 2626 consulum,
1392 2557 1434 2612 vel
1455 2556 1484 2610 in
1499 2556 1683 2625 prenomine,
1701 2556 1744 2613 vel
1759 2557 1789 2613 in

964 2646 1089 2716 nomine,
1105 2651 1155 2702 aut
1169 2652 1357 2716 cognomento
1370 2644 1523 2716 reddendo,
1537 2658 1571 2700 en
1587 2653 1670 2701 certae
1684 2652 1790 2701 aucto-

964 2736 1061 2793 ritatis
1080 2736 1274 2792 monumentis
1300 2735 1486 2807 corriguntur
1509 2742 1647 2806 quantum
1672 2735 1789 2807 assequi

963 2825 1042 2896 potui
1060 2827 1112 2881 hoc
1124 2827 1267 2889 vicennio,
1281 2840 1316 2880 cx
1327 2839 1384 2895 quo
1394 2824 1562 2881 demandata
1575 2824 1647 2881 mihi
1662 2824 1719 2882 init
1731 2826 1790 2882 hec

964 2916 1109 2986 provincia
1134 2914 1355 2986 recognoscendi
1380 2919 1408 2969 et
1430 2914 1621 2984 praeservandi
1646 2914 1680 2969 ad
1704 2927 1789 2970 usum

80 3013 140 3057 ram
155 3000 356 3057 contulerunt.
369 3000 424 3070 Qui
436 3002 656 3073 Cuspinianum,
677 3002 837 3074 sigonium,
853 3003 908 3058 lla·
963 3018 1049 3062 sacrae
1065 3010 1093 3060 ct
1111 3003 1236 3074 profanae
1248 3004 1377 3059 historiae
1391 3004 1516 3073 pretiosa
1528 3004 1587 3059 haec
1606 3005 1788 3060 documenta.

80 3091 210 3163 nntium,
222 3091 403 3161 l’anvinium,
417 3092 562 3164 Pighium,
574 3093 739 3165 Gruterum,
750 3092 905 3157 Goltzium,
961 3096 992 3151 ln
1003 3094 1129 3166 singulis
1138 3093 1270 3165 collegiis
1280 3093 1431 3149 consulum
1440 3099 1491 3149 ant
1501 3092 1650 3148 laterculis
1662 3092 1790 3149 indicare

78 3181 214 3253 aliosque
227 3181 389 3251 superioris
407 3181 505 3238 saculi
518 3189 650 3239 auctores
671 3188 819 3253 noverunt,
843 3176 943 3239 mo-C
963 3183 1281 3254 placuitauctoritatem
1293 3183 1457 3238 documenti
1468 3182 1543 3238 unde
1556 3182 1788 3252 comprobantur.

79 3271 169 3328 nendi
184 3284 242 3328 non
258 3276 337 3342 sunt,
357 3279 494 3342 quantum
514 3279 676 3343 superesset
697 3273 731 3329 ad
753 3273 907 3344 periicien-
962 3273 1041 3329 Licet
1062 3278 1156 3329 autem
1183 3271 1396 3327 hirnelovenins
1419 3277 1446 3327 et
1473 3271 1617 3328 Relandus
1644 3271 1697 3327 hoc
1726 3272 1790 3341 ipso

77 3362 160 3431 dum,
185 3369 251 3434 post
269 3362 425 3419 exhaustos
440 3366 482 3419 tot
495 3364 623 3419 virorum
640 3364 839 3433 prestantium
861 3362 907 3418 la·
962 3365 1088 3432 tempore
1106 3361 1241 3430 pleraque
1257 3372 1292 3414 ex
1311 3357 1359 3414 his
1374 3360 1566 3415 monumentis
1588 3365 1715 3414 recenter
1734 3360 1791 3415 de-

78 3452 173 3509 beres.
190 3453 337 3523 Quantum
352 3453 546 3524 promoverint
560 3454 776 3525 chronologiam
796 3467 906 3511 consu·
961 3450 1044 3507 tectis
1056 3448 1228 3520 acceperint,
1242 3453 1270 3503 et
1282 3446 1397 3518 publico
1409 3447 1571 3503 litterarum
1584 3448 1651 3503 usui
1662 3445 1792 3517 plurima

77 3543 168 3599 larem
177 3542 236 3599 viri
245 3542 340 3599 aetatis
350 3547 455 3598 nostrae
466 3541 642 3605 doctissimi,
655 3543 832 3599 ministratis
845 3543 904 3599 dc·
959 3555 1024 3597 cum
1045 3539 1129 3595 laude
1150 3537 1334 3611 protulerint,
1358 3540 1483 3592 attamen
1505 3535 1540 3591 ab
1566 3536 1689 3605 incoepto
1715 3535 1793 3591 desl-

30 3688 37 3694 ,
79 3631 377 3703 cumentislapidum,
397 3630 905 3703 etnummorumieliciterdetectis,
959 3630 1091 3686 siendum
1108 3626 1180 3682 mihi
1202 3639 1257 3681 non
1277 3623 1496 3692 essejudicavi:
1520 3624 1568 3679 cui
1587 3623 1789 3682 insanisse-

78 3721 116 3777 ab
127 3722 228 3793 iisque
251 3721 406 3793 diligenter
427 3720 551 3791 collatis,
577 3725 605 3776 et
630 3720 792 3791 explicatis,
820 3722 905 3778 unica
961 3717 1082 3790 paratim
1097 3714 1216 3772 edendis
1231 3713 1266 3783 (si
1282 3712 1389 3767 ostium
1404 3719 1432 3767 et
1447 3710 1611 3769 facultatem
1623 3713 1698 3770 Deus
1714 3727 1789 3770 con-

79 3811 204 3882 spistola
219 3810 381 3867 consularis
394 3811 504 3868 Norisii
520 3810 612 3867 nostri
628 3811 662 3866 ad
675 3810 813 3867 celebrem
826 3811 907 3868 chro-
960 3803 1088 3877 cesserit)
1108 3801 1256 3873 complura
1271 3808 1414 3872 congesta,
1436 3814 1471 3857 ex
1486 3802 1613 3858 nummis
1629 3805 1789 3873 pracsertim

79 3899 219 3973 nologum
235 3900 353 3972 Pagium
366 3899 526 3957 luculenter
547 3899 648 3955 docere
664 3905 774 3970 potest:
788 3901 836 3956 cni
852 3900 907 3956 hl·
961 3905 989 3954 et
1001 3894 1149 3966 lapidibus
1161 3891 1284 3964 epochas
1299 3886 1565 3962 praeferentibus,et
1575 3904 1610 3947 ex
1624 3891 1791 3952 celestibus

80 3987 299 4046 meloveninset
309 3990 451 4047 uelandus
461 3988 597 4059 praeclara
608 3989 801 4045 additamenta
816 4003 906 4061 nuper
961 3984 1120 4043 observatis
1132 3987 1298 4052 suppetunt,
1316 3993 1434 4037 usuram
1453 3980 1594 4052 plenioris
1609 3980 1685 4039 lucis
1704 3997 1790 4056 repa-

81 4077 234 4149 impressis
251 4079 400 4136 Fastorum
421 4093 539 4135 suorum
555 4079 754 4136 voluminibus
773 4079 908 4136 contule-
963 4076 1068 4134 rationi
1086 4081 1244 4143 temporum
1261 4071 1435 4142 praestitura.

80 4174 159 4224 runt.
173 4170 205 4224 ln
218 4168 345 4224 Cesarea
356 4182 422 4226 vero
434 4168 622 4241 chronologia
632 4169 826 4239 componenda
842 4182 906 4225 cum
999 4170 1090 4239 llujns
1105 4161 1241 4236 lapidarii
1263 4160 1452 4218 additamenti
1468 4161 1561 4218 nostri
1581 4162 1616 4219 ad
1641 4163 1789 4257 Fastorum

80 4258 240 4332 consulari,
267 4263 405 4328 quantum
426 4265 489 4328 post
510 4257 648 4315 Occonem
672 4259 854 4316 desudaverit
875 4259 904 4314 C.
963 4260 1167 4330 castigatorum
1193 4257 1394 4315 auctoritatem
1424 4251 1566 4321 specimen
1594 4252 1713 4308 unicum
1737 4267 1790 4309 ex-

80 4349 297 4421 llediaburbus,
310 4356 431 4407 testatur
447 4365 519 4422 opus
536 4352 681 4424 egregium
696 4351 907 4407 Numismatum
964 4348 1062 4404 hibere
1070 4351 1294 4404 contentusero:
1309 4356 1408 4413 nempe
1422 4341 1560 4397 ineditam
1571 4341 1789 4413 inscriptionem

79 4439 115 4495 ab
129 4453 165 4496 eo
180 4442 360 4511 premissum
377 4442 499 4499 editioni
517 4444 675 4511 Fastorum,
691 4455 776 4513 quam
792 4441 910 4497 medita·
966 4451 1127 4494 marmorea
1140 4438 1254 4508 tabula,
1270 4432 1420 4493 inhntiati
1437 4431 1611 4487 littorccum
1627 4432 1696 4489 aliis
1711 4432 1792 4489 uobi-

80 4529 177 4588 batur.
195 4532 237 4586 Ne
250 4537 347 4587 autem
360 4530 486 4586 eamdem
501 4531 655 4601 perliceret,
669 4529 806 4586 obstitere
818 4528 908 4585 dubia
927 4527 1041 4595 Dlibus
1056 4528 1211 4585 ruderibus
1225 4532 1336 4600 egestae,
1349 4534 1418 4579 cura
1433 4525 1461 4576 et
1476 4521 1615 4591 impensis
1626 4522 1792 4578 eminentis

79 4619 243 4692 complura,
263 4620 293 4675 in
307 4620 476 4678 nominihus
493 4621 645 4677 consulum
659 4619 818 4689 prasertim
833 4633 907 4675 non·
963 4617 1030 4673 simi
1043 4617 1185 4690 principis
1199 4613 1354 4673 Alexandri
1369 4608 1528 4667 cardinalis
1542 4610 1657 4678 lllhani,
1675 4610 1725 4681 qui
1741 4611 1791 4667 do·

79 4709 151 4766 dum
163 4709 272 4781 soluta,
284 4708 398 4766 delectu
413 4710 661 4779 documentorum,
673 4722 736 4780 quae
750 4713 827 4765 certa
840 4709 908 4765 red·
962 4706 1086 4762 ctissimi
1100 4706 1195 4777 patrui
1205 4701 1360 4759 Clementis
1372 4699 1412 4753 Kl
1426 4696 1626 4752 adhortatione
1644 4702 1673 4752 et
1691 4710 1790 4753 exem·

79 4802 182 4858 herent
197 4798 364 4856 testimonia
374 4800 513 4856 veritatis.
964 4796 1020 4867 plo,
1034 4795 1150 4852 tutelam
1160 4792 1281 4850 eruditae
1289 4785 1477 4859 antiquitatis
1486 4789 1514 4840 et
1524 4785 1717 4855 patrocinium
1729 4802 1791 4844 sus·

115 4889 192 4946 lluic
206 4895 311 4959 sparta
325 4889 497 4945 adornandae
512 4887 634 4958 opellam
655 4890 684 4942 et
705 4899 758 4942 nos
777 4886 908 4944 contuli·
963 4885 1047 4956 cepit.
1062 4887 1093 4940 ln
1108 4883 1158 4940 illa
1171 4894 1328 4939 marmoren
1343 4877 1440 4935 tabula
1462 4876 1586 4932 incisum
1601 4874 1708 4947 legitur
1727 4873 1790 4931 ira-

82 4993 148 5036 mus
174 4979 228 5035 hac
256 4980 287 5035 in
316 4978 459 5035 columna.
489 4979 559 5034 Cum
586 4979 663 5034 enim
687 4975 840 5033 Clementis
868 4979 908 5035 xl
963 4980 1109 5048 gmentum
1124 4971 1261 5027 Kalendis
1283 4970 1403 5035 iuliani,
1426 4967 1605 5039 complexum
1625 4968 1787 5020 semestrem

80 5074 196 5125 eternae
206 5069 351 5125 memoria
363 5067 509 5139 pontilicis
519 5067 649 5124 studium
662 5079 695 5122 ac
708 5064 788 5122 lavor
801 5067 831 5121 in
845 5080 909 5138 pro·
965 5062 1149 5134 posteriorem
1173 5059 1242 5115 armi
1266 5073 1282 5114 a
1304 5058 1438 5114 Kalendis
1460 5056 1542 5126 iulii,
1564 5068 1621 5110 non
1644 5052 1790 5108 dissimile

80 5158 232 5217 movendis
242 5157 421 5230 disciplinis,
435 5158 538 5230 hisque
549 5156 718 5229 prasertim,
732 5169 795 5226 quae
807 5171 840 5212 cx
856 5170 909 5229 ge·

82 5251 173 5307 uuina
180 5249 358 5319 antiquitate
369 5247 501 5304 subsidia
515 5245 667 5303 conferunt
677 5251 753 5302 certa
763 5247 797 5302 ad
813 5246 910 5303 histn-

80 5320 157 5398 r'ram
177 5341 314 5403 Ecclesia
337 5339 566 5407 dilucidandam,
589 5344 766 5407 perspectum
782 5336 908 5407 haberet,

80 5444 97 5486 e
118 5431 260 5488 Romanis
283 5431 476 5488 monumentis
494 5427 573 5484 ferax
597 5426 626 5481 in
648 5425 711 5483 dies
730 5440 910 5486 succrescere

80 5520 269 5596 spicilegium
280 5521 317 5579 ad
331 5526 457 5578 veterum
470 5531 587 5577 messem
602 5534 659 5577 non
670 5519 839 5587 spernendis
854 5532 909 5575 ma-

80 5611 196 5683 nipulis
203 5612 421 5683 cumulandam,
436 5613 511 5670 cavit
523 5628 559 5672 ne
573 5614 666 5672 incisa
681 5612 788 5672 litteris
798 5613 910 5667 vetusta

81 5714 229 5760 marmora
243 5701 334 5775 intra,
345 5701 389 5760 vel
403 5706 482 5761 extra
491 5703 594 5763 Urbem
610 5704 672 5762 loco
685 5704 866 5761 moverentur
879 5697 909 5765 in

963 5152 1135 5210 Farnesiano
1149 5150 1179 5206 in
1194 5148 1303 5204 litteris
1317 5147 1389 5217 cycli
1406 5146 1530 5215 lunaris,
1546 5143 1673 5217 singulis
1686 5141 1789 5199 diebus
1860 5160 1867 5167 ·

963 5242 1129 5316 assignatis,
1142 5245 1170 5297 et
1185 5240 1216 5295 in
1225 5238 1294 5295 aliis
1303 5238 1416 5295 dierum
1427 5235 1584 5307 adjunctis,
1596 5235 1668 5291 satis
1678 5231 1791 5302 exposi-

966 5333 1044 5390 tisin
1058 5329 1368 5389 nostradisscrtatione
1379 5328 1414 5385 de
1423 5327 1507 5400 Cyclo
1517 5322 1725 5382 etKalendario
1735 5323 1790 5376 ca·

965 5424 1040 5480 saris
1050 5442 1056 5477 ι
1068 5428 1183 5479 auctum
1192 5434 1258 5475 vero
1267 5420 1297 5474 in
1309 5419 1362 5474 hoc
1372 5430 1512 5473 marmore
1524 5413 1656 5486 pluribus
1671 5410 1790 5480 epochis

966 5512 1127 5570 illustriora
1136 5514 1214 5584 gesta
1225 5510 1351 5580 ciusdem
1365 5507 1486 5564 Caesaris
1496 5510 1524 5561 et
1533 5500 1667 5574 Augusti,
1678 5513 1790 5556 cornm-

964 5617 1020 5677 que
1031 5602 1193 5674 principum
1210 5600 1338 5672 familiae,
1352 5598 1388 5656 ad
1401 5601 1494 5655 certos
1508 5594 1571 5651 dies
1585 5588 1786 5662 celerantibus,

965 5691 1114 5766 inquibus
1132 5695 1161 5749 et
1181 5689 1258 5748 diem
1273 5689 1401 5748 victoria
1411 5681 1593 5755 Pharsalica,
1609 5694 1625 5739 v
1643 5679 1712 5739 idus
1724 5679 1788 5735 ln
