3892 6136
108 302 181 363 roll
520 306 682 365 fflsroam
699 308 744 363 DE
763 307 849 365 vms
872 306 956 366 roll.
982 307 1081 367 PONT.
1100 337 1138 351 —
1154 309 1184 367 S.
1202 309 1396 369 slhvssr'sa.
1735 315 1807 378 ⁴5⁴8

229 446 364 492 samum
383 430 442 495 lib.
468 447 527 510 σος
562 433 706 494 nixum⁸
729 448 806 495 vero
831 446 873 495 ex
903 430 1015 511 stippa
1040 431 1194 496 amianti.
1233 435 1272 498 ln
1300 434 1457 499 labiumb
1475 437 1577 504 fontis
1616 441 1805 522 baptisterii

232 542 362 604 agnum
387 545 429 592 es
456 546 537 593 auro
559 529 740 609 purissimo
762 528 962 592 fundentem
988 546 1124 609 aquam,
1153 531 1212 610 qui
1239 535 1359 612 pensat
1381 532 1486 598 libras
1511 553 1598 601 xxx.
1612 539 1663 602 Ad
1686 540 1806 605 dexte.

167 623 208 685 55
229 641 302 687 ram
313 625 401 704 Agri
424 629 629 690 salvatorem
649 645 692 688 er
719 629 859 705 argento
878 626 1057 708 purissimo
1082 627 1119 690 in
1146 627 1287 707 pedibus
1314 647 1348 705 v,
1373 647 1466 711 pens.
1499 632 1603 698 libras
1631 652 1743 717 cam
1770 638 1806 702 in

229 723 316 786 larva
326 724 417 802 Agni
426 724 563 787 beatmu
572 727 737 789 Joannem
747 724 935 806 Baptistam
945 742 987 788 ex
997 728 1138 803 argento
1149 726 1185 788 in
1199 726 1340 808 pedibus
1354 746 1386 806 v,
1399 733 1569 795 tenentem
1580 733 1719 796 titulum
1729 735 1808 799 scri-

227 824 335 901 ptum,
350 822 408 902 qui
426 821 489 886 hoc
502 821 626 885 habet:
655 825 743 886 Ecce
765 821 886 903 Ayaus
898 822 964 886 Dei
983 839 1052 887 ecce
1081 824 1142 906 qai
1158 822 1253 888 tollit
1262 830 1440 907 peccatam
1456 831 1588 906 maadi,
1608 835 1807 914 pensantem

226 919 330 982 libras
362 923 514 994 centum;
541 935 654 984 cervos
668 936 709 984 ex
740 923 881 1000 argento
909 939 967 998 vu,
985 919 1164 985 fundentes
1195 939 1330 1005 aquam,
1351 923 1410 1005 qui
1438 929 1584 1005 pansant
1595 928 1727 1008 singuli
1744 929 1805 993 lib.

225 1024 348 1096 axxx⁰;
366 1017 669 1082 thimiamaterium
684 1033 823 1081 aureum
841 1034 917 1081 cum
931 1017 1076 1097 gemmis
1094 1019 1240 1102 prasinis
1252 1022 1284 1083 el
1299 1019 1534 1101 hyacinthinis
1552 1041 1632 1105 xm,
1660 1042 1807 1106 pensans

165 1116 205 1176 60
226 1114 331 1179 libras
344 1115 469 1180 decem.

265 1213 333 1277 37.
358 1215 491 1279 Donum
514 1214 616 1277 fontis
641 1214 831 1295 baptisterii
846 1232 994 1279 massam
1018 1216 1107 1280 Festi
1129 1215 1299 1299 praepositi
1320 1217 1406 1280 sacri
1430 1218 1590 1300 cubiculi,
1618 1238 1719 1304 quem
1743 1223 1809 1287 do-

223 1313 319 1375 navit
345 1316 524 1392 Augustus
564 1315 805 1377 constantinus
842 1316 1057 1395 praestantem
1086 1314 1209 1377 solidos
1235 1329 1318 1393 ccc,
1345 1332 1493 1380 massam
1516 1317 1614 1383 Gaba
1641 1321 1806 1386 territorio

227 1410 413 1474 Gabinensi
442 1403 658 1491 praestantem
688 1412 811 1474 solidos
839 1427 924 1489 ccrr;
946 1428 1094 1474 massam
1120 1413 1231 1475 Pictas
1265 1413 1432 1476 territorio
1464 1419 1693 1498 suprascripto
1718 1437 1809 1500 prae-

224 1511 372 1572 stantem
408 1509 530 1573 solidos
568 1525 651 1589 ccv,
686 1527 835 1572 massam
860 1509 1095 1573 statibanam‘¹
1118 1510 1282 1573 territorio
1316 1511 1444 1574 corano
1484 1518 1698 1594 praestantem
1728 1517 1806 1581 soli·

186 1605 287 1670 5d0s
312 1622 371 1685 003
400 1624 547 1670 massam
580 1608 671 1669 intra
705 1609 863 1671 Siciliam
899 1609 1057 1670 Taurana
1093 1607 1260 1671 territorio
1293 1608 1550 1689 Parampniensi
1587 1617 1805 1692 praestantem

222 1704 348 1768 solidos
375 1706 588 1785 quingentos.
632 1708 728 1768 lntra
773 1711 912 1771 Romam
948 1705 1061 1769 domos
1097 1706 1151 1768 vel
1190 1704 1302 1767 hortos
1345 1709 1543 1786 praestantes
1584 1710 1707 1773 solidos
1738 1712 1806 1776 duo

224 1804 338 1867 millia
366 1803 535 1868 ducentos.
574 1803 730 1867 Fundum
777 1805 885 1885 Bassi,
927 1805 986 1885 qui
1028 1805 1165 1886 praestat
1203 1801 1327 1864 solidos
1363 1807 1497 1867 centum
1532 1806 1680 1888 viginti,
1714 1828 1803 1874 mas-
1931 1854 1933 1859 «

225 1918 297 1963 sam
337 1901 504 1966 Laninam
539 1905 751 1980 prestantem
779 1902 902 1966 solidos
939 1900 1124 1980 ducentos3
1153 1899 1296 1962 fundum
1331 1901 1473 1963 caculas
1497 1908 1510 1937 ⁶
1538 1904 1702 1968 territorio
1729 1907 1805 1970 Μο-

223 2002 383 2063 mentano
420 2003 635 2081 praestantem
667 1997 789 2062 solidos
813 1999 1091 2080 quinquaginta,
1118 2014 1265 2059 massam
1294 1996 1482 2061 statianam
1507 2001 1672 2066 territorio
1704 2003 1803 2068 sabi-

166 2097 203 2160 10
221 2115 340 2161 norum
360 2101 575 2177 praestantem
601 2097 724 2160 solidos
750 2113 853 2176 cccn;
883 2112 1031 2159 massam
1063 2095 1216 2158 marinas
1243 2094 1408 2157 territorio
1438 2097 1592 2176 Appiano
1619 2099 1803 2166 albanensi

222 2199 437 2277 praestantem
473 2195 596 2258 solidos
629 2211 710 2275 cce;
740 2210 888 2257 massam
910 2192 1064 2272 Virginis
1106 2192 1271 2255 territorio
1300 2194 1427 2257 Corano
1441 2192 1454 2235 s
1467 2196 1681 2276 praestautem
1718 2198 1802 2262 soli-

225 2293 284 2356 dos
318 2293 488 2356 ducentos.
528 2295 568 2356 Et
596 2293 826 2357 transmarina
854 2291 943 2355 inira
979 2294 1109 2372 partem
1138 2289 1282 2370 Africa,
1306 2308 1455 2355 massam
1478 2293 1594 2356 Vineis
1629 2297 1795 2360 territorio

220 2392 360 2454 Micaria
383 2395 627 2472 spissantem
675 2391 798 2454 solidos
825 2390 1057 2468 octingentos;
1091 2404 1240 2451 massam
1279 2389 1398 2469 (lapsis
1429 2388 1595 2454 territorio
1622 2393 1803 2473 capsitano

223 2492 439 2568 praestantem
475 2489 599 2553 solidos
630 2491 825 2566 sexcentos3
852 2503 1000 2549 massam
1032 2485 1136 2547 Varia
1163 2484 1314 2549 sardana
1336 2487 1502 2550 territorio
1534 2489 1686 2552 Monensi
1714 2508 1803 2572 praa-

166 2587 204 2648 15
223 2589 369 2649 stantem
408 2587 533 2650 solidos
565 2587 793 2668 quingentos;
818 2600 967 2648 massam
1004 2584 1162 2645 cameras
1195 2582 1362 2645 territorio
1386 2583 1548 2665 curalupi
1588 2589 1803 2665 praestantem

222 2693 345 2757 solidos
373 2709 500 2772 ccccr3
528 2710 676 2756 massam
700 2692 822 2754 Mimas
841 2691 869 2770 l,
904 2688 1071 2753 territorio
1105 2687 1274 2752 Numidia
1301 2690 1515 2769 praestantem
1540 2691 1662 2754 solidos
1700 2708 1800 2772 nccx,

222 2818 370 2864 massam
399 2801 407 2835 ¹
442 2799 702 2863 baldarioleario
729 2797 895 2862 territorio
928 2795 1097 2861 Numidia
1135 2796 1334 2877 praestantes
1362 2794 1485 2859 solidos
1516 2797 1728 2875 octingentos
1768 2803 1802 2864 et

218 2900 342 2964 decem.
367 2902 450 2962 Item
476 2899 512 2960 in
541 2897 670 2960 Gracia
700 2896 867 2961 territorio
897 2898 1012 2958 Cretas
1045 2910 1193 2956 massam
1219 2891 1405 2955 cefalinam
1431 2891 1468 2954 in
1508 2893 1609 2957 Creta
1632 2900 1800 2974 praestan-

217 3000 285 3060 tem
339 2996 461 3060 solidos
505 2996 727 3077 quingentos;
768 2993 805 3057 in
845 2991 1028 3072 Mengaulo
1069 3005 1218 3052 massam
1255 2991 1401 3050 amaron
1457 2989 1673 3066 praestantem
1719 2993 1796 3055 soli-

155 3097 196 3159 20
216 3095 275 3159 dos
297 3111 421 3159 ccxxn.

255 3194 321 3257 38.
341 3197 424 3258 Item
443 3192 496 3257 his
519 3190 726 3273 temporibus
753 3186 831 3250 iecit
852 3186 1029 3264 Augustus
1054 3180 1307 3258 constantinus,
1336 3197 1378 3242 ex
1396 3182 1518 3258 rogatu
1547 3181 1698 3248 Silvestri
1720 3189 1795 3269 epi-

218 3292 319 3372 scopi,
345 3291 522 3354 basilicam
548 3289 646 3350 beato
672 3288 769 3348 Petro
798 3283 947 3363 apostolo
977 3281 1014 3343 in
1046 3280 1170 3358 templo
1204 3275 1381 3357 Apollinis.
1410 3275 1513 3355 OuJus
1542 3278 1690 3345 loculum
1719 3302 1796 3351 cum

217 3403 350 3467 corpore
382 3389 413 3449 S.
444 3386 533 3448 Petri
564 3380 759 3458 recondidit,
794 3380 907 3459 ipsum
935 3376 1082 3440 loculum
1115 3375 1263 3456 undique
1298 3388 1340 3437 ex
1371 3391 1435 3437 aere
1471 3376 1585 3456 cyprio
1618 3381 1793 3463 conclusit,

217 3483 305 3564 quod
329 3485 380 3546 est
407 3480 589 3544 immobile.
619 3479 670 3543 hd
691 3479 792 3557 caput
820 3476 921 3556 pedes
948 3472 1108 3556 quinque,
1138 3470 1180 3535 ad
1213 3471 1311 3551 pedes
1331 3471 1432 3551 pedes
1458 3473 1618 3557 quinque,
1642 3475 1794 3543 adlatus
1855 3545 1857 3549 Α

175 3580 195 3641 5
216 3578 370 3642 dextrum
392 3576 492 3658 pedes
525 3577 686 3657 quinque,
710 3573 754 3637 ad
782 3574 873 3636 latus
894 3571 1070 3635 sinistrum
1103 3568 1203 3650 pedes
1221 3568 1382 3651 quinque,
1413 3568 1532 3633 subtus
1558 3571 1657 3653 pedes
1689 3577 1791 3657 quin-

218 3692 293 3756 que,
324 3692 426 3756 supra
453 3675 552 3755 pedes
583 3673 742 3755 quinque.
776 3671 829 3735 Sic
862 3667 1002 3733 inclusit
1027 3683 1145 3747 corpus
1173 3665 1265 3730 beati
1293 3660 1382 3729 Petri
1409 3669 1560 3750 apostoli,
1588 3674 1621 3734 et
1647 3674 1794 3738 recondi-

217 3773 279 3853 dit,
295 3776 329 3838 et
350 3774 484 3837 ornavit
500 3789 603 3852 supra
632 3786 673 3834 ex
701 3769 868 3834 columnis
893 3764 1148 3849 porphyreticis,
1161 3770 1163 3775 ’
1178 3767 1212 3827 et
1227 3764 1313 3828 alias
1337 3764 1513 3829 columnas
1528 3767 1689 3834 vitineas]
1709 3788 1794 3854 quas

214 3872 255 3934 de
287 3872 417 3935 Gracia
440 3870 608 3952 perduxit.
636 3869 727 3933 Fecit
758 3866 930 3930 autemst
957 3878 1123 3928 cameram
1154 3860 1306 3924 basilica
1330 3878 1371 3925 ex
1398 3863 1535 3928 trimma
1559 3866 1633 3929 auri
1655 3867 1796 3949 fulgen—

215 3973 295 4048 tem,
317 3973 351 4033 et
369 3984 470 4050 super
496 3985 615 4049 corpus
638 3965 745 4030 beatri
771 3965 860 4028 Petri
885 3981 931 4027 as
956 3965 990 4029 et
1020 3959 1109 4043 quod
1137 3957 1347 4024 conclusitk.
1379 3957 1470 4022 Fecit
1494 3978 1625 4026 crucem
1648 3979 1689 4028 ex
1713 3985 1795 4034 auro

158 4069 195 4130 10
214 4067 403 4149 purissimo,
436 4069 634 4147 pensantem
661 4063 766 4128 libras
789 4067 925 4127 centurn
955 4059 1219 4143 quinquaginta.
1250 4057 1289 4119 In
1317 4072 1510 4121 mensuram
1535 4060 1610 4140 loci,
1631 4060 1690 4126 ubi
1709 4067 1796 4130 scri-

216 4170 311 4248 ptum
341 4170 391 4228 est
410 4165 498 4228 hoe:
527 4162 770 4227 constantinus
796 4162 972 4240 Augustus
997 4160 1031 4221 et
1053 4155 1181 4219 Helena
1205 4154 1362 4233 Augusta
1396 4153 1485 4218 hanc
1519 4155 1654 4222 domum
1686 4164 1796 4242 regali

216 4265 320 4328 simili
334 4263 467 4343 iulgore
491 4279 668 4325 coruscans
684 4260 764 4322 aula
784 4255 980 4333 circumdat,
1006 4254 1168 4335 scriptum
1182 4266 1224 4315 ex
1238 4250 1360 4314 litteris
1382 4252 1475 4334 puris
1501 4255 1640 4334 nigellis
1652 4258 1690 4321 in
1715 4278 1797 4324 cru—

222 4380 269 4427 ce.
304 4361 394 4426 Fecit
428 4364 541 4425 autem
572 4358 774 4423 candelabra
801 4353 1003 4418 aurochalca
1027 4351 1064 4413 in
1093 4347 1235 4429 pedibus
1258 4366 1292 4429 x,
1323 4363 1462 4412 numero
1486 4356 1631 4432 quatuor
1667 4373 1794 4437 argen-

214 4464 250 4524 to
280 4461 437 4524 conclusa
466 4476 542 4524 cum
569 4457 696 4537 sigillis
725 4455 913 4534 argenteis,
950 4451 1053 4514 hctus
1078 4447 1314 4529 apostolorum,
1346 4462 1491 4525 pensum
1523 4450 1652 4529 singuli
1690 4453 1796 4518 libras

158 4561 195 4623 15
216 4575 301 4638 ccc,
330 4559 450 4622 calices
477 4573 595 4620 aureos
618 4559 685 4618 tres
710 4571 787 4618 cum
810 4550 954 4631 gemmis
979 4545 1127 4626 prasinis
1157 4548 1190 4607 et
1216 4541 1449 4622 hiacynthinis
1473 4542 1615 4626 singuli,
1650 4551 1707 4631 qui
1729 4552 1796 4616 ha.

215 4659 296 4723 bent
310 4673 464 4738 gemmas
478 4675 555 4736 mv,
571 4671 665 4736 pens.
687 4650 817 4731 singuli
833 4648 937 4713 libras
951 4662 998 4708 xn
1014 4666 1022 4725 ;
1039 4644 1197 4707 metretas
1212 4642 1391 4717 argenteas
1405 4656 1441 4718 11,
1456 4655 1551 4720 pens.
1576 4645 1633 4710 lib.
1651 4663 1691 4713 cc
1707 4670 1715 4730 ;
1738 4667 1794 4714 cs-

218 4758 299 4821 lices
328 4761 506 4836 argenteos
524 4751 649 4832 viginti
671 4765 764 4833 pens.
800 4749 892 4825 sing.
911 4743 971 4809 lib.
991 4761 1014 4804 x
1031 4763 1038 4821 ;
1056 4756 1150 4803 amas
1177 4753 1296 4801 aureas
1323 4734 1410 4798 duas
1441 4752 1535 4816 pens.
1565 4743 1656 4822 sing.
1674 4744 1734 4810 lib.
1747 4765 1793 4817 x:

217 4872 311 4918 amas
339 4857 519 4935 argenteas
546 4850 696 4932 quinque
723 4863 818 4927 pens.
848 4845 939 4922 sing.
966 4839 1027 4903 lib.
1043 4840 1112 4900 tres
1128 4856 1136 4914 3
1153 4836 1312 4916 patenam
1331 4847 1373 4896 ex
1388 4850 1469 4896 auro
1483 4839 1665 4916 purissimo
1689 4861 1796 4909 unam

215 4971 292 5015 cum
313 4956 403 5016 turre
431 4955 464 5015 et
491 4946 648 5014 columba
679 4946 836 5008 ornatam
859 4938 1005 5021 gemmis
1031 4931 1181 5016 prasinis
1203 4934 1236 4994 et
1252 4930 1497 5014 hyacinthinis,
1527 4943 1701 5017 quaesunt
1726 4960 1795 5005 nu-

153 5052 195 5115 20
215 5067 304 5114 mero
319 5068 397 5114 cum
410 5044 606 5126 margaritis
628 5042 714 5105 albis
734 5057 834 5121 ccxv,
847 5055 942 5122 pens.
958 5033 1064 5098 libras
1085 5029 1232 5108 triginta
1247 5048 1255 5107 3
1272 5029 1413 5109 patenas
1437 5037 1617 5110 argenteas
1641 5037 1795 5121 quinque

677 5287 817 5334 NO'PULAE
832 5280 1040 5330 Massiuam
1053 5277 1217 5325 ransom

126 5516 141 5548 ⁸
166 5508 197 5575 c,
219 5505 369 5560 innexum
407 5501 532 5572 llyrium.
555 5495 571 5542 b
594 5493 695 5556 labro.
721 5509 735 5540 ο
766 5495 796 5567 G,
821 5486 889 5553 800.
919 5490 933 5532 ⁶
957 5490 1150 5551 statilianam.
1173 5497 1185 5526 ⁰
1211 5481 1241 5558 0,
1270 5481 1470 5553 carnunto,
1495 5485 1613 5545 Sorano.
1638 5503 1652 5544 s
1673 5489 1702 5560 c,
1726 5487 1794 5549 llu-

98 5594 186 5655 rarlo.
212 5593 276 5661 ⁸0,
307 5589 456 5648 Nummos.
482 5582 869 5655 mansionariam,
897 5583 930 5640 Β.
958 5581 1087 5654 thyneas.
1112 5577 1130 5621 k
1152 5580 1314 5636 Extremam
1338 5589 1374 5632 er
1409 5587 1481 5632 auro
1516 5573 1674 5648 lulgauten
1707 5593 1796 5651 supra

98 5696 206 5754 corpus
218 5680 294 5738 beati
308 5678 383 5737 Patri
399 5689 489 5749 supra
502 5690 542 5735 as
554 5674 631 5734 uude
642 5672 813 5734 conclusum
824 5676 880 5729 est.
896 5670 926 5744 c,
939 5680 1026 5742 super
1040 5682 1074 5726 os
1086 5680 1154 5742 quo.
