3892 6136
117 299 189 359 4349

556 297 715 355 HISTORIA
733 300 777 354 ba
797 297 883 356 VlTlS
902 297 987 354 ΗΘΜ.
1006 297 1105 353 eolla.
1126 327 1164 338 -
1177 297 1205 353 S.
1226 298 1403 354 Ptlllltllllls.

1762 299 1832 361 taso
1930 249 1932 252 ’

117 421 150 480 in
165 424 241 481 notis
256 423 448 550 opfortuoior
460 414 517 479 erit
531 422 612 480 locus
626 423 753 493 ejnsdem
770 421 880 479 tabellae
897 435 945 478 rc·
956 421 985 480 A
1006 418 1135 501 regnavit
1148 419 1355 476 Constantinus
1367 423 1404 476 u.
1420 420 1622 490 imperatorum
1638 395 1830 482 homanorum

121 495 254 552 terendos.
271 495 292 550 ll
309 498 354 551 lus
370 495 561 551 meminerunt
580 496 722 551 Batonius
737 495 767 550 in
782 493 945 549 Annalibus

116 568 152 623 ad
167 580 233 622 ann.
248 564 275 634 8,
292 568 449 622 severanus
463 566 498 621 de
513 572 618 637 septem
635 566 720 621 Urbis
731 565 863 622 ecclesiis
880 577 942 648 pag.

115 637 180 708 682,
202 636 349 694 Octavius.
374 637 556 693 Panctrolius
574 638 609 693 dc
627 637 759 693 ecclesiis
778 640 808 692 in
829 648 945 705 regione

116 711 258 835 blonltium
273 723 335 785 cap.
352 704 396 781 tt,
413 708 524 779 aliique
538 710 573 765 de
588 709 679 766 sacris
694 707 837 765 AEdidciis
850 708 945 763 Eomae

116 781 177 837 scri
199 786 290 837 entes.

454 885 615 943 clhcotvll.

153 994 241 1051 Linea
262 990 288 1049 t.
302 1022 340 1036 -
356 994 505 1060 Ennianus,
526 996 637 1050 nctmne
661 995 805 1050 Romanus.
826 993 946 1050 erectus

117 1066 168 1122 die
183 1062 214 1120 ll
224 1064 356 1121 ianuarii
370 1084 377 1135 3
390 1080 454 1122 cum
470 1078 546 1120 enirn
558 1079 656 1123 omnes
667 1065 778 1135 iratres,
793 1078 880 1122 causa
892 1065 946 1120 de-

119 1136 229 1208 ligendi
243 1135 399 1206 pontiacis,
413 1137 441 1192 io
453 1137 602 1193 ecclesiam
613 1140 824 1201 convenissent,
836 1142 865 1192 et
876 1135 947 1192 mul·

118 1208 297 1264 tidemultis
307 1207 474 1263 illustribus
484 1213 512 1263 et
522 1208 668 1278 praettlaris
680 1207 876 1264 virtsadlllud
888 1220 947 1263 mu·

119 1291 175 1334 nus
196 1279 360 1334 obeundum
382 1279 495 1334 idoneis
515 1280 684 1350 cogitarent,
707 1280 742 1335 de
762 1284 876 1349 repente
895 1291 946 1333 co-

119 1349 219 1404 lumba
232 1348 377 1405 esttbliml
393 1352 501 1418 volans,
516 1351 604 1420 capiti
619 1350 736 1406 Fabiani
752 1350 859 1406 insedit
870 1366 877 1418 3
890 1362 946 1474 quo

119 1420 231 1476 caelesti
252 1420 362 1476 indicio
383 1420 478 1476 clerus
497 1430 667 1491 commotus,
688 1434 787 1491 magua
803 1433 867 1476 curn
883 1433 899 1474 a
913 1433 947 1473 a·

119 1494 235 1560 critate,
249 1497 277 1546 et
291 1504 348 1547 uno
360 1492 522 1547 animarum
535 1505 688 1559 consensu,
704 1493 812 1563 dignus
830 1489 949 1560 pontill-

120 1569 189 1617 catu
204 1561 422 1631 isacclamatus,
436 1562 583 1633 etabsque
595 1576 672 1619 mora
683 1570 825 1632 arreptus,
841 1565 869 1617 io
884 1561 950 1618 sede

120 1632 272 1759 fiontidcla
286 1633 447 1760 &adlocatus
459 1638 521 1690 est:
536 1639 689 1691 attestante
701 1633 824 1692 Eusebio
840 1632 890 1688 llb.
907 1646 948 1702 tt,

148 1705 195 1760 ist.
212 1717 275 1775 cap.
329 1744 336 1758 .

483 1811 586 1870 elleh.

158 1919 245 1975 Linea
260 1915 286 1973 4.
300 1948 335 1958 -
348 1918 400 1984 Qui
412 1923 512 1989 septem
526 1921 649 1974 notariis.
668 1919 737 1976 Cum
750 1919 820 1976 olim
833 1923 951 1977 sanctus

123 1990 254 2047 Clemens
273 1994 379 2059 septem
405 1991 534 2046 notarios
555 1992 741 2060 instituisset,
764 1997 796 2047 ut
820 1991 951 2047 celeriter

122 2064 288 2131 exciperent
297 2060 449 2117 verborum
461 2063 538 2117 notis
548 2069 626 2133 gesta
635 2062 770 2132 dictaque
782 2069 949 2132 martyrum,

119 2134 180 2203 jam
203 2131 354 2194 Fabianus,
377 2134 474 2203 lnquit
496 2134 646 2194 baronius.
668 2134 856 2189 considerans
879 2134 951 2188 hanc

122 2202 269 2260 scribendi
282 2203 418 2258 rationem
429 2217 492 2259 esse
502 2204 582 2260 valde
591 2204 753 2272 obscuram,
767 2205 830 2259 ideo
843 2212 951 2273 septem

125 2273 248 2331 notariis
265 2274 381 2329 totidem
399 2273 525 2343 pracfecit
537 2274 739 2344 subdiaconos,
756 2275 806 2345 qut
817 2279 953 2331 curarent

125 2345 352 2415 litterisinteqre
366 2346 516 2414 perscribi,
527 2347 602 2415 quod
613 2347 690 2402 uotis
699 2347 901 2415 compendiose
908 2360 954 2401 ex·

126 2421 241 2487 ceptum
262 2423 347 2471 antea
368 2417 579 2484 erat3dicente
601 2417 755 2473 Anastasio
777 2417 811 2472 ad
831 2419 883 2473 hoc
898 2418 954 2472 Ea·

127 2487 246 2543 bianum
263 2483 364 2542 iecisse
378 2491 479 2557 septem
491 2488 681 2555 subdiaconos,
697 2491 746 2558 qni
758 2492 857 2558 septem
869 2492 954 2543 nota-

126 2561 179 2615 riis
196 2559 376 2624 imminerent,
395 2563 425 2612 nt
435 2563 512 2626 qesta
529 2563 682 2628 martyrum
700 2562 730 2614 itt
748 2561 853 2627 intepro
872 2560 954 2613 colli-

126 2634 230 2700 qerent.
254 2629 305 2684 Per
327 2628 417 2685 multa
439 2629 542 2686 saecuta
568 2630 766 2698 perseveravit,
791 2635 823 2686 ut
846 2635 953 2700 septem

129 2706 241 2758 tantum
263 2699 292 2755 in
313 2699 440 2755 Ecclesia
462 2702 587 2756 llornana
605 2701 720 2757 diaconi
743 2701 953 2771 ministrarent,

151 2772 240 2829 uibus
251 2769 393 2827 Fabianus
406 2770 478 2826 illud
493 2773 621 2828 muneris
633 2772 757 2838 addidit,
770 2777 803 2828 ut
812 2778 955 2843 quatuor·

129 2789 222 2900 accim
242 2840 327 2897 Urbis
346 2843 515 2914 regionibus
538 2850 699 2912 preessent,
722 2843 850 2914 singuiis
871 2843 955 2899 binas

130 2912 294 2983 assignans,
321 2919 353 2968 ul
377 2926 535 2983 pauperum
561 2914 590 2969 itt
613 2915 657 2971 cis
676 2915 841 2986 degentium
857 2927 955 2970 curant

129 2988 281 3070 gererent3
298 2983 373 3039 unde
391 2988 435 3040 est
456 2997 556 3041 nomen
576 2998 610 3041 ex
630 2999 746 3041 munere
768 2985 904 3053 inditum,
925 2991 957 3041 ul

1005 504 1117 558 primus
1129 489 1323 560 Christianus,
1340 510 1352 541 ι
1367 497 1421 547 etc.
1438 493 1537 548 Eadem
1553 493 1611 550 lere
1625 495 1710 551 verba
1727 496 1831 552 hahent

1000 561 1172 617 Ambrosius
1192 564 1221 618 itt
1237 561 1337 619 iuuere
1350 563 1504 620 Theodosii
1520 564 1625 635 ltagni,
1639 574 1667 621 et
1684 566 1830 636 Sulpicius

1000 632 1130 698 Severus,
1158 634 1208 703 qui
1235 647 1310 689 anno
1336 634 1622 706 quadringentesimo
1646 638 1719 692 duos
1742 650 1831 693 sacras

1000 704 1135 760 llistoriae
1162 705 1253 760 libros
1279 704 1439 774 publicavit
1454 723 1462 776 ς
1479 707 1567 761 sicuti
1591 712 1620 761 et
1637 707 1832 764 theodoretus

1002 774 1052 830 lib.
1066 788 1093 839 v,
1108 789 1170 845 cap.
1181 773 1226 845 39,
1242 775 1290 831 ubi
1309 777 1463 846 utriusque
1476 777 1602 846 Philippi
1617 779 1831 835 conversionem

1001 845 1047 901 his
1058 847 1153 902 verbis
1163 846 1310 916 explodit:
1323 866 1336 899 ι
1350 848 1423 902 hute
1433 847 1614 903 Constantini
1626 850 1743 905 maximi
1756 849 1833 919 prin·

1000 917 1127 987 cipatum
1144 924 1291 990 quotquot
1305 919 1422 974 itomani
1441 918 1628 986 imperatores
1644 917 1762 977 luerunt
1776 918 1832 975 ad-

1000 1002 1101 1044 versus
1123 991 1240 1059 pietatis
1267 987 1393 1045 cultores
1418 988 1512 1046 iurare
1536 1003 1592 1047 non
1615 992 1831 1048 destiterunt.»

1001 1060 1136 1115 Praeterea
1146 1060 1331 1116 ethnicorum
1345 1066 1494 1116 auctorum
1509 1061 1543 1117 de
1556 1074 1626 1117 nova
1638 1062 1674 1117 ab
1688 1062 1727 1117 iis
1739 1063 1834 1131 impc-

1000 1131 1147 1186 ratoribus
1161 1137 1293 1199 suscepta
1306 1130 1445 1202 religione
1457 1131 1618 1197 silentium,
1631 1138 1659 1188 et
1673 1133 1830 1188 multorum

1002 1201 1129 1270 insuper,
1150 1207 1211 1257 lum
1231 1201 1464 1258 Christianorum
1488 1208 1590 1274 praeter
1606 1204 1664 1271 jam
1688 1204 1831 1271 laudatos,

1002 1277 1062 1327 tum
1082 1273 1262 1328 ethnicorum
1284 1285 1453 1342 cousensus,
1469 1286 1486 1329 a
1503 1275 1611 1345 quihus
1627 1274 1738 1343 primus
1757 1274 1833 1329 inter

1003 1343 1188 1412 imperatores
1200 1344 1346 1400 Christum
1361 1342 1504 1413 protessus
1516 1345 1677 1400 celebratur
1689 1346 1833 1401 Constan-

1004 1415 1093 1482 tinus,
1108 1415 1174 1482 y'urc
1198 1416 1299 1470 merito
1322 1416 1507 1481 convincunt,
1529 1417 1629 1471 ambos
1652 1415 1833 1541 Phillpfitosa

1002 1485 1180 1540 Christianis
1203 1486 1334 1555 partibus
1358 1484 1449 1542 fuisse
1467 1486 1588 1542 alienos.
1610 1487 1691 1542 Certe
1706 1487 1731 1543 si
1768 1487 1832 1541 deut

1004 1555 1126 1681 frolessi
1152 1555 1285 1626 luissent,
1312 1557 1470 1612 verisimile
1495 1571 1551 1613 nott
1574 1565 1617 1614 esl
1639 1558 1780 1614 tacituros
1803 1557 1832 1613 ld

1019 1627 1095 1683 uisse
1109 1627 1242 1683 ethnicos
1256 1628 1424 1697 scriptores.

1039 1725 1079 1779 hd
1096 1724 1155 1779 hec
1172 1725 1324 1795 respondet
1339 1725 1461 1781 lluctius
1484 1724 1632 1781 initiatum
1654 1724 1762 1780 Christi
1784 1738 1834 1780 sa·

963 1789 989 1851 B
1004 1795 1086 1851 crisa
1096 1796 1220 1851 labiano
1234 1809 1303 1865 papa
1313 1794 1403 1851 tuisse
1415 1794 1590 1866 Philippum,
1600 1797 1648 1852 sed
1660 1797 1780 1862 occulte,
1793 1796 1835 1851 id·

1004 1880 1059 1937 que
1070 1866 1142 1922 clam
1153 1867 1283 1922 ethnicos
1294 1866 1439 1935 hahuisse,
1452 1867 1566 1937 nequid
1579 1867 1645 1923 inde
1656 1881 1700 1922 res
1710 1880 1770 1922 sue
1779 1867 1835 1922 dc-

1007 1938 1136 1993 trimenli
1151 1944 1295 2007 caperent,
1318 1951 1390 2007 quas
1406 1937 1538 2007 pristina
1553 1938 1702 2009 religionis
1717 1938 1835 2006 ejurata

1006 2008 1078 2065 tanna
1093 2007 1213 2064 forsitan
1226 2009 1436 2064 conturbasset.
1450 2009 1501 2064 Sed
1516 2008 1575 2064 haec
1590 2010 1737 2078 responsio
1752 2007 1836 2064 dire*
1941 2065 1942 2068 ,

1005 2088 1048 2136 cle
1063 2080 1231 2136 adversatur
1244 2080 1377 2144 Eusebio,
1393 2081 1444 2150 qui
1459 2080 1489 2134 in
1506 2080 1631 2136 ilistoria
1646 2079 1750 2135 scribit
1764 2079 1836 2134 Pht·
1882 2083 1887 2088 “

1007 2151 1117 2221 lippum
1132 2151 1245 2221 publice
1259 2151 1287 2207 in
1303 2151 1459 2207 Ecclesiam
1473 2163 1488 2205 a
1503 2151 1607 2220 Babylo
1622 2152 1757 2221 episcopo
1771 2149 1835 2204 hn-

1007 2222 1142 2278 tiocheno
1154 2221 1324 2290 admissum,
1345 2223 1540 2292 precationum
1558 2222 1727 2292 participem
1744 2218 1836 2276 fuisso

1009 2292 1125 2358 iactum,
1139 2301 1287 2364 postquam
1298 2293 1422 2349 crimina
1431 2291 1581 2348 confessus
1593 2293 1621 2347 ln
1634 2292 1836 2360 poenitentium

1008 2364 1138 2421 ordinem
1162 2365 1295 2420 redactus
1310 2374 1363 2419 est.
1386 2366 1442 2419 Nec
1462 2363 1596 2433 estquod
1616 2363 1696 2419 dlcat
1715 2363 1836 2417 lluetlus

1007 2437 1164 2492 Eusebium
1175 2435 1202 2490 id
1215 2448 1231 2489 a
1242 2433 1344 2505 babyla
1357 2433 1462 2490 lactum
1471 2447 1506 2489 ex
1518 2434 1625 2490 incerta
1636 2433 1786 2489 auditione
1798 2446 1839 2488 re·

1008 2506 1122 2571 tulisse,
1135 2519 1200 2561 cnm
1210 2506 1302 2576 dicat,
1313 2507 1392 2573 sumn
1402 2510 1441 2560 est
1449 2523 1458 2573 ;
1467 2506 1493 2560 si
1504 2506 1580 2561 enim
1594 2505 1621 2561 id
1634 2503 1707 2560 lama
1719 2501 1837 2571 terebat,

1007 2591 1041 2634 ex
1054 2590 1087 2633 eo
1100 2577 1264 2647 oppositum
1277 2577 1340 2647 ejus
1352 2577 1500 2632 sententiaa
1514 2576 1707 2643 convincitur,
1722 2574 1841 2644 Philip·

1008 2661 1076 2720 pum
1086 2649 1199 2704 scilicet
1211 2660 1266 2703 non
1278 2647 1368 2703 tuisse
1377 2649 1478 2701 occulte
1487 2646 1695 2715 christianum,
1706 2646 1753 2701 sed
1766 2658 1839 2701 cou-

1008 2720 1169 2775 versionem
1181 2720 1243 2787 ey'us
1253 2719 1389 2775 otnnlbus
1403 2717 1575 2773 innotuisse.
1587 2717 1695 2772 Deinde
1706 2729 1762 2773 non
1774 2729 1840 2772 cott-

1009 2790 1128 2846 veniunt
1143 2791 1283 2845 baronius
1298 2796 1327 2845 el
1343 2790 1464 2846 iluetius
1477 2802 1533 2859 quo
1547 2795 1673 2859 ternpore
1688 2787 1839 2858 Philippus

1009 2862 1117 2917 Christi
1134 2861 1296 2918 doctrinam
1311 2860 1461 2930 amplexus
1475 2862 1524 2915 sit.
1541 2860 1682 2914 Baronius
1698 2858 1725 2912 ld
1741 2859 1839 2913 conli-

1010 2934 1088 3005 gisse
1099 2933 1182 3000 dicit,
1194 2945 1259 2987 cum
1272 2931 1421 2987 saeculares
1434 2931 1526 2985 tudos
1536 2928 1681 2992 exhibuit,
1691 2940 1767 2984 anno
1777 2927 1840 2983 sci-

1012 3005 1079 3059 licet
1091 3000 1154 3072 att,
1169 3003 1289 3057 lluctius
1301 3015 1366 3056 vero
1379 3001 1433 3055 suh
1444 3000 1505 3068 lpsa
1517 2999 1632 3068 imperii
1648 2999 1742 3065 initia,
1757 2999 1840 3054 ideo-

131 3055 220 3138 'mem
235 3054 509 3138 diacopinreqionarii
523 3056 699 3113 diceremus·
715 3057 858 3113 Fabianus
869 3057 958 3138 Chr}
1012 3087 1068 3145 que
1081 3087 1156 3129 anno
1166 3070 1229 3141 ω,
1244 3086 1301 3142 quo
1315 3070 1475 3127 Antiochiae
1488 3075 1559 3125 erat.
1573 3069 1613 3125 Ad
1629 3075 1761 3126 neutrum
1777 3067 1838 3125 (ssei

130 3132 254 3208 “himin
269 3126 435 3197 s⁶¹¹8¹⁰¹¹²¹¹¹
451 3140 614 3210 PVPPassaiet
632 3133 871 3211 PP⁰P³E³2³ffl<l¹¹9
883 3126 994 3210 aed¹70
1012 3152 1104 3216 polest
1118 3163 1126 3215 3
1140 3157 1195 3199 nou
1212 3143 1327 3213 quidem
1342 3142 1486 3211 primum3
1500 3146 1614 3196 constat
1625 3140 1713 3208 enim,
1728 3145 1760 3194 ut
1775 3152 1839 3195 mox

132 3198 210 3254 licus
232 3195 380 3252 titustrare
398 3198 521 3267 studuit,
544 3200 619 3254 node
636 3199 709 3254 tdem
730 3199 901 3279 Anastasius
916 3202 958 3253 att
1013 3215 1191 3280 ostendetur,
1207 3214 1372 3282 pqyyyppum
1388 3224 1464 3267 more
1479 3210 1666 3266 Eypnyeofflffi
1682 3212 1840 3279 imperato.

131 3281 198 3325 eum
223 3266 312 3323 muita
335 3268 458 3324 aedilicia
476 3269 506 3324 iu
532 3270 704 3325 caemeteriis
729 3269 791 3325 lieri
813 3268 955 3338 jussisse:

133 3339 242 3464 quipse
257 3338 286 3393 in
303 3340 412 3408 cryptis
430 3341 574 3395 arenariis
598 3340 698 3397 subter
712 3346 816 3396 terrant
833 3338 957 3395 latebant

132 3424 204 3480 sepu
217 3421 266 3464 cra
279 3415 444 3467 sanctorum
460 3419 627 3481 martyrum,
645 3411 674 3467 in
686 3411 793 3480 quibus
805 3423 926 3481 synaxes
941 3423 958 3466 a

133 3479 270 3537 lidnlihus
297 3480 485 3551 habebantur,
514 3495 578 3553 que
606 3482 742 3551 deinceps
767 3495 784 3537 a
810 3480 955 3547 ildelibus,

131 3551 235 3608 orandi
256 3563 353 3616 causa,
371 3550 414 3608 tre
436 3559 559 3609 uentatae
576 3557 654 3609 sunt.
678 3553 821 3609 Privatum
842 3551 959 3608 haereti-

131 3635 210 3691 cum,
225 3634 242 3677 a
256 3621 382 3678 concilio
396 3567 531 3680 affricano
550 3622 585 3680 illl
599 3624 800 3694 episcoporum
820 3624 959 3679 condem-

132 3701 242 3762 natum,
257 3694 454 3751 ecclesiastica
468 3696 670 3751 communione
686 3695 819 3764 privavit.
834 3695 958 3750 Tandem

133 3759 957 3834 imperatorllccius,Detsaccrdotibusinlensns,sanctum

133 3834 290 3891 Eabianuot
312 3842 402 3892 morte
420 3835 516 3892 affecit
529 3838 577 3893 die
593 3837 730 3908 vigesima
743 3837 874 3892 ianuarii
889 3835 958 3891 anni

130 3904 194 3972 aab,
219 3910 365 3977 postquam
388 3908 510 3963 sedisset
532 3921 623 3964 annos
644 3909 872 4034 quatuordecim,
896 3908 960 3962 dies

130 3977 228 4034 decem
241 3994 247 4006 ·
262 3985 290 4032 et
302 3979 431 4049 quinque
443 3980 640 4035 ordinationes
664 3980 767 4035 eclsset
782 3979 959 4049 presbytero·

132 4062 197 4105 runt
266 4052 295 4104 et
309 4051 496 4105 diaconorum
517 4048 545 4118 8,
561 4063 594 4106 ac
617 4051 736 4119 insuper
756 4051 906 4121 episcopos
926 4045 955 4104 tt

132 4132 186 4191 per
204 4118 316 4176 diversa
339 4120 402 4176 loca
424 4126 548 4177 creasset
562 4140 570 4193 ς
585 4121 718 4192 sepultus
742 4122 772 4178 itt
796 4120 960 4178 comatoria

132 4189 248 4247 Callisti
264 4191 310 4246 via
325 4190 426 4261 appia.

170 4259 312 4317 Eusebius
322 4261 350 4316 iu
361 4262 487 4318 ltistoria
501 4262 552 4318 lib.
562 4276 602 4333 rt,
611 4277 673 4333 cap.
682 4262 727 4332 at,
738 4268 766 4318 et
778 4262 807 4318 itt
817 4263 960 4319 Chronico

133 4330 249 4397 scribit,
266 4332 433 4403 Philippum
455 4335 655 4404 imperatorem
669 4349 733 4391 curn
751 4334 884 4404 Philippo
901 4333 960 4389 ilio

132 4403 333 4460 Christianum
349 4403 457 4474 luisse,
479 4411 507 4460 et
522 4413 586 4461 acta
601 4406 692 4462 sancti
711 4406 803 4462 Pontii
826 4406 961 4476 martyris

133 4476 248 4544 docent,
274 4474 430 4530 Fabianum
447 4489 551 4602 Kapam
572 4477 671 4533 ambos
692 4476 758 4532 illos
776 4477 961 4546 imperatores

136 4545 306 4615 baptizasse,
323 4546 431 4617 quibus
467 4549 529 4603 dem
549 4548 685 4604 adhibuit
699 4549 840 4603 baronius
855 4553 884 4602 et
899 4555 962 4617 post

134 4628 202 4672 eunt
223 4616 320 4685 piures
338 4617 464 4673 celebres
484 4621 650 4689 scriptores,
674 4620 749 4674 inter
773 4633 845 4690 quos
865 4621 964 4675 Petrus

136 4687 236 4742 Daniel
252 4688 373 4744 lluetius
385 4690 541 4760 episcopus
555 4690 752 4745 abricatensis
768 4689 820 4745 lib.
835 4705 842 4745 ι
858 4688 963 4760 Orige-

135 4759 291 4814 nianorutn
310 4773 372 4829 cap.
389 4758 416 4828 3,
440 4763 490 4831 qul
514 4760 638 4816 Eusebio
653 4769 681 4816 et
695 4765 807 4817 auctori
832 4768 963 4816 actorum

135 4831 230 4885 sancti
244 4830 350 4900 Pontii,
363 4831 475 4887 addunt
488 4831 606 4888 Paulum
622 4833 755 4887 orosium
770 4832 821 4887 lib.
835 4845 885 4898 vu,
899 4846 962 4901 rap.

136 4897 180 4954 43.
205 4899 387 4957 vincentium
412 4905 588 4958 tirinensem
612 4902 662 4959 lib.
683 4906 819 4959 adversus
839 4905 964 4958 llaereses

135 4984 199 5039 cap.
224 4967 269 5037 23,
294 4978 323 5026 et
343 4978 409 5028 ante
432 4986 480 5029 eos
503 4975 602 5029 divum
627 4976 829 5045 Hieronymum
853 4972 903 5029 tib.
928 4974 964 5029 de

134 5043 241 5110 Script.
256 5041 417 5099 ecclesiast.
430 5058 496 5099 cum
508 5045 543 5100 de
556 5047 678 5117 Origene
694 5047 833 5116 loquitur.
847 5044 899 5100 Sed
913 5059 965 5099 te-

137 5114 200 5169 rior
213 5112 328 5169 videtur
343 5115 443 5184 opinio
455 5115 644 5172 hunolatorls
655 5118 771 5173 baronii
785 5115 963 5172 contrarium

135 5183 963 5256 sentiemtsconstateuimextactantio,Eusebtocoaro,

135 5261 166 5312 et
187 5253 280 5323 crispi
303 5257 484 5313 Constantini
506 5259 541 5311 tl.
565 5257 619 5314 dlii
642 5267 823 5330 praeceptore,
841 5261 870 5316 ln
894 5271 965 5328 pro·

135 5326 225 5382 oemio
237 5325 288 5382 lib.
304 5341 312 5382 t
326 5328 361 5383 de
373 5329 470 5384 lnstit.
483 5343 545 5399 cap.
559 5328 583 5398 l,
596 5331 824 5400 Constantinum,
840 5332 964 5400 primunt

123 5411 171 5453 ex
198 5397 422 5467 imperatoribus
447 5401 562 5456 Christo
589 5414 690 5457 nomen
716 5403 830 5458 dedisse
847 5419 884 5457 :t
908 5402 965 5455 lloc

136 5479 222 5538 opus,
238 5469 344 5540 inquit,
359 5484 436 5526 nunc
448 5473 576 5528 nominis
586 5472 628 5527 tui
639 5474 772 5542 auspicio
784 5473 962 5540 inchoamus,

135 5539 325 5596 Constantine
338 5541 494 5611 imperator
511 5544 641 5608 inanime,
654 5545 702 5613 qui
719 5545 839 5613 primns,
858 5543 965 5599 itoma-

138 5622 243 5666 norum
260 5612 423 5681 principum
440 5615 601 5682 repudiatis
615 5615 773 5679 erroribus,
790 5614 963 5683 maiestatem

139 5681 190 5736 Del
213 5682 374 5753 singularis
388 5697 421 5739 ac
436 5686 495 5740 veri
510 5693 538 5741 et
552 5686 713 5757 cognovisti
729 5692 757 5740 et
773 5685 931 5740 honorasti.
950 5702 963 5734 s

141 5752 218 5815 idem
230 5752 337 5810 scribit
348 5766 509 5883 anonymus
520 5764 620 5813 auctor
632 5758 701 5813 vita
712 5757 805 5812 sancti
819 5754 964 5813 Pachumii

1013 3301 1076 3343 rum
1094 3285 1186 3342 Ludos
1202 3284 1355 3339 saeculares
1368 3277 1547 3339 celebrasse}
1565 3294 1616 3336 nec
1631 3280 1716 3336 etlam
1732 3292 1841 3337 secun·
1882 3322 1884 3333 .

1011 3359 1091 3425 dum,
1108 3370 1172 3413 cum
1189 3357 1309 3425 ipsemet
1324 3355 1444 3409 lluetius
1459 3366 1492 3408 cx
1514 3353 1567 3407 hoc
1581 3350 1664 3407 lateri
1679 3358 1838 3423 cogeretur,

1012 3442 1076 3485 eum
1089 3436 1185 3498 postea
1199 3428 1303 3482 ilerum
1317 3426 1351 3481 ad
1365 3425 1502 3481 vomitum
1516 3423 1649 3492 rediisse,
1662 3421 1841 3479 ascendendo

1012 3500 1186 3569 capitolium
1199 3503 1227 3553 et
1240 3497 1375 3552 victimas
1395 3494 1579 3562 immolando,
1594 3494 1670 3564 quod
1686 3498 1842 3562 utrumque

1013 3570 1082 3627 iecit
1107 3583 1182 3624 anuo
1205 3566 1257 3623 etl
1283 3569 1312 3623 ln
1336 3565 1524 3622 saecularibus
1547 3566 1644 3620 Ludis.
1670 3565 1709 3619 Ex
1732 3563 1842 3633 qulbus

1012 3641 1146 3713 sequitur
1159 3639 1332 3709 Philippum,
1348 3650 1398 3692 nec
1412 3636 1525 3706 imperii
1539 3637 1585 3692 sui
1599 3635 1695 3704 initio,
1707 3641 1843 3690 necante-

1014 3727 1097 3785 quam
1109 3711 1203 3767 turios
1216 3710 1367 3766 saeculares
1378 3707 1539 3776 exhiberet,
1552 3706 1668 3762 Christo
1681 3718 1783 3762 nomen
1795 3705 1843 3761 de·

1013 3784 1106 3840 disse.

1050 3870 1208 3927 baronium
1239 3873 1268 3926 et
1297 3867 1432 3925 lluetium
1459 3866 1494 3923 ad
1527 3863 1654 3948 Eusehli·
1676 3863 1843 3934 opinionem

1014 3944 1150 4000 tuendam
1165 3940 1340 4012 pertraxisse
1350 3940 1553 3995 videnturacta
1564 3942 1656 3993 sattctt
1669 3935 1763 3992 Pontii
1774 3949 1844 3992 man

1014 4016 1096 4086 tyris,
1110 4027 1126 4069 a
1139 4013 1281 4081 Stephano
1296 4011 1413 4070 baluzio
1429 4016 1525 4079 postea
1537 4021 1571 4064 ex
1584 4006 1679 4063 tribus
1691 4006 1844 4064 codicibus

1013 4087 1080 4142 llss.
1096 4084 1277 4141 bibliothecae
1295 4081 1465 4138 colbertinae
1485 4079 1535 4136 lib.
1558 4093 1577 4136 tt
1595 4077 1844 4135 miscellaneorum

1015 4156 1172 4228 publicata.
1195 4155 1247 4210 Sed
1273 4158 1425 4209 annotator
1447 4151 1563 4207 baronii
1585 4163 1618 4206 ea
1634 4150 1717 4222 longe
1738 4149 1843 4220 poslS.

1015 4228 1107 4285 Pontii
1124 4228 1291 4297 martyrium
1305 4224 1413 4294 scripta
1427 4222 1527 4290 tuisse,
1543 4226 1571 4277 et
1585 4221 1642 4277 scri
1665 4220 1722 4276 tori
1739 4225 1845 4277 coeta-

1017 4314 1068 4356 neo
1081 4297 1172 4354 afficta
1188 4297 1287 4367 prohat
1300 4314 1307 4364 ς
1322 4296 1398 4351 unde
1411 4295 1551 4350 baronius
1568 4292 1629 4363 ipse
1641 4236 1845 4374 tuteturplura

1017 4372 1047 4426 itt
1070 4373 1107 4425 iis
1121 4371 1196 4424 actis
1209 4373 1342 4425 cuneata
1357 4366 1517 4423 desiderari
1540 4365 1615 4433 apud
1637 4361 1843 4428 hlombrtttutn,

1017 4454 1104 4512 seque
1120 4447 1220 4511 putare
1234 4452 1267 4495 ca
1281 4437 1316 4493 ab
1338 4439 1438 4508 aliquo
1460 4434 1551 4493 luisse
1564 4434 1673 4489 addita.
1690 4433 1725 4486 ht
1740 4444 1773 4486 ea
1789 4443 1845 4487 nou

974 4525 1002 4587 1)
1017 4513 1110 4569 solum
1126 4525 1188 4567 esse
1211 4509 1352 4578 sabulosa,
1373 4509 1421 4564 sed
1437 4508 1523 4563 etiam
1539 4517 1602 4559 esse
1621 4500 1748 4557 auctoris
1763 4507 1845 4558 acto-

1024 4597 1098 4652 rum,
1114 4595 1169 4638 nou
1184 4593 1250 4636 vero
1264 4578 1390 4647 alicujus
1406 4574 1632 4645 interpolatoris,
1648 4572 1846 4629 demonstrant

1021 4655 1167 4712 editiones
1187 4648 1295 4705 Baluzli
1310 4656 1338 4703 et
1353 4646 1494 4715 Bollaodi,
1518 4645 1569 4716 qui
1584 4645 1618 4699 ad
1635 4643 1711 4699 olen
1729 4638 1762 4697 tl
1777 4641 1845 4699 hlali

1018 4740 1050 4783 ea
1064 4726 1149 4780 etiam
1174 4720 1333 4792 publicavit
1358 4720 1393 4774 ad
1410 4717 1493 4772 tidem
1516 4728 1582 4771 mss.
1600 4714 1788 4770 concinnate.
1805 4713 1846 4770 Ex

1019 4797 1167 4865 listraque
1182 4793 1255 4848 actis
1271 4759 1345 4859 nihii
1362 4790 1434 4845 hanc
1450 4788 1479 4843 in
1494 4799 1551 4842 rem
1566 4786 1630 4842 erui
1645 4791 1746 4868 potest.
1764 4783 1845 4854 Quod

1017 4868 1121 4925 attinet
1135 4866 1169 4921 ad
1184 4862 1349 4926 Eusebium,
1365 4859 1407 4915 vel
1422 4859 1485 4927 ejus
1501 4858 1627 4913 ilistoria
1641 4856 1677 4912 ab
1691 4857 1792 4926 aitquo
1803 4861 1848 4911 est

1020 4936 1201 5007 interpolata,
1217 4935 1295 4989 sicut
1306 4932 1369 5001 ejus
1382 4930 1544 4986 Chronlcon
1559 4928 1596 4983 ab
1609 4930 1790 4997 llieronymo,
1803 4923 1847 5008 vel

1018 5016 1093 5068 certe
1105 5007 1187 5063 falsis
1195 5003 1361 5061 rumoribus
1371 5002 1567 5070 deceptusest.
1579 5001 1609 5055 ln
1619 4998 1759 5079 Chronico
1769 5009 1846 5052 enlm

1018 5080 1157 5151 supponit
1171 5079 1200 5133 in
1214 5074 1406 5131 celebratione
1420 5073 1564 5128 tudornm
1577 5070 1761 5127 secularium
1775 5066 1848 5123 Phl-

1019 5153 1092 5224 lippi
1103 5149 1184 5220 plura
1195 5147 1386 5220 gentilitatem
1398 5143 1556 5200 redolentia
1569 5146 1679 5213 peracta
1688 5152 1760 5204 esse,
1771 5138 1847 5209 quod

1020 5222 1169 5281 manifeste
1183 5222 1322 5290 repugnat
1335 5214 1496 5272 narrationi
1510 5213 1576 5269 libri
1589 5213 1663 5270 sexti
1676 5210 1739 5280 elus
1752 5211 1847 5266 Ηιιιο·Ι

1020 5297 1080 5352 riae.
1103 5292 1200 5364 Quoad
1225 5289 1407 5346 vincentium
1433 5284 1621 5353 tirineosem,
1643 5282 1848 5339 cassiodorum

1021 5373 1050 5424 et
1071 5366 1157 5434 alios,
1181 5362 1231 5434 qui
1256 5359 1422 5428 Philippum
1446 5356 1645 5415 Christianum
1670 5355 1760 5438 luisse
1781 5365 1850 5424 per-

1019 5450 1136 5496 suasum
1165 5432 1299 5499 habuere,
1333 5429 1378 5485 llll
1407 5430 1436 5485 itt
1466 5437 1592 5484 errorent
1623 5431 1707 5482 tractt
1740 5428 1849 5481 sunta

1019 5508 1106 5566 Paulo
1122 5505 1243 5575 orosio,
1259 5503 1309 5574 qui
1329 5507 1357 5559 et
1379 5501 1440 5572 lpse
1461 5499 1597 5570 deceptus
1619 5501 1672 5568 est,
1696 5499 1729 5553 ut
1749 5494 1848 5552 statim

1020 5580 1150 5639 ostendo.

1054 5679 1123 5748 Eius
1135 5675 1220 5732 verba
1232 5673 1294 5732 loco
1304 5671 1421 5730 laudato
1434 5669 1493 5726 hec
1505 5672 1593 5725 sunt:
1607 5687 1620 5721 ι
1632 5664 1723 5723 Ludis
1735 5663 1850 5735 mayol-

1020 5747 1319 5821 Eclsaugustissimus
1327 5743 1456 5803 omniurn
1468 5740 1677 5811 praeteritorum
1688 5739 1735 5795 hic
1744 5734 1850 5793 natalis

138 5822 266 5893 abbatis,
280 5825 332 5897 qui
345 5839 420 5882 saecu
434 5834 567 5899 oquarto
578 5827 665 5884 etiam
679 5829 761 5897 vixit,
776 5828 807 5899 in
817 5840 850 5884 ea
860 5827 969 5900 quippe
1022 5823 1134 5896 (nempe
1148 5817 1232 5877 urbis
1246 5815 1350 5889 homa)
1360 5827 1456 5875 mnus
1467 5826 1485 5869 a
1497 5811 1665 5895 christiano
1680 5811 1851 5888 imperatore

138 5895 234 5967 capite
247 5896 341 5969 prlmo
352 5899 413 5956 ait:
427 5899 521 5958 «cnm
532 5898 616 5958 bncm
625 5901 783 5974 accepisset
794 5900 965 5974 persecutio,
998 5926 1001 5934 -
1020 5893 1235 5954 cclcbmtusssl.
1245 5885 1436 5951 Necdtthittnt
1444 5882 1751 5959 astqutuatttttqpss
1763 5878 1870 5939 msssx
