3892 6136
116 256 185 314 ⁴283

713 253 893 309 nhnsixsii
912 252 1181 309 nlntioiiihcnitn

1751 246 1819 306 tant

114 394 175 437 esse
185 377 385 435 celebrandum
406 375 454 431 die
469 374 619 431 Dominica
635 380 697 442 post
715 373 812 431 lunam
827 388 885 429 ιιι.
901 377 940 430 De
952 371 982 431 A
992 373 1087 430 editas
1100 374 1136 429 ab
1150 375 1302 444 episcopis,
1319 374 1412 444 primo
1425 373 1525 430 laudat
1545 372 1650 430 Palmae
1665 373 1751 429 Ponti
1766 384 1820 427 an·

116 465 172 521 qno
185 450 288 505 ordine
302 449 361 503 haec
377 445 518 502 Eusebius
533 446 552 500 l.
567 460 592 507 r,
608 460 632 499 c.
644 443 699 498 Et:
719 466 731 496 ι
746 448 779 501 lit
790 446 891 516 synodi
903 445 939 501 ob

116 523 155 588 id,
171 528 319 590 coetnsqne
333 518 532 588 episcoporum
551 529 715 571 conuenere.
730 517 822 587 Atque
841 530 938 572 ornnes

121 606 178 648 nno
189 604 327 646 csnsensu
340 589 561 645 ecclesiasticam
576 586 701 657 regulam
715 588 858 642 uniuersis
875 587 939 642 iide-

121 663 200 719 libns
211 676 260 733 per
271 660 597 732 epistolastradidernut
619 658 798 713 nevidelicet
810 658 869 713 ullo
880 659 938 713 alio

120 749 206 804 quam
230 732 406 788 hominidie
436 729 599 798 mysterium
629 729 856 784 Resurrectinnis
880 730 939 784 Do-

120 807 190 860 mini
219 816 346 873 nnquam
368 800 545 856 celebretur:
571 805 657 869 utque
681 813 714 855 eo
732 800 871 855 duntaxat
890 800 938 853 die

120 875 301 930 Paschalium
325 873 501 942 jejuniorum
527 871 682 926 terminum
702 870 891 926 observemus,
923 889 935 918 a

117 948 156 1002 De
169 945 290 1016 epistola
305 957 370 998 vero
384 943 499 998 emissis
518 955 550 995 ea
572 941 721 996 occasione
741 942 780 995 ita
796 941 937 996 Eusebius

121 1032 176 1074 rem
199 1014 384 1086 prosequitur
398 1025 549 1068 enarrare:
569 1032 581 1062 ι
598 1014 696 1067 Exstat
711 1013 867 1068 etiamnum
880 1012 936 1080 epi·

119 1089 192 1144 stola
207 1088 398 1146 sacerdotum,
414 1083 463 1153 qni
478 1091 547 1138 tunc
558 1084 588 1137 in
609 1083 759 1138 Palaestina
772 1082 936 1153 congregati

118 1166 206 1214 sunt:
235 1156 342 1226 quihus
373 1153 562 1224 praesidebant
595 1155 773 1222 Theophilus
805 1156 938 1208 Caesarem

118 1224 936 1294 PalaestinasqetNarcissusllierosolyrnornmepiscopus.

118 1300 181 1354 Alia
199 1300 265 1353 item
277 1303 370 1351 exstat
384 1295 506 1364 epistola
530 1296 632 1363 synodi
658 1296 798 1350 Romanae.
821 1297 868 1351 cui
885 1294 938 1349 Vi-

119 1371 210 1426 ctoris
223 1367 351 1438 episcopi
370 1380 471 1421 nomen
486 1366 630 1433 praeilxnm
646 1373 698 1422 est.
713 1366 858 1421 hahentur
870 1380 939 1434 praer

119 1448 196 1497 terea
211 1439 314 1494 litterae
341 1437 541 1506 episcoporum
572 1438 669 1505 Ponti,
695 1437 802 1506 quibus
830 1438 939 1493 Palmas

120 1506 582 1581 utpoteantiquissimnspraeluit.
592 1507 836 1578 Epistolaqunque
849 1507 940 1562 Eccle-

120 1581 443 1643 siaranalliaeexstat,
455 1578 562 1648 quibus
571 1586 687 1647 praeerat
701 1581 832 1648 lrenaens.
848 1580 941 1634 Eccle·

994 445 1114 500 tistitem
1137 448 1359 514 antiquissimum
1377 448 1539 514 episcopum,
1556 451 1660 569 utpote
1673 449 1776 511 aptum
1787 442 1819 497 ad

994 516 1490 586 prioristemporisconsuetudinem
1505 516 1581 571 mani
1597 513 1819 570 testandamse-

992 588 1087 641 cundo
1107 589 1175 656 quia
1200 586 1325 643 reterens
1348 587 1498 656 Theophili
1513 586 1598 642 verba
1624 588 1653 640 in
1671 585 1820 655 synodica,

992 658 1191 712 adnotaritilla
1216 658 1311 721 rerba,
1338 657 1387 712 uhi
1416 657 1605 726 Theophilus.
1629 664 1660 711 et
1675 657 1818 725 propriam

992 728 1128 783 canitiem
1143 730 1330 793 commendat,
1344 735 1371 783 et
1396 728 1448 784 din
1471 729 1611 811 agitatam
1624 727 1819 793 disceptatio-

994 811 1067 866 nem,
1079 813 1163 867 quam
1178 806 1269 855 tamen
1286 799 1408 854 solutam
1422 799 1534 855 abalris
1546 796 1818 868 episcopissoribit,

990 869 1072 937 juxta
1087 877 1229 940 receptum
1240 884 1323 925 nsum
1334 870 1497 926 celebrandi
1508 870 1617 925 Pascha
1630 872 1660 924 ιιι
1672 868 1819 923 Dominica

992 948 1128 1008 sequente
1158 943 1325 996 lunamxrv.
1352 942 1457 1007 Epo...
1484 944 1609 1010 quinque
1635 945 1661 994 ei
1677 941 1819 1007 sexaginte

991 1026 1079 1064 anuos
1093 1018 1175 1065 rtotas
1198 1014 1228 1065 in
1245 1014 1363 1077 Domino,
1390 1015 1439 1080 qui
1450 1028 1510 1066 cnm
1532 1012 1678 1078 frutribus
1692 1017 1749 1064 toto
1763 1009 1819 1063 orbe

991 1080 1122 1150 dispersis
1141 1098 1262 1137 sermono
1280 1098 1349 1151 sape
1368 1083 1477 1136 contuli.
1508 1084 1572 1138 llaec
1595 1083 1699 1152 itaque
1729 1081 1819 1136 innuit

991 1151 1258 1209 LiberPoutidcalis
1273 1153 1433 1208 inseranda
1449 1154 1587 1210 memoria
1598 1152 1820 1208 constitutionis

992 1221 1228 1290 editaeaVictore,
1243 1226 1320 1279 sicut
1334 1223 1820 1290 praedecessoresdeterminaverant

992 1293 1080 1360 diem,
1097 1302 1124 1350 et
1149 1309 1212 1349 cum
1237 1294 1420 1349 latinizantes
1434 1295 1583 1350 decretum
1601 1294 1820 1363 proscinderent

994 1364 1081 1421 veluti
1094 1368 1271 1421 contrarium
1290 1367 1358 1421 usui
1370 1366 1539 1434 apostolico.
1559 1365 1662 1419 Victor
1672 1364 1819 1434 episcopos

993 1435 1161 1492 Palaestinos
1173 1437 1339 1505 admonens,
1351 1443 1379 1490 et
1392 1449 1441 1505 per
1458 1437 1509 1492 hos
1524 1435 1660 1505 reliquos
1674 1435 1758 1490 orbis
1771 1448 1821 1489 an-

994 1505 1112 1570 tistites,
1127 1521 1191 1563 cum
1205 1506 1352 1574 probatum
1364 1521 1447 1562 usum
1470 1507 1599 1567 haberet,
1620 1513 1650 1562 et
1661 1505 1819 1575 quidemad

993 1581 1233 1647 interrogationem
1257 1581 1395 1642 carcerato,
1421 1578 1574 1632 sen-electo
1592 1577 1756 1645 Pomponio,
1778 1576 1821 1631 cui

120 1654 229 1708 siarum
250 1663 364 1721 qnoque
380 1651 409 1704 in
431 1649 583 1704 Osdroenae
604 1651 760 1717 provincia,
785 1657 813 1705 et
836 1651 863 1704 iu
889 1664 940 1705 ur·
993 1666 1053 1710 earn
1067 1648 1666 1713 illustrandamtraditionemcommiserat,
1680 1647 1820 1702 decretum

121 1723 209 1779 bibus
222 1722 349 1791 regionis
366 1720 448 1775 illius
466 1720 689 1776 constitutarum
713 1720 816 1775 litterae
837 1722 941 1776 visun·
955 1722 981 1782 B
993 1719 1649 1789 edidit.editumquelndaizantiumaudaciam
1658 1718 1821 1786 retardarit,

122 1801 179 1851 tur.
198 1794 269 1847 »lle
282 1805 365 1861 porro
381 1789 509 1859 epistolae
525 1791 553 1845 in
582 1804 670 1847 uuum
687 1792 813 1847 codicem
834 1792 939 1855 relate,
994 1797 1062 1852 dum
1077 1797 1141 1862 post
1155 1791 1296 1846 Victorem
1309 1790 1343 1844 ad
1357 1789 1466 1844 Nicaeni
1487 1790 1609 1845 concilii
1623 1796 1758 1858 tempora
1772 1789 1822 1858 epi·

122 1865 173 1992 {ui
190 1860 757 1932 indeencyclicnsuocabatur,exstabunt
767 1864 942 1917 etiamatate
994 1865 1084 1933 scopi,
1099 1868 1125 1918 et
1134 1860 1260 1916 Ecclesia
1270 1861 1520 1916 nsumcustodiuit
1533 1860 1709 1916 celebrandi
1722 1861 1820 1914 Pascha

147 1934 251 2002 nsehii,
274 1933 323 2004 qui
352 1946 450 1988 earum
482 1932 608 1986 ordinem
638 1934 761 1988 breviter
788 1935 939 2000 expressit.
995 1933 1266 1993 dehominicodie.

121 2008 205 2063 lilius
227 2012 289 2060 erat
311 2004 482 2073 epistolicus
506 2004 594 2058 codex
618 2004 745 2072 ejusdem
767 2005 941 2074 argumenti,
1032 2009 1068 2060 lic
1091 2004 1192 2058 arculo
1215 2002 1333 2068 Pascha,
1356 2016 1406 2058 seu
1429 2002 1553 2058 termino
1577 2003 1671 2057 etiam
1697 2002 1823 2070 jejunio-

143 2092 205 2133 uem
223 2077 263 2130 ibi
280 2076 379 2130 laudat
396 2075 440 2128 his
452 2073 548 2129 verbis
559 2074 721 2130 :useorsim
733 2088 798 2130 vero
809 2075 940 2144 Bacchyli
998 2090 1070 2133 rum.
1098 2075 1252 2144 Utramque
1277 2073 1513 2142 disceptationem
1529 2072 1586 2128 snb
1603 2074 1724 2128 Victore
1744 2072 1820 2126 alu-

120 2094 334 2204 gorinthiornm
345 2145 473 2214 episcopi
490 2145 671 2215 aliorumque
684 2145 944 2213 compluriumepi·
996 2145 1179 2202 daimntibns
1194 2145 1344 2199 excitatam
1359 2145 1473 2200 dixerat
1494 2145 1641 2200 Eusebius
1655 2143 1677 2200 l.
1691 2157 1719 2210 r,
1733 2157 1758 2198 c.
1774 2140 1820 2197 23:

122 2220 203 2274 stolae
217 2223 341 2273 exstant.
357 2235 370 2265 n
389 2219 426 2271 De
443 2217 572 2270 unanimi
586 2229 726 2271 consensu
750 2217 808 2271 haec
826 2218 940 2286 pandit:
998 2218 1128 2274 «lisdem
1157 2215 1334 2284 temporibus
1360 2217 1438 2286 graui
1455 2216 1656 2270 controversia
1671 2221 1781 2278 exorta,
1795 2226 1822 2268 eo

124 2291 207 2358 «Qui
225 2301 323 2343 ornnes
338 2287 464 2341 eamdem
477 2286 569 2346 naen,
586 2288 770 2357 eamdemque
780 2287 941 2342 doctrinam
997 2290 1071 2360 qnod
1094 2300 1192 2342 omnes
1217 2299 1265 2354 per
1278 2286 1373 2341 asiam
1401 2286 1533 2341 Ecclesia
1559 2291 1678 2341 vetusta
1705 2286 1821 2354 quadan

123 2360 300 2430 proterentes
313 2371 397 2413 utram
413 2357 527 2412 edidere
542 2358 722 2412 seutentiam.
739 2378 751 2407 n
770 2358 855 2414 Liber
875 2360 943 2413 Pon·
996 2359 1154 2415 traditione
1173 2358 1255 2422 nixae,
1273 2363 1375 2427 quarta
1393 2358 1504 2413 decima
1518 2356 1589 2412 luna
1612 2357 1760 2411 salutaris
1775 2357 1822 2409 Pa-

123 2431 241 2486 tilicalis
257 2431 286 2484 in
308 2429 360 2482 hac
374 2428 523 2483 additione
540 2429 743 2498 correspondet
755 2442 821 2484 cum
840 2429 942 2484 ordine
997 2432 1071 2486 schae
1085 2428 1188 2483 lestum
1207 2427 1281 2482 diem
1295 2427 1494 2483 celebrandurn
1511 2441 1576 2483 esse
1586 2427 1758 2493 censebant,
1771 2439 1821 2496 quo

123 2503 233 2558 codicis
247 2499 355 2554 laudati
368 2497 517 2568 encyclici,
534 2498 581 2554 ubi
602 2500 943 2568 prrumittitnr'shenphi-
996 2503 1043 2558 die
1060 2500 1258 2570 prescriptum
1282 2504 1344 2553 erat
1368 2499 1485 2567 induis,
1511 2505 1541 2553 ut
1554 2513 1667 2570 agnum
1693 2498 1821 2553 immola-

128 2574 172 2628 lus
186 2579 214 2627 et
226 2572 349 2625 lictoris
359 2570 495 2639 synodica
507 2570 706 2639 subsequitur,
718 2578 749 2623 ut
761 2571 807 2624 hic
821 2570 938 2640 legitur·
997 2579 1074 2628 rent:
1093 2582 1182 2641 eaque
1197 2569 1315 2624 omniuo
1343 2568 1409 2624 luna
1436 2571 1464 2624 in
1488 2583 1699 2640 quamcunque
1712 2570 1820 2624 demum

125 2649 151 2698 et
166 2646 292 2696 accersito
305 2642 365 2708 (per
380 2640 529 2707 epistelam
543 2643 651 2708 norrrpel
666 2641 809 2707 Theophila
820 2644 940 2708 episcopo
995 2643 1071 2698 diem
1087 2642 1253 2709 septimanae
1270 2640 1431 2708 incidisset,
1446 2640 1528 2695 linem
1541 2641 1670 2709 jejuniis
1684 2640 1822 2709 imponeu·

125 2711 598 2777 Alexandr-iaderaendumomnino
610 2713 741 2764 casareae
763 2718 793 2765 ut
804 2711 942 2766 Eusebius
994 2715 1063 2769 dum
1090 2725 1151 2767 esse
1177 2710 1355 2766 statuebant:
1374 2725 1439 2766 curu
1464 2718 1556 2766 tamen
1584 2712 1709 2781 reliquae
1736 2712 1819 2767 totins

125 2780 302 2852 scripserat),
317 2783 392 2847 fractu
408 2780 818 2849 corrpraputioue(epistolarum
830 2782 944 2851 synodi·
996 2784 1076 2839 orbis
1089 2783 1221 2837 Ecclesiae
1236 2782 1294 2835 alio
1311 2795 1387 2836 more
1401 2787 1559 2849 uterentur,
1575 2784 1628 2852 qni
1646 2796 1682 2837 ex
1705 2789 1820 2852 aposto·

125 2867 223 2910 carum
247 2863 355 2919 nempe,
384 2865 456 2919 quas
475 2851 507 2905 ad
544 2851 794 2920 interrogationem
819 2852 942 2907 victoris
997 2854 1090 2910 lorum
1116 2852 1269 2908 traditione
1286 2851 1429 2920 proiectus
1453 2852 1610 2908 etiamnum
1634 2861 1776 2919 servatur,
1792 2856 1819 2906 ut

126 2922 290 2991 emiserant)
305 2927 334 2975 ot
350 2939 366 2973 u
377 2922 581 2989 quartodecimo
600 2923 676 2980 lurica.
699 2928 752 2976 etc.
778 2923 833 2978 llas
858 2936 943 2991 porro
998 2926 1107 2980 scilicet
1122 2924 1244 2979 nonalio
1255 2936 1339 2992 quam
1356 2924 1594 2979 ressurrectionis
1606 2924 1820 2979 Dominicaedic

125 2995 263 3065 epistolas
277 2992 435 3061 encyclicas
449 2990 549 3059 luisse,
561 2993 819 3049 etdennntiativas.
836 2994 943 3064 quibus
995 2997 1033 3065 jej
1048 2996 1106 3050 mia
1120 2995 1192 3049 solvi
1220 2993 1313 3047 liceat.
1328 3012 1340 3042 n
1362 2994 1441 3048 Finis
1461 2995 1644 3063 jejuniorum
1661 3002 1723 3050 erat
1737 2996 1820 3049 altera

126 3080 160 3122 eo
174 3079 232 3121 aevo
247 3064 375 3133 episcopi
387 3064 560 3132 emergentia
572 3059 646 3121 lidei.
657 3071 707 3118 aut
719 3064 883 3133 discipliuae
893 3064 945 3119 du·
978 3101 982 3115 ·
998 3064 1216 3132 disceptationis
1229 3078 1303 3132 pars.
1316 3065 1390 3133 quod
1404 3063 1513 3120 clarius
1527 3067 1679 3134 expressit
1700 3069 1820 3121 lrenaens

127 3134 369 3192 biadeclarabaut
387 3135 468 3202 juxta
488 3134 671 3189 traditionem
697 3135 868 3204 inpropriis
892 3137 946 3189 Ec·
1000 3138 1028 3192 in
1054 3136 1173 3206 epistola
1197 3134 1303 3189 lictori
1318 3136 1394 3194 data,
1421 3137 1495 3204 apud
1523 3135 1633 3191 Euseb.
1656 3137 1676 3190 l.
1690 3152 1717 3204 r,
1740 3134 1819 3195 cil,

126 3208 225 3263 clesiis
263 3212 412 3261 serratam.
448 3205 686 3275 custodimmqne.
722 3214 749 3259 et
784 3206 834 3261 has
870 3207 946 3260 rici·
999 3222 1062 3279 pag.
1082 3204 1141 3269 lai,
1158 3206 1226 3261 dnm
1242 3204 1508 3269 scribitzuNeqne
1521 3207 1600 3261 enim
1614 3208 1653 3262 de
1667 3208 1716 3263 die
1733 3207 1820 3263 solum

128 3277 261 3334 nioribns
276 3276 334 3331 diri
348 3274 450 3343 ebant,
475 3281 502 3329 et
517 3275 538 3329 ii
562 3275 698 3330 similiter
721 3276 789 3338 aliis
811 3291 859 3346 per
881 3292 946 3332 om·
998 3279 1193 3335 controversia
1214 3281 1266 3343 est,
1291 3277 1339 3331 sed
1361 3277 1446 3331 etiarn
1461 3278 1496 3331 de
1511 3275 1605 3332 torma
1629 3278 1695 3347 ipsa
1707 3278 1818 3347 jejunii.

128 3362 177 3404 nes
192 3348 271 3403 orbis
288 3292 427 3401 aeclesias
440 3353 536 3414 aperte
550 3347 630 3400 docet
645 3348 946 3414 synodicatatnstino·
998 3349 1117 3418 Quidam
1130 3348 1206 3402 enim
1228 3348 1395 3402 existimant
1418 3349 1503 3403 unico
1529 3346 1577 3402 die
1591 3348 1652 3403 sibi
1675 3363 1739 3404 esse
1748 3349 1820 3418 jeju·

129 3416 421 3485 rumsuhi'heophiln
435 3429 497 3485 qum
507 3418 545 3470 ita
558 3416 836 3487 legentesadmonet:
851 3440 863 3470 a
876 3420 945 3473 Date
999 3419 1136 3485 nandum,
1148 3418 1198 3472 alii
1211 3418 1336 3483 duobus,
1351 3417 1403 3472 alii
1416 3418 1568 3486 pluribus:
1585 3420 1727 3475 nonnulli
1740 3420 1819 3474 etiam

127 3503 252 3558 operam,
264 3488 430 3556 utepistohe
442 3488 725 3555 nostraeexemplaria
736 3493 944 3555 peromnesEc·
999 3490 1190 3561 quadraginta
1214 3489 1294 3543 horis
1308 3488 1458 3544 diuturnis
1478 3502 1511 3543 ac
1533 3491 1693 3547 nocturnis
1705 3504 1821 3560 compn-

128 3557 651 3627 clesiasmittantnr,uenobiscrimen
667 3559 944 3629 imputentqniani·
998 3561 1066 3616 tatis
1089 3561 1165 3615 diem
1184 3573 1270 3615 suum
1290 3559 1456 3614 metiuntur.
1474 3563 1567 3630 Atque
1592 3561 1658 3617 haec
1681 3565 1713 3617 in
1735 3561 1821 3616 ohser-

129 3646 189 3687 mas
213 3643 306 3686 suasa
324 3636 398 3684 recto
412 3628 540 3683 veritatis
556 3631 670 3683 tramite
689 3628 772 3683 iacilr
786 3632 941 3687 abducunt.

128 3702 200 3758 lllnd
213 3703 299 3756 etiam
310 3700 390 3754 robis
400 3700 608 3769 significamus,
620 3701 717 3754 eodem
731 3715 787 3769 qno
801 3703 876 3770 apud
895 3717 945 3758 nos

128 3774 175 3827 die
192 3773 297 3828 Pascha
311 3770 490 3824 Alexandria
514 3770 665 3824 celebrari.
682 3774 703 3824 h
720 3772 803 3826 nobis
818 3775 894 3828 enim
910 3775 944 3828 ad

130 3842 350 3904 illos,ricissim
371 3840 483 3894 abillis
505 3841 538 3895 ad
563 3855 614 3895 nos
636 3840 738 3895 litterae
764 3842 946 3910 perferuntur

131 3912 170 3968 ita
186 3918 217 3966 ut
237 3925 294 3966 uno
308 3922 458 3970 consensu,
485 3917 513 3964 et
535 3911 622 3966 simul
646 3921 856 3968 sacrosanctum
879 3929 946 3984 per-

129 3981 566 4052 agamusdiem.»Corttrorersia
577 3995 641 4036 vero
652 3983 870 4051 specialissima,
883 4001 946 4054 tyna

131 4059 199 4107 tunc
220 4053 328 4106 exarsit
354 4052 476 4106 Victoris
502 4052 667 4120 pontificatu
694 4067 741 4120 per
765 4056 945 4111 iudaizautes

130 4123 253 4177 excitata
270 4122 298 4175 in
314 4135 347 4175 eo
363 4121 537 4191 versabatur,
555 4126 629 4193 qnod
642 4125 691 4193 qni
706 4138 769 4178 cum
781 4126 945 4180 Christiana

131 4191 271 4262 religione
282 4191 415 4258 legalium
427 4192 849 4263 observantiascony'ungendas,
859 4197 901 4250 uti
910 4196 943 4252 ad

130 4263 252 4320 salutem
268 4264 452 4318 necessarias.
466 4263 706 4332 dogmatizabant,
720 4267 863 4320 decretum
877 4281 947 4336 pro-

131 4333 304 4401 scinderent,
320 4332 408 4386 veluti
425 4332 550 4386 alienum
570 4334 606 4388 ab
623 4349 676 4389 usn
693 4337 895 4400 aeclesiarum.
919 4346 946 4393 et

999 3633 1090 3686 vando
1116 3631 1227 3700 jejunio
1247 3631 1370 3685 varietas
1385 3643 1442 3685 non
1468 3637 1567 3685 nostra
1591 3633 1724 3700 primum
1747 3638 1821 3688 utam

999 3709 1066 3758 nota
1091 3709 1144 3767 est,
1174 3702 1220 3756 sed
1247 3701 1329 3772 longe
1354 3702 1428 3769 apud
1450 3704 1573 3770 majores
1587 3710 1710 3759 nostros
1730 3703 1819 3771 cupit,

999 3774 1049 3843 qni
1068 3772 1297 3843 negligentiores,
1310 3777 1341 3826 ut
1355 3771 1494 3826 credibile
1508 3779 1561 3844 est,
1586 3775 1779 3842 praesidentes
1791 3787 1821 3828 cx

999 3843 1196 3912 simplicitate,
1205 3849 1234 3898 et
1250 3842 1394 3911 imperitia
1408 3849 1498 3897 ortam
1513 3846 1766 3901 consuetudinem
1779 3858 1821 3914 po·

999 3915 1085 3970 steris
1122 3915 1311 3968 tradiderunt.
1337 3930 1349 3961 n
1376 3911 1529 3982 Utramque
1555 3917 1822 3972 controversiana

999 3986 1112 4040 Victore
1136 3984 1313 4039 terminatam
1326 3984 1415 4039 edicit
1438 3992 1540 4039 auctor
1564 3985 1663 4041 libelli
1681 3987 1820 4057 synodici,

1000 4056 1051 4125 qni
1064 4056 1100 4110 de
1111 4057 1236 4110 Romana
1250 4056 1357 4124 synodo
1370 4055 1424 4110 sub
1444 4057 1569 4122 Victore,
1592 4058 1673 4113 etde
1686 4058 1822 4114 deterun-

1000 4126 1184 4181 nationediei
1205 4139 1269 4180 cum
1290 4126 1433 4181 decretum
1446 4133 1602 4196 narrasset,
1621 4127 1727 4184 subdit
1749 4130 1821 4199 (tom.

1000 4197 1133 4253 VConeil
1151 4210 1183 4265 pa
1207 4237 1213 4249 .
1231 4192 1324 4266 liudp:
1341 4199 1463 4263 «Neque
1480 4198 1532 4251 hoc
1552 4196 1662 4269 solum,
1675 4200 1726 4255 sed
1742 4201 1821 4256 etiam

999 4282 1042 4336 ea,
1059 4281 1122 4338 quae
1132 4268 1165 4322 ad
1186 4212 1240 4321 {oc
1256 4265 1358 4322 lestum
1377 4267 1555 4336 pertinebant
1581 4272 1786 4340 prosequitur,
1798 4279 1823 4324 et

999 4352 1064 4393 cnm
1080 4340 1141 4407 ipso
1156 4338 1257 4407 synodi
1274 4340 1303 4392 in
1317 4338 1450 4407 plurimis
1462 4339 1631 4406 prouinciis,
1645 4349 1675 4396 et
1695 4341 1822 4411 partibus

131 4405 324 4476 apostolorum
339 4404 503 4458 traditione.
521 4405 559 4458 hd
576 4404 677 4459 lrnrnm
698 4406 888 4462 retundendas
903 4423 946 4463 ca·
1000 4417 1083 4464 terrae
1095 4409 1274 4479 congregatis
1287 4410 1360 4464 idem
1372 4409 1547 4464 unanimiter
1556 4413 1704 4468 sentiunt.
1718 4433 1731 4461 a
1743 4415 1821 4468 Porro

131 4475 257 4532 lumnias
272 4475 379 4543 Victor,
393 4482 420 4530 et
431 4473 537 4542 reliqui
552 4474 687 4530 catholici
707 4476 833 4546 episcopi
851 4493 880 4533 ιιι
895 4494 944 4548 sy·
959 4468 985 4528 D
1000 4479 1084 4534 rerba
1101 4479 1167 4534 illa:
1182 4495 1242 4547 qnae
1258 4480 1294 4532 od
1309 4480 1356 4533 hoc
1367 4482 1469 4546 festum
1478 4482 1672 4548 pertinebant,
1688 4484 1822 4554 prosequi·

133 4546 215 4602 nodis
229 4546 453 4614 provincialibus
463 4553 607 4613 coeuntes,
620 4549 855 4603 consuetudinem
868 4553 945 4605 cele·

131 4617 272 4673 brationis
285 4617 440 4687 expositam
458 4616 486 4669 in
505 4617 652 4686 synodicis
667 4619 820 4673 tradidere.
839 4623 868 4675 ln
891 4623 945 4675 Pa-

133 4689 243 4744 laestina
257 4701 373 4743 examen
385 4688 477 4757 primo
493 4688 657 4743 institutum
672 4690 740 4743 dnm
763 4690 803 4744 ihi
827 4698 945 4760 aposto-

132 4758 196 4814 licae
211 4760 412 4814 isutitntiones
434 4759 565 4814 Ecclesiae
588 4763 726 4830 rigerent,
757 4768 945 4833 testatumque

133 4829 258 4885 lacerent
280 4829 315 4883 ab
336 4829 472 4897 apostolis
495 4829 633 4894 habitam,
656 4838 853 4902 receptamque
873 4848 946 4888 con-

132 4900 326 4957 suetudinem.
364 4901 416 4954 nod
439 4907 610 4969 praestarunt
624 4902 653 4956 in
670 4901 783 4957 laudata
798 4904 943 4973 synodica.

133 4971 330 5027 velitationem
342 4914 438 5051 (inisse
449 4971 658 5040 detruditione,
672 4979 701 5026 et
714 4988 766 5028 usn
787 4975 946 5042 apostolico

133 5048 243 5098 serrato
257 5042 292 5095 ad
306 5041 431 5096 Victoris
445 5047 571 5110 tempora
586 5042 662 5098 clare
679 5044 776 5098 innuit
794 5045 944 5102 Eusebius.

133 5114 259 5182 quicum
277 5113 423 5166 retulisset
442 5112 581 5180 synodum
606 5114 660 5169 sub
674 5114 831 5183 'Theophilo
852 5118 947 5171 Casa-

135 5183 224 5238 riensi
251 5182 417 5244 Palaestinae,
437 5190 465 5237 et
480 5184 605 5237 Narcissi
622 5186 883 5254 hierosolymitani,
895 5187 944 5257 qui

134 5259 202 5310 tuuc
213 5253 381 5309 Caesariensi
396 5253 604 5322 hietropolitico
622 5256 687 5324 jure
703 5255 888 5324 subdebatur,
907 5266 945 5312 ιιι

135 5332 317 5380 retractatum
345 5326 547 5380 controversiae
569 5334 767 5395 argumentum
794 5329 944 5396 proponit:

136 5414 149 5446 a
164 5397 313 5465 Postquam
325 5396 359 5450 de
374 5396 597 5450 traditionediel
612 5397 756 5452 Paschalis
763 5398 820 5466 jam
835 5400 900 5454 inde
911 5398 945 5453 ab

134 5467 272 5532 apostolis
287 5468 320 5522 ad
335 5468 412 5536 ipsos
431 5470 567 5521 continua
581 5469 761 5523 successione
774 5480 943 5538 tenuaverat,

136 5533 224 5588 multa
238 5537 266 5591 in
281 5540 344 5592 suis
360 5539 464 5593 litteris
476 5538 684 5608 disseruerunt,
696 5541 807 5595 tandem
818 5542 852 5595 ad
866 5540 948 5596 linem

135 5603 263 5671 epistole
279 5608 324 5660 his
338 5608 577 5664 utunturrerbis:
596 5609 664 5663 Dante
678 5625 801 5678 operam,
825 5629 838 5660 ι
860 5618 888 5666 et
901 5624 949 5666 re-

136 5673 217 5742 liqna
232 5687 319 5753 supra
332 5676 454 5735 laudata.
466 5680 547 5747 Quod
558 5679 708 5750 colligatur
719 5680 805 5735 etiam
814 5695 845 5736 ex
858 5681 948 5738 altera

134 5741 632 5820 Eusehrauanmnadverstone,dnm
641 5752 948 5821 recensenssynodicas

1000 4557 1053 4616 tur,
1082 4551 1154 4605 satis
1178 4550 1306 4605 indicant
1327 4551 1413 4604 etiarn
1437 4551 1588 4619 dey'ey'unii
1615 4554 1753 4612 soluendi
1768 4556 1821 4626 tege

999 4622 1038 4677 ali
1062 4620 1110 4676 uid
1122 4635 1136 4676 a
1149 4621 1406 4677 Victorestatutum
1416 4622 1647 4690 esseley'nnium
1659 4626 1779 4695 quidem
1791 4625 1820 4680 ad

998 4693 1151 4747 Sebatum
1177 4698 1243 4746 ante
1270 4693 1445 4746 Dominicam
1474 4694 1705 4760 protrahendum
1732 4698 1822 4752 sanxit

999 4763 1105 4831 Victor,
1119 4763 1272 4832 etquidem
1290 4762 1423 4832 usqueab
1443 4763 1557 4818 Sahhati
1574 4767 1704 4822 mediam
1716 4775 1821 4824 noctem

1000 4835 1268 4903 relinquenstamen
1279 4835 1607 4890 varinsconsuetndines
1621 4840 1767 4909 gentium,
1775 4837 1819 4909 qui

1002 4905 1086 4975 paulo
1102 4910 1168 4959 ante
1192 4904 1334 4972 jejunium
1351 4905 1599 4975 quadragesimale
1627 4909 1759 4965 solvunt
1775 4911 1821 4964 se·

1000 4976 1099 5045 quenti
1109 4976 1184 5030 enim
1197 4975 1301 5030 saeculo
1313 4976 1397 5029 tertio
1408 4975 1563 5045 Dionysius
1572 4975 1657 5033 Alex.
1671 4981 1821 5050 episeopus

1001 5047 1030 5101 in
1041 5059 1093 5102 sna
1108 5046 1229 5114 epistola
1243 5046 1384 5100 canonica
1399 5046 1474 5115 apud
1494 5047 1590 5101 bever.
1614 5054 1686 5105 torn.
1705 5054 1740 5117 ll,
1754 5056 1820 5120 part.

1002 5131 1021 5188 r,
1041 5116 1077 5171 ab
1089 5117 1214 5171 Ecclesia
1233 5115 1374 5171 Orientali
1389 5123 1533 5186 suscepta.
1549 5124 1576 5173 et
1600 5118 1633 5174 in
1654 5135 1710 5177 sno
1730 5123 1821 5178 codice

1000 5201 1141 5243 canonum
1156 5187 1281 5257 primum
1294 5186 1404 5242 obtinet
1413 5187 1603 5257 epistolarum
1616 5194 1819 5248 canonicarum

1001 5258 1105 5327 locutu,
1114 5265 1141 5313 el
1151 5259 1186 5312 de
1195 5258 1319 5312 liomana
1332 5259 1541 5314 consuetudine
1552 5259 1671 5317 laudata
1682 5262 1819 5334 loquitur,

999 5330 1071 5385 etde
1085 5329 1219 5384 varietate
1231 5328 1408 5398 reliquarum
1426 5330 1633 5385 Ecclesiarum.
1647 5353 1661 5381 ι
1673 5332 1817 5389 ilisistiad

1001 5414 1044 5455 me
1048 5440 1100 5453 .....
1115 5401 1304 5469 interrogans,
1321 5413 1378 5470 qua
1394 5402 1462 5454 hora
1482 5402 1542 5456 diei
1554 5402 1671 5458 Paschae
1679 5406 1817 5473 yey'uniun

999 5471 1165 5527 solrendum
1185 5478 1238 5525 est.
1255 5471 1333 5525 Dicis
1354 5470 1430 5525 enim
1446 5471 1560 5541 aliquos
1584 5471 1692 5529 iratres
1717 5476 1816 5537 dicere,

999 5543 1073 5612 quod
1090 5548 1217 5612 oporteat
1233 5541 1285 5595 hoc
1300 5542 1328 5595 ιιι
1344 5540 1413 5612 galli
1437 5549 1522 5597 cantu
1538 5540 1651 5611 lacere3
1668 5545 1746 5602 aiios
1759 5558 1818 5600 reto

998 5612 1072 5682 quod
1101 5612 1153 5668 hoc
1173 5613 1212 5666 sit.
1235 5611 1397 5667 iaciendum
1422 5625 1547 5681 vespere.
1557 5613 1615 5684 Qui
1633 5617 1715 5673 euim
1731 5617 1817 5672 Eume

998 5689 1067 5738 suut
1082 5682 1194 5750 iratres,
1212 5690 1242 5737 ut
1255 5684 1347 5750 aiunt,
1360 5681 1468 5753 gallum
1484 5686 1764 5753 mspeeuutueits
1774 5700 1815 5742 an·

997 5760 1064 5823 tem,
1078 5753 1129 5822 qui
1145 5753 1193 5809 hio
1203 5762 1281 5824 sunt,
1296 5753 1401 5810 dixisti
1419 5753 1496 5824 quod
1510 5754 1615 5815 cinus.
1629 5772 1648 5809 a
1664 5756 1816 5829 Dionysius
