3892 6136
195 305 268 363 ties

808 301 988 356 hunslastt
1017 297 1287 354 ututtdtttuchtttt

1845 293 1902 352 titt

232 429 355 484 baronio
369 427 526 482 assentitur
553 426 652 480 Bittius
668 425 696 478 in
715 422 791 478 notis
810 423 842 476 ad
867 387 1060 476 secundam⁰A
1078 419 1246 487 pontillcem.
1265 419 1294 473 in
1308 432 1364 488 qua
1376 418 1481 474 diserte
1496 416 1644 473 scribunt:
1662 438 1675 466 o
1690 416 1809 471 Placuit
1819 415 1903 477 etiam,

196 500 345 570 epistolam
355 500 492 566 lliottqsio
501 497 668 553 attributam
678 514 685 548 :
697 495 780 562 ‹tujns
791 493 873 547 verba
882 493 944 546 vide
957 504 1024 559 qvan-

196 572 224 626 lo
240 577 305 626 ante
326 570 464 626 recensita
485 569 514 623 in
543 568 619 623 notis
634 567 708 621 Bittii
731 573 758 620 et
771 564 873 619 labbei
889 562 922 616 ad
947 562 1023 616 hunc

199 656 360 697 numerum.

234 731 319 785 Linea
338 727 413 784 5.-
435 728 580 781 Parecbios
604 727 727 780 dioceses
749 725 877 777 instituit.
898 721 1024 789 Gangius

199 801 229 855 in
244 802 392 857 Glossario
419 798 668 861 mediolanum,
689 795 764 850 verb.
792 796 923 855 inuersis,
947 792 1024 846 hunc

197 872 341 926 Anastasii
367 879 476 925 textum
504 871 665 938 producens
691 868 760 937 legit
779 874 804 919 et
829 864 982 934 parochias,
1000 867 1024 914 et

197 942 320 997 dioeceses
335 944 464 995 instituit.

231 1029 312 1097 Quod
335 1036 485 1099 autequam
500 1028 648 1097 expediam
664 1024 839 1081 observanda
854 1030 896 1078 est
919 1021 1023 1091 triplex

199 1102 279 1155 notio
305 1101 383 1155 verbi
410 1101 529 1153 ‹timcesis
551 1099 585 1152 ah
608 1099 704 1152 eodem
734 1097 848 1151 erudite
869 1094 1020 1162 exqtlieata.

198 1192 210 1221 o
232 1173 380 1235 llioecesiS,
400 1169 684 1235 Aroinqoqdicebatur
715 1169 841 1235 plurium
857 1165 1020 1234 provincia-

197 1256 259 1297 rum
271 1242 448 1311 praelectum.
460 1241 606 1295 balsamon
620 1241 649 1294 in
658 1253 719 1293 can.
732 1237 860 1292 ucoocil.
873 1235 1019 1290 chalced:

197 1315 323 1379 Arotiqeq
345 1313 372 1364 δὲ
387 1313 452 1363 ἔστιν
476 1314 490 1378 ἢ
515 1307 609 1371 πολλάς
636 1308 757 1380 ἐπαρχίας
786 1309 879 1378 ἔχουσα
895 1303 918 1357 ἓν
937 1307 1020 1375 ἑαυτῇ,

197 1385 301 1439 llarum
316 1385 476 1438 dioeceseon
495 1382 599 1437 mentio
614 1381 644 1435 tlt
656 1382 760 1448 passim
770 1379 797 1432 ln
808 1379 870 1431 antid.
881 1377 1020 1431 Theodos.

197 1462 225 1510 et
244 1456 349 1510 lustin.
367 1467 428 1524 quae
454 1454 597 1508 interdum
618 1457 720 1504 trartus
739 1449 931 1517 appellatione
945 1447 1020 1515 apud

196 1525 394 1580 hiarcellinutn
422 1524 451 1578 in
477 1525 562 1578 veteri
582 1522 793 1591 provinciarum
822 1519 938 1583 libello,
961 1525 1018 1572 etc.

195 1596 335 1665 Quaelibet
361 1609 428 1650 vero
457 1595 586 1661 dioecesis,
624 1608 687 1662 qum
727 1592 823 1662 plures
848 1589 1022 1658 complecte-

196 1666 281 1723 batur
301 1666 473 1736 provineias,
499 1680 566 1719 suas
589 1664 710 1718 hahebat
728 1661 907 1729 metropoles.
932 1661 1022 1728 liege-

196 1738 301 1793 bantur
315 1737 437 1808 singulae
452 1751 467 1789 a
483 1735 649 1802 comitibus
664 1741 693 1788 et
707 1734 844 1798 vicariis;
862 1733 958 1800 plures
974 1744 1024 1784 ve-

198 1823 229 1864 ro
245 1810 333 1865 simul
357 1822 372 1862 a
397 1806 529 1877 praeiecto
552 1805 695 1876 praetorio.
718 1806 780 1858 llaec
804 1806 838 1858 de
860 1804 949 1871 prima
967 1815 1023 1855 no-

194 1882 283 1935 tione.
304 1880 441 1946 sequitur
455 1878 559 1932 altera:
578 1880 704 1930 dioceses
722 1874 893 1929 dicebantur
911 1873 1023 1942 potissi·

195 1965 272 2006 mum
311 1950 476 2020 provinciae.
509 1947 617 2017 quibus
647 1954 784 2014 qiraeerant
809 1944 1020 2012 metropolitani

195 2022 239 2077 vel
265 2020 489 2089 archiepiscopi,
524 2024 555 2073 ut
586 2019 616 2072 in
643 2016 768 2071 coneilio
797 2012 1020 2070 Chalcedonensi

194 2109 219 2148 c.
229 2092 274 2147 id.
287 2111 300 2141 o
312 2093 352 2147 Ad
364 2093 435 2145 hanc
444 2090 587 2146 notionem
600 2088 860 2158 redigitdioeceses,
869 2087 904 2140 de
915 2084 1023 2154 quibus

195 2164 243 2219 hic
260 2169 340 2232 putat
357 2162 482 2217 locutum
499 2161 693 2219 Anastasium,
709 2159 793 2225 cujus
813 2164 960 2226 propterea
977 2155 1023 2208 lo-

195 2249 259 2290 cum
271 2233 419 2303 presentis
430 2233 539 2287 numeri
560 2229 784 2285 ibidemsubdit:
795 2230 1025 2297 juxurquamac·

195 2306 353 2375 ceptionem
370 2303 494 2358 aliorum
517 2314 632 2383 quoque
650 2307 799 2355 auctorum
822 2299 931 2354 indicat
951 2296 1022 2361 loca,

194 2384 222 2433 et
235 2377 376 2446 praecipue
386 2374 536 2429 Gillehertr
550 2373 720 2427 bartinensis
734 2370 906 2439 episcopide
920 2382 973 2422 usu
983 2380 1025 2421 ec·

194 2447 358 2503 clesiastico
367 2442 803 2565 asserentisdearchiepiscopp:
816 2441 900 2508 t'njns
914 2439 1025 2492 ecclesio

193 2519 375 2572 subscribitur
383 2517 513 2569 diocesis.
522 2515 590 2567 Tum
601 2514 697 2568 addit:
710 2534 722 2562 o
735 2514 756 2565 A
781 2514 860 2565 usive
872 2524 937 2564 vero
952 2517 1025 2579 post·

195 2589 311 2643 modum
327 2585 463 2654 appellati
479 2586 678 2653 episcoporum
697 2583 860 2648 districtus,
882 2580 932 2650 qni
955 2595 1023 2647 pro·

195 2659 259 2728 prio
275 2655 412 2711 vocabulo
421 2657 557 2723 parochia
570 2654 675 2721 passim
691 2659 903 2722 nuncupantur.
917 2670 929 2698 o
943 2650 1022 2705 lieni·

197 2740 253 2799 que
272 2726 372 2782 subdit
387 2726 500 2779 tertiam
519 2725 589 2777 hanc
605 2723 683 2777 verbi
707 2726 861 2777 notionem.

232 2815 396 2874 uniuersis,
426 2810 571 2881 parochia.
598 2809 689 2864 Guill.
708 2811 786 2863 Brito
807 2810 834 2863 in
861 2808 1020 2863 vocabat:

193 2888 318 2943 Dimcesis
342 2887 453 2953 proprie
485 2888 524 2935 est
559 2881 729 2950 brrptismotis
758 2881 874 2933 rectos-uc
910 2882 1022 2931 territo-

192 2960 265 3012 rium
288 2961 313 3009 et
339 2954 509 3023 caterniano.
539 2952 701 3007 Cottctliuvn
728 2953 897 3020 Agathcuse.
928 2965 953 3004 c.
975 2946 1021 3018 st,

193 3036 222 3084 et
246 3029 423 3096 Epaonense,
456 3037 518 3078 ean.
554 3023 587 3076 s:
618 3023 760 3089 Prrshptrr
790 3022 856 3075 eluro
888 3022 1022 3074 diocesim

193 3104 272 3163 tenet,
299 3099 331 3150 dc
359 3097 401 3149 his
425 3111 485 3163 quar
499 3096 602 3159 ereverit,
629 3094 666 3146 od
688 3094 802 3145 ecclesiae
823 3109 917 3146 itorncn
950 3093 1019 3144 scri⁴

94 3225 97 3233 ,
187 3177 302 3240 pitirum
314 3169 411 3232 fucini.
424 3185 436 3215 ,‚
451 3165 595 3234 Additqne
613 3165 694 3232 qtlura
709 3178 742 3218 ex
754 3163 822 3217 attis
837 3163 980 3224 conciliis,
994 3169 1023 3216 et

192 3238 396 3309 scriptoribus,
415 3238 579 3291 testimonia
595 3236 723 3304 ejusdem
739 3235 876 3303 notionis,
893 3248 941 3303 per
956 3246 1023 3286 rer-

191 3311 259 3366 bum
276 3311 396 3363 diaecesis
416 3307 592 3377 significatae.

228 3398 349 3452 i'idetur
364 3396 456 3466 igitur
472 3395 500 3448 in
519 3407 551 3449 ea
565 3407 628 3448 esse
642 3394 783 3448 sententia
800 3393 844 3447 vir
857 3393 971 3447 doctus.
990 3399 1023 3446 ut

194 3475 285 3540 putet,
297 3467 388 3523 inisse
403 3481 419 3520 a
431 3467 568 3533 Dionysio
583 3479 652 3534 papa
667 3465 818 3519 institutos
831 3463 1023 3532 archiepisco-

193 3548 287 3612 patus.
314 3538 409 3607 Longe
435 3544 527 3591 tamen
549 3536 701 3604 antiquior
723 3535 1021 3603 archiopiscopatuum

192 3613 274 3681 origo
288 3611 529 3665 demonstratura
543 3606 677 3675 pluribus
692 3605 895 3674 scriptoribus,
911 3612 937 3659 et
957 3618 1024 3674 pne·

194 3683 294 3741 sertim
315 3677 558 3741 aschelestratio,
577 3686 655 3746 parte
676 3690 706 3743 u,
723 3678 870 3746 Antiquit,
886 3677 961 3731 Eccl.
983 3676 1022 3730 tt-

195 3755 279 3810 lustr.
295 3751 367 3806 diss.
384 3747 410 3816 i,
423 3764 447 3802 c.
465 3746 491 3815 i,
512 3762 599 3817 aquo
611 3750 700 3803 etium
719 3755 834 3816 praestat
850 3748 895 3801 hic
913 3747 1023 3816 produ-

195 3837 268 3888 cere
289 3836 353 3890 quae
370 3822 398 3874 in
421 3819 626 3873 dissertatione
652 3821 685 3871 tte
709 3821 878 3873 Auctoritote
895 3820 1024 3887 pistrini·-

197 3895 269 3949 chcli
285 3899 309 3945 et
329 3891 525 3957 metropolitico
543 3897 641 3943 eontra
659 3891 797 3943 liccanurn
815 3890 1022 3944 londinensem

197 3963 359 4032 disputavit
382 3961 476 4028 capite
498 3958 524 4020 l,
541 3974 608 4014 num
625 3959 636 4013 l
654 3969 682 4013 et
697 3960 895 4029 sequentibus,
917 3960 965 4015 ubi
984 3959 1024 4012 it-

197 4036 301 4091 lustrat
329 4044 465 4088 canonem
497 4031 620 4099 primum
645 4044 661 4083 a
692 4032 823 4085 l‘atrihus
849 4028 1024 4085 Arelatensis

198 4103 317 4161 concilii
337 4103 498 4166 conditum,
525 4115 678 4169 corumque
696 4103 778 4155 verba
794 4103 828 4155 ad
850 4101 1024 4170 tqurestrum

201 4187 311 4245 papam,
324 4175 505 4227 itarestituta
515 4172 662 4226 Germanae
672 4171 787 4226 lectioni
799 4186 814 4225 a
827 4172 967 4226 cardinali
982 4174 1026 4225 l’e

199 4245 305 4308 tronio,
325 4251 353 4298 et
376 4242 527 4297 l‘rancisco
547 4241 766 4311 archiepiscopo
784 4243 1023 4311 llothomagensi:

202 4338 215 4370 o
228 4315 339 4371 Placuit
352 4314 438 4369 etiam
453 4313 521 4372 huc,
531 4312 614 4380 iuxta
627 4313 864 4367 consuetudinem
876 4316 1025 4383 atttiqnam

200 4394 270 4453 ate,
290 4385 340 4456 qui
366 4385 486 4452 majores
500 4384 638 4437 dlmcoses
652 4389 740 4443 tenes,
765 4392 792 4437 et
816 4398 864 4452 per
894 4392 920 4439 te
937 4388 1027 4452 potis-

199 4461 304 4515 simum
318 4457 454 4512 omnihus
466 4454 620 4510 insinuari.
637 4471 649 4502 a
666 4454 817 4508 Observata
831 4456 1027 4510 aschelcstra-

1078 510 1090 538 ι
1112 499 1261 560 antequam
1274 504 1290 544 a
1304 497 1340 554 te,
1355 491 1405 559 qni
1421 490 1543 557 majores
1558 489 1706 544 bioeceses
1719 495 1815 552 tenes,
1832 493 1905 554 perte

1079 582 1091 612 r
1115 557 1905 630 potissimumomnihustnsinuari.»Quodhictocusto

1078 638 1154 702 teger
1168 645 1223 686 non
1238 632 1286 694 sit,
1304 632 1351 686 sed
1368 631 1395 685 in
1413 628 1905 695 illononnullaverbadesint.1'au

1078 704 1184 770 sattius
1203 704 1377 757 adnotarunt
1397 701 1517 768 eruditi,
1533 701 1584 770 qui
1603 700 1733 767 proinde
1760 701 1791 753 in
1807 699 1856 753 illo
1871 712 1907 752 re-

1078 775 1344 842 stituendooperam
1359 773 1690 841 industriamquosuam
1706 769 1905 831 adhibuerunt,

1079 852 1111 901 ut
1123 845 1303 900 ostendimus
1319 850 1398 912 parte
1416 858 1434 897 ιι
1447 842 1647 913 antiquitatis
1669 840 1842 908 illustratae,
1856 839 1908 894 dis·

1078 923 1145 970 sert.
1165 912 1189 970 l.
1212 929 1274 982 cap.
1294 911 1321 983 7,
1344 919 1399 968 art.
1423 911 1449 977 t,
1477 913 1526 967 ubi
1541 913 1731 969 adduximus
1758 917 1907 980 sequente·

1078 986 1236 1042 cardinalis
1263 985 1370 1040 Peronii
1386 991 1414 1039 et
1438 985 1582 1039 Francisci
1605 983 1909 1053 Rothomagensisar·

1078 1057 1256 1126 chlepiscopt
1272 1056 1518 1110 emendationem:
1537 1056 1651 1108 Placuit
1667 1057 1758 1109 etium
1775 1054 1829 1106 baec
1839 1053 1907 1120 jueta

1077 1129 1296 1182 consuetudinem
1318 1129 1458 1194 antiquom
1474 1143 1491 1178 o
1514 1133 1550 1187 te,
1576 1128 1631 1194 qui
1656 1127 1783 1192 rnojores
1803 1125 1908 1177 litoreo

1078 1207 1160 1262 lenes,
1187 1205 1211 1251 et
1223 1214 1272 1266 per
1291 1204 1316 1251 te
1336 1200 1507 1266 potissimum
1525 1197 1659 1250 omnibns
1686 1198 1843 1249 instructori.
1861 1197 1908 1248 [luo

1077 1277 1155 1336 sunt,
1171 1283 1233 1338 quac
1249 1270 1303 1323 viri
1319 1268 1512 1323 eruditissimi
1529 1269 1559 1321 in
1577 1268 1730 1335 proedicto
1756 1267 1820 1322 loco
1831 1267 1908 1320 corri-

1077 1347 1157 1411 gunt,
1170 1354 1291 1409 quorum
1309 1352 1396 1394 unum
1409 1338 1577 1393 adverbium
1588 1344 1762 1407 orticosam,
1776 1336 1852 1392 aliud
1864 1336 1907 1390 hec

1076 1412 1160 1467 verba
1173 1427 1223 1479 per
1238 1417 1262 1463 te
1284 1416 1411 1476 spectant
1432 1411 1508 1463 cirea
1536 1409 1588 1464 illa
1604 1410 1762 1463 duntaxat
1787 1409 1907 1477 quaestio·

1078 1497 1139 1538 nem
1155 1496 1216 1537 esse
1242 1481 1411 1539 indicantes.
1429 1495 1492 1549 quas
1512 1482 1542 1534 in
1562 1481 1714 1547 praedicto
1731 1479 1797 1534 loco
1811 1479 1906 1532 auide·

1078 1561 1191 1623 prorata
1209 1558 1259 1607 aut
1272 1554 1377 1605 omissa
1392 1558 1483 1616 erant,
1508 1564 1565 1605 non
1585 1565 1658 1606 rero
1679 1552 1766 1605 eirca
1779 1549 1844 1612 alia,
1859 1563 1905 1617 qur

1076 1633 1151 1680 recte
1178 1621 1480 1691 scriptavidebantnr.
1504 1624 1540 1677 At
1567 1622 1633 1676 alio
1664 1623 1756 1676 modo
1783 1631 1905 1675 auctorem

1078 1703 1206 1751 nostrum
1218 1707 1293 1748 nunc
1309 1693 1414 1748 sentire
1427 1692 1571 1757 ridemus,
1582 1707 1653 1747 cum
1671 1691 1727 1747 illa
1742 1704 1905 1762 quoqneeor·

1040 1780 1064 1840 Β
1078 1767 1196 1837 rigentia
1210 1766 1306 1831 ducat,
1327 1777 1390 1835 quae
1411 1770 1485 1817 recte
1501 1766 1614 1832 scripta
1639 1776 1709 1817 esse
1723 1770 1852 1817 constat:
1865 1776 1878 1829 p
1892 1789 1903 1799 -

1078 1840 1144 1909 gitta
1160 1841 1235 1890 enim
1251 1835 1286 1890 83
1301 1836 1405 1889 asserit
1419 1847 1513 1888 verca
1531 1833 1679 1888 Patribus
1707 1833 1904 1889 Arelatensium

1077 1910 1187 1964 dietum
1218 1920 1288 1969 esse,
1314 1906 1386 1973 quod
1405 1906 1480 1972 Papo
1496 1904 1600 1958 lrabeat
1615 1905 1758 1972 tnrrjormn
1785 1905 1903 1959 dieresin.

1080 1979 1127 2034 ubi
1145 1980 1202 2032 haeo
1223 1976 1318 2042 verba,
1344 1977 1392 2044 qni
1414 1977 1532 2042 noq'ores
1546 1977 1685 2029 dioeceses
1703 1982 1782 2028 tenes
1796 1974 1903 2043 corrigit,

1077 2056 1105 2105 el
1119 2050 1180 2103 loco
1196 2048 1331 2115 rnrtjorum
1346 2047 1497 2111 niteremini,
1515 2059 1624 2101 nomen
1638 2046 1811 2117 singularis
1826 2046 1903 2097 dicm-

1077 2124 1115 2175 sis
1130 2124 1228 2174 contm
1241 2117 1369 2187 epistolae
1381 2117 1525 2185 synodicae
1539 2117 1628 2172 fidem
1643 2118 1818 2173 substituit.

1115 2213 1128 2242 r
1151 2191 1230 2244 Parvi
1247 2189 1362 2257 quidem
1380 2189 1514 2242 momenti
1528 2188 1627 2243 videri
1648 2196 1753 2255 posset
1767 2189 1823 2243 haec
1837 2187 1904 2242 unius

1078 2262 1156 2318 verbi
1171 2260 1304 2322 variatio,
1320 2258 1376 2312 nisi
1392 2259 1535 2328 integrum
1554 2272 1682 2314 sensum
1707 2261 1904 2323 immutamus

1078 2333 1233 2403 agnitama
1256 2331 1389 2384 Patribus
1412 2329 1594 2384 Arelatensis
1618 2330 1750 2385 concilii
1780 2331 1808 2383 in
1827 2329 1903 2397 plures

1079 2402 1197 2459 itomani
1221 2401 1336 2468 imperii
1351 2401 1488 2455 dioeceses
1516 2401 1704 2468 patriarchae
1728 2402 1844 2456 llomanl
1864 2413 1903 2465 po

1078 2480 1206 2530 testatem
1241 2476 1388 2526 everteret.
1425 2471 1466 2526 Ad
1510 2470 1603 2539 hujus
1643 2473 1786 2527 veritatis
1818 2471 1904 2524 conir-

1080 2545 1231 2600 mationem
1260 2543 1290 2597 in
1319 2541 1482 2596 memoriam
1512 2543 1718 2597 revocandum
1739 2550 1794 2604 est,
1817 2542 1905 2596 dioce-

1079 2617 1131 2671 sim
1145 2616 1214 2670 olim
1230 2614 1258 2667 in
1274 2612 1395 2680 imperio
1409 2612 1505 2666 vocari
1520 2615 1734 2677 consuevisse,
1753 2612 1904 2684 quasplures

1079 2686 1243 2757 provincias
1258 2682 1509 2752 complectebatur,
1526 2698 1585 2752 qua
1601 2686 1727 2740 ratione
1741 2686 1855 2754 antiqua
1867 2683 1902 2736 in·

1079 2758 1152 2826 perii
1173 2756 1277 2810 rtotitia
1290 2760 1354 2808 ante
1374 2760 1501 2821 tempora
1522 2755 1649 2809 Arcadii
1668 2764 1699 2811 et
1723 2756 1901 2810 lionoriimn·

1078 2829 1185 2897 scripta
1203 2824 1299 2891 relert,
1324 2823 1377 2878 sub
1393 2823 1524 2892 prolecto
1551 2828 1700 2893 praetorio
1723 2826 1900 2881 Oricinsttie·

1078 2915 1147 2952 ceses
1183 2899 1311 2966 quirtqtte,
1338 2894 1463 2960 Orierttis,
1496 2897 1626 2964 AEppptt,
1659 2900 1752 2957 Asia),
1783 2899 1900 2953 restis

1080 2971 1219 3030 Timacum
1246 2966 1299 3021 sub
1329 2963 1458 3034 praelecto
1489 2968 1632 3034 praetorio
1663 2969 1780 3025 lllvrici
1803 2969 1899 3021 <loom

1077 3043 1157 3099 rlnrts,
1177 3038 1341 3092 blacerionite
1369 3044 1393 3089 et
1411 3038 1516 3101 bttciae;
1548 3039 1606 3093 sub
1632 3026 1775 3107 prolecto
1795 3037 1898 3108 pretorii

1037 3111 1167 3180 Cllaliae
1191 3110 1315 3161 dioceses
1340 3112 1403 3171 tres,
1428 3108 1525 3168 ltutim,
1551 3109 1667 3176 lllyrici
1689 3117 1715 3164 et
1732 3106 1897 3172 Asreaxsui

1079 3180 1209 3250 prmleeto
1229 3179 1342 3233 demum
1358 3179 1491 3247 pramorio
1505 3176 1694 3248 Galliarum,
1713 3182 1837 3235 ‹timreses
1855 3187 1896 3233 tres.

1078 3253 1226 3321 Hispone,
1255 3259 1354 3318 septem
1378 3250 1600 3313 Provincinrum,
1641 3258 1669 3305 et
1698 3254 1895 3307 Britanniam.

1079 3324 1156 3377 Unde
1166 3325 1288 3381 constat,
1303 3319 1459 3374 Romanum
1474 3321 1640 3387 imperium
1651 3323 1711 3378 sub
1724 3331 1897 3395 quatuorpra

1078 3394 1161 3448 lectis
1174 3392 1307 3460 practorio
1318 3389 1507 3445 distributum
1518 3389 1618 3447 luisse
1632 3394 1664 3448 in
1675 3394 1896 3450 tredeciodtoce

1078 3479 1132 3527 ses,
1152 3476 1273 3537 quarum
1288 3461 1416 3530 quinque
1431 3461 1465 3515 ad
1481 3462 1639 3518 Orientem
1657 3466 1837 3535 spectabant.
1849 3462 1896 3517 reti

1079 3550 1141 3605 quae
1164 3536 1198 3588 ad
1213 3532 1413 3587 decidentem:
1433 3533 1493 3587 sire
1507 3540 1611 3588 autem
1631 3537 1737 3591 Patres
1751 3536 1896 3591 Arelatenses

1079 3611 1254 3674 perspectam
1272 3602 1425 3657 habuerint
1448 3602 1521 3657 hanc
1544 3605 1673 3674 imperii
1704 3606 1895 3663 notitiamsitl

1077 3676 1195 3731 aliunde
1217 3675 1349 3729 notitiam
1364 3673 1523 3728 dioeceseon
1538 3680 1731 3746 acceperint,
1749 3678 1893 3746 scripserant

1078 3761 1109 3803 ex
1138 3746 1262 3801 concilio
1283 3744 1463 3800 occidentali
1487 3746 1522 3799 ad
1549 3746 1744 3805 Srivestrum
1768 3743 1895 3805 occiduus

1081 3818 1290 3887 patriarcham:
1309 3817 1358 3883 qui
1366 3816 1481 3881 rittp'ores
1492 3815 1628 3872 tiimoeses
1641 3826 1730 3886 tenes,
1746 3831 1778 3876 ut
1792 3819 1893 3875 nimina

1079 3889 1286 3958 significarent,
1296 3900 1359 3941 eum
1369 3898 1424 3940 non
1436 3887 1622 3945 nnidioecesi
1636 3895 1826 3961 praepositum
1835 3889 1894 3944 tuoe

1079 3955 1893 4032 sedpluribusdimeeslbus,omnibusutiqneillis,qu20t·

1079 4027 1892 4098 ridentister·mtniseontincutur.Qnaecumitasinapis
1936 4048 1939 4059 ·

1081 4116 1136 4157 non
1151 4101 1236 4160 ridet.
1256 4101 1307 4154 hoc
1324 4100 1418 4168 ipsum
1440 4099 1553 4154 auctori
1576 4112 1688 4160 nostro
1704 4105 1891 4174 displicente
1934 4088 1939 4149 i

1080 4173 1173 4227 tuisse
1201 4171 1286 4240 eique
1309 4170 1438 4224 mutandi
1463 4176 1561 4225 textus
1591 4175 1782 4231 occasionem
1804 4174 1890 4228 dodtsc

1080 4245 1148 4298 Cum
1166 4243 1241 4296 onim
1260 4242 1312 4295 hoc
1323 4253 1380 4297 uno
1393 4240 1506 4294 Patrum
1523 4242 1754 4302 Arelatensium
1767 4239 1890 4300 testimonie

1082 4315 1224 4368 sententia
1239 4312 1373 4380 ipsiusde
1384 4311 1553 4367 coercendis
1569 4319 1798 4383 patriarchatus
1809 4308 1889 4370 bonai

1083 4385 1216 4439 torminis
1241 4390 1395 4447 evertatur,
1419 4381 1512 4437 voluit
1537 4382 1701 4444 forsanad
1720 4387 1887 4457 infringenda!
1928 4368 1934 4419 '·

1084 4456 1203 4524 hujusce
1231 4453 1391 4524 argumenti
1421 4453 1476 4507 vim
1506 4454 1570 4510 loco
1599 4458 1778 4521 dioeeesium.
1796 4460 1887 4512 dinem
1928 4472 1932 4483 ·

201 4536 243 4587 tto
259 4530 288 4584 in
313 4529 479 4596 exponendo
494 4530 632 4580 commate
653 4527 701 4593 qni
716 4526 831 4592 rnttjores
850 4528 1027 4580 rticcrseste-
1042 4532 1069 4595 D
1082 4527 1262 4581 solummodo
1284 4527 1384 4595 legere.
1399 4523 1447 4578 Sic
1461 4525 1550 4592 enim,
1570 4530 1628 4597 qui
1649 4530 1790 4599 pluribus
1802 4522 1886 4584 timei
1927 4536 1934 4557 ⁸

200 4619 247 4656 nes
262 4600 418 4669 plurimum
431 4598 578 4652 illustrare
590 4604 709 4665 possunt
720 4598 794 4652 hunc
804 4606 911 4652 tentum
924 4598 1027 4653 Biblio-

202 4672 322 4727 thecarii
340 4671 369 4723 in
395 4669 542 4738 Dionysio.
564 4669 656 4734 Quare
671 4669 780 4739 integre
795 4676 861 4723 sunt
885 4670 1027 4724 reddenda

203 4756 266 4815 quae
281 4741 398 4809 scripsit
414 4740 528 4795 laudato
544 4739 605 4794 loco
620 4752 653 4793 ex
670 4753 747 4794 uum.
767 4738 777 4792 t
795 4741 828 4794 ad
844 4737 869 4793 l.

240 4814 344 4866 «inter
371 4811 448 4864 varia
472 4810 658 4879 antiquitatis
685 4818 875 4876 monumenta,
904 4825 967 4877 cquae
990 4812 1024 4866 ad

203 4883 442 4953 comprobandam
461 4881 678 4948 patriarchalem
695 4883 813 4936 liomani
837 4882 980 4945 pontidcis
997 4883 1026 4937 in

201 4956 381 5012 Occidentem
404 4953 568 5007 universnm
601 4954 799 5007 auctoritatem
826 4951 945 5018 iaciunt,
971 4966 1026 5008 non

202 5026 440 5083 contemnendum
454 5031 507 5090 est,
523 5023 598 5093 qnod
617 5026 711 5078 l‘atres
723 5023 840 5079 concilii
854 5024 1027 5079 Arelatensis

204 5099 290 5169 primi
304 5103 480 5165 posterorum
494 5094 635 5149 irremoritu
646 5102 859 5149 consecrarunt.
871 5098 939 5150 Cum
951 5097 1027 5149 enim

204 5170 248 5226 illi
274 5183 307 5224 ex
323 5167 427 5231 Gallia,
445 5166 592 5233 llispania,
610 5166 766 5231 britannia,
781 5165 887 5233 Africa,
904 5173 931 5220 et
949 5167 1028 5220 {talia

205 5243 234 5297 in
250 5242 312 5310 ipso
325 5238 455 5294 llorentis
463 5236 596 5291 Ecclesia
608 5237 724 5291 exordio
738 5237 849 5292 troilect'r
866 5244 969 5293 essent.
986 5251 1029 5291 ca·

203 5326 291 5368 nones
315 5310 529 5365 constituerunt
554 5308 658 5373 viginti
678 5308 761 5375 duris,
790 5322 912 5377 quorum
936 5309 1028 5376 primo

203 5391 293 5453 agunt
315 5379 442 5437 detesto
467 5380 613 5434 l‘aschatis
632 5393 686 5433 nno
701 5380 748 5434 die
767 5386 795 5433 et
821 5393 875 5434 uno
904 5387 1028 5446 tempore

204 5455 311 5522 ubique
339 5451 523 5508 observando.
554 5452 730 5519 adduntque,
760 5464 791 5504 ea
811 5453 845 5504 dc
875 5464 904 5504 rc
928 5451 1027 5519 sylve-

204 5531 294 5577 strum
316 5537 414 5592 papam
426 5524 510 5590 jtuutn
526 5523 747 5575 cousuetudinem
761 5523 866 5574 interm
888 5523 924 5573 nd
939 5538 1027 5573 triarios

205 5595 321 5657 diripere
342 5595 458 5657 ‹ledere3
483 5607 516 5647 ex
542 5606 597 5662 quo
619 5606 727 5646 canonic
744 5593 903 5661 colligitur,
932 5594 1028 5646 l'atres

207 5662 382 5717 Arelatenses
393 5671 532 5718 statutum
543 5665 578 5717 dc
590 5664 735 5717 l‘aschatis
748 5665 838 5718 dicad
853 5665 1027 5733 sylvestrum

208 5733 350 5797 retulisse,
375 5740 460 5800 prout
484 5734 613 5803 reliquos
627 5749 741 5803 quoqne
756 5749 878 5789 canones
895 5736 1028 5790 retulisse

201 5808 315 5865 constat
340 5816 374 5858 ex
398 5804 534 5873 synodica
557 5807 685 5876 ipsorum
706 5806 828 5876 epistola
842 5807 875 5861 ad
897 5808 1028 5862 eumdem

1083 4598 1136 4652 bus
1153 4596 1308 4666 praesidens
1325 4594 1543 4663 patriarchalem
1559 4613 1651 4655 suam
1665 4604 1886 4657 auctoritatissi-

1083 4683 1137 4738 que
1149 4670 1183 4722 ad
1201 4668 1375 4722 Britanniam
1387 4666 1570 4730 extendebat.
1587 4664 1884 4730 uniusdtoeeosistutr

1082 4747 1247 4810 potestatem
1261 4738 1395 4793 obtinens
1407 4737 1533 4806 eJ‘usdem
1551 4739 1674 4799 tinibus
1687 4751 1855 4800 coerceretur·

1121 4811 1243 4879 «Atqui
1261 4809 1313 4865 hoc
1333 4822 1403 4877 esse,
1429 4810 1504 4878 (quod
1530 4818 1642 4868 auctor
1669 4826 1771 4871 noster
1797 4802 1882 4868 nautii

1083 4888 1191 4937 testum
1205 4880 1323 4936 concilii
1337 4880 1400 4935 suis
1410 4879 1568 4936 obtrudere
1588 4895 1724 4942 conatus
1739 4890 1787 4947 stt,
1799 4877 1882 4941 §1th

1082 4955 1170 5016 dicat,
1193 4954 1260 5007 dum
1285 4966 1386 5006 rursus
1411 4951 1559 5020 synodicae
1576 4957 1799 5015 Arelatensium
1813 4956 1878 5009 batn·

1082 5023 1209 5094 epistolis
1226 5023 1377 5077 uretuiuit:
1404 5044 1416 5073 r
1437 5021 1534 5089 Quoad
1565 5040 1669 5093 voces,
1690 5031 1796 5100 inquit,
1810 5019 1878 5089 Atili*

1085 5096 1252 5154 octimensis,
1277 5094 1397 5149 dubium
1421 5100 1474 5158 est,
1497 5106 1534 5147 an
1560 5095 1784 5156 Constantinus
1803 5096 1876 5158 nul*

1085 5188 1097 5216 a
1119 5166 1218 5235 synodi
1231 5165 1625 5223 Arelatensisdistribuisset
1638 5162 1876 5241 imperiuminlir

1085 5260 1097 5289 o
1119 5250 1212 5290 ceses:
1239 5242 1267 5290 et
1284 5234 1482 5291 verosimilius
1498 5241 1555 5299 est.
1575 5252 1631 5295 nec
1658 5243 1689 5298 id
1708 5242 1808 5299 lactum
1827 5232 1875 5289 luist

1085 5330 1097 5359 a
1119 5314 1245 5376 tempore
1259 5308 1389 5372 Nicaense,
1405 5320 1470 5362 cum
1488 5307 1528 5361 ihi
1544 5310 1649 5366 solum
1674 5315 1783 5370 mentio
1796 5309 1876 5372 pmc-

1085 5402 1097 5430 ι
1120 5379 1290 5446 vinciacum,
1303 5391 1357 5432 non
1369 5379 1541 5433 dioecescon.
1554 5379 1642 5450 Quod
1656 5385 1687 5440 si
1697 5379 1876 5447 verumsiteiss·

1086 5472 1097 5501 a
1121 5448 1516 5516 ruptasuntverbailloloco,
1531 5451 1744 5513 sicutcertum
1753 5442 1877 5519 &tulii

1086 5543 1097 5572 a
1119 5520 1131 5574 l
1134 5523 1209 5575 uisse
1223 5527 1367 5588 corrupta.
1383 5520 1458 5589 Quin
1474 5522 1565 5576 etiam
1582 5525 1720 5585 admissa
1737 5523 1877 5587 intime·

1085 5615 1096 5643 r
1120 5599 1175 5646 tate
1187 5591 1261 5646 nihil
1274 5591 1340 5646 inde
1350 5592 1515 5659 deducitur,
1531 5596 1594 5650 nisi
1608 5598 1692 5666 quod
1704 5588 1877 5677 episeopffiffl'

1085 5688 1097 5714 a
1120 5662 1499 5718 nrrttmshaberetdioecesim
1512 5662 1876 5734 majoriscxteostmotss

1085 5756 1097 5784 r
1119 5736 1170 5788 alii
1196 5735 1322 5804 episcopi
1348 5733 1561 5804 occidentales,
1586 5740 1669 5808 quod
1686 5752 1744 5797 nott
1763 5738 1876 5807 mter-¹

1083 5808 1203 5862 hientcm
1220 5818 1301 5862 suam
1315 5804 1393 5863 clare
1407 5803 1457 5862 hlc
1469 5805 1604 5876 explicat
1616 5814 1728 5869 aucun
1745 5790 1877 5873 wit*
