3892 6136
139 285 194 348 aba

531 285 578 340 AD
600 279 814 340 tuffinastun
851 275 1108 333 PROLnGOltant
1138 274 1227 330 nnn.
1253 273 1467 333 nott-mic.

1790 278 1844 338 aab

105 420 110 432 ·
140 413 316 485 supersunt),
335 414 369 468 ad
393 412 496 468 seriem
511 410 623 466 Nicolai
640 408 816 465 transierunt
832 402 1003 465 unctui-A
1023 403 1139 458 tertium
1163 405 1280 475 repetita
1304 408 1334 463 13
1353 407 1473 463 basilica
1495 408 1641 472 Vaticana,
1663 407 1771 462 diserte
1794 420 1846 463 nos

76 514 81 527 ·’
141 508 225 558 tatem
237 500 423 571 antiquioris,
439 514 494 556 non
505 514 587 555 33333
598 494 766 567 3333333313
784 498 965 567 3333113333-

140 589 273 647 ctoritate
308 589 453 660 recognita
483 587 519 643 ab
550 586 761 656 exemplaribus
785 591 963 642 mutuantur.

139 676 232 747 Quare
248 675 297 731 ubi
315 676 426 732 numeri
440 677 526 733 seriei
560 676 719 744 superioris
733 675 841 744 injuria
854 681 966 744 tempo-

140 765 182 822 ris
206 766 246 821 ita
267 765 413 821 obliterati
438 765 507 835 sint,
534 772 565 820 ut
592 765 696 835 integri
722 777 777 818 non
800 767 963 833 appareant,

140 853 268 924 suppleri
286 859 406 924 possunt
420 868 455 909 ex
470 855 522 909 hac
537 853 648 909 Nicolai
662 853 736 909 serie
755 853 867 907 eosdem
881 864 962 920 repe-

140 948 226 1013 tente,
245 943 328 1012 juxta
344 942 471 1014 regulam
492 942 604 997 criterii
623 941 817 1011 chronologici
841 954 857 994 a
882 940 965 996 nobis

140 1031 327 1087 constitutam
343 1032 437 1100 capite
451 1030 595 1099 superiori
617 1040 735 1085 3333333
750 1028 767 1083 6
781 1036 809 1083 et
820 1025 847 1083 t.
864 1030 900 1083 Ut
911 1042 965 1083 su-

141 1133 191 1190 pra
202 1127 293 1176 tamen
304 1119 401 1187 retuli,
414 1119 534 1188 pictura
545 1119 607 1173 istae
619 1132 635 1172 a
647 1117 765 1174 Nicolao
774 1120 810 1173 lll
823 1118 967 1187 superad-

140 1207 208 1265 dita
217 1208 349 1278 antiquis
358 1208 387 1262 in
400 1207 552 1276 parietinis
563 1219 649 1275 supra
662 1206 765 1262 calcem
778 1220 865 1278 gypso
875 1204 965 1261 suba-

140 1304 214 1352 ctam
225 1294 343 1353 aiabris
354 1296 492 1352 murariis
508 1296 661 1366 imperitis,
679 1295 776 1353 minus
789 1296 908 1351 tirmiter
920 1294 966 1349 ad·

141 1384 279 1442 33333333
297 1384 448 1440 maximam
465 1392 571 1454 partem
592 1385 770 1440 exciderunt.
786 1386 879 1454 Quare
894 1382 967 1439 suh-

140 1475 218 1533 313113
242 1479 310 1531 3333
332 1473 436 1544 exiguo
465 1473 566 1543 paucis
588 1474 617 1529 in
643 1474 771 1528 numeris
785 1474 964 1542 supplendis.

139 1563 752 1635 Aliundetameneomptenrnrsupplementa
764 1563 966 1635 chronologica

139 1653 227 1711 seriei
240 1653 418 1720 vetustioris,
432 1665 530 1722 nempe
542 1665 576 1707 ex
592 1652 712 1706 vetustis
728 1650 868 1719 exemplis
877 1650 913 1705 ab
922 1664 965 1705 eo-

139 1740 203 1797 dem
222 1741 374 1810 archetypo
399 1737 570 1808 desumptis,
593 1747 621 1794 et
636 1739 759 1794 ddeliter
776 1741 919 1808 expressis
934 1740 964 1793 in
980 1720 1006 1780 Β

139 1827 291 1885 codicibus
301 1834 329 1884 ct
338 1827 482 1899 catalogis
497 1842 546 1897 per
556 1841 646 1884 annos
657 1829 836 1897 octingentos
851 1834 878 1883 et
888 1842 965 1883 non-

140 1920 241 1989 gentos
257 1921 383 1972 nostram
399 1920 510 1971 atatem
532 1915 746 1987 superantibus,
767 1924 798 1971 ut
817 1915 893 1971 inira
912 1930 966 1971 33-

140 2018 288 2074 ponemus.

173 2090 201 2146 8.
218 2091 286 2160 Quat
301 2094 437 2162 superius
452 2106 467 2147 3
484 2107 527 2148 me
541 2093 619 2148 dicta
631 2101 699 2149 sunt
710 2094 745 2149 de
757 2092 883 2149 clericali
898 2099 965 2148 tan-

139 2184 200 2237 tum
214 2194 319 2236 corona
330 2181 360 2236 in
376 2180 520 2250 capitibus
534 2182 724 2238 Romanorum
739 2183 906 2252 pontificum
921 2197 966 2238 ex·

141 2275 309 2338 pressatum
322 2269 351 2323 in
368 2269 497 2338 musivis,
511 2276 570 2324 tum
587 2270 615 2324 in
629 2270 697 2326 aliis
710 2272 854 2328 veteribus
867 2272 966 2341 pictu-

139 2357 182 2413 ris
199 2358 338 2428 usquead
356 2358 491 2413 saeculum
507 2358 615 2413 Christi
629 2360 770 2414 decimum
786 2360 962 2422 inchoatum,

140 2445 215 2502 nibil
232 2451 393 2516 repugnant
406 2447 542 2515 quadrato
557 2446 601 2501 illi
617 2451 693 2514 31333
708 2448 768 2502 sive
782 2450 885 2514 insigni
894 2460 964 2516 pone

140 2535 235 2606 capita
245 2535 409 2591 eorumdem
422 2548 567 2604 expresso,
581 2542 608 2590 ct
620 2537 656 2591 ab
670 2537 795 2592 eruditis
810 2537 965 2605 scriptori-

139 2623 262 2680 1333333
277 2624 370 2680 solum
391 2624 529 2691 indicato,
550 2624 598 2679 sed
615 2625 701 2680 etiam
720 2625 873 2694 explicato,
888 2628 963 2698 quod

139 2711 252 2767 scilicet
272 2711 446 2768 adhibebant
465 2714 499 2768 ad
516 2712 702 2769 indicandum
717 2727 782 2769 eum
798 2715 891 2771 virum
916 2715 963 2771 cui

139 2799 196 2855 tale
215 2807 412 2857 ornamentum
429 2802 635 2872 apponebatur,
663 2804 693 2858 in
707 2804 781 2858 vivis
796 2810 864 2861 tunc
882 2818 965 2874 agere

140 2890 253 2959 qnando
275 2889 403 2959 ejusdem
424 2891 517 2961 imago
542 2891 722 2962 pingebatur.
743 2894 774 2947 ln
801 2895 964 2949 memoratis

141 2979 262 3034 musivis
285 2981 388 3034 Leonis
406 2980 484 3034 tertii
507 2980 692 3035 etPaschalis
717 2982 815 3050 primi,
839 2981 964 3051 aliisque

1021 495 1133 551 monuit
1150 495 1224 551 inter
1246 496 1394 565 pontifices
1410 496 1506 566 quarti
1529 496 1627 551 saeculi
1644 494 1737 551 solum
1761 494 1848 551 Libe-

1021 583 1097 640 rium
1112 584 1165 640 hoc
1187 586 1290 651 insipat
1314 584 1449 653 33333333
1471 583 1562 641 fuisse
1583 585 1760 652 decoratum,
1781 597 1847 640 eum

1020 677 1137 728 caetcros
1154 677 1219 728 ante
1240 672 1408 728 silvestrum
1430 687 1534 729 corona
1550 671 1695 728 clericalis
1709 677 1845 741 tonsura,

1020 766 1084 830 post
1110 762 1278 818 Silvestrum
1312 763 1385 818 tiara
1413 762 1505 831 pictor
1532 760 1644 816 Nicolai
1673 759 1846 816 ornavisset.

1019 849 1171 921 Singulare
1189 850 1241 906 boc
1255 851 1369 923 insigne
1384 851 1566 921 quadratum,
1581 862 1597 904 a
1612 854 1726 904 vetusto
1748 862 1848 904 exem-

1020 938 1094 1008 plari
1117 940 1248 1011 petitum,
1273 955 1337 996 cnm
1360 938 1464 994 artilex
1485 951 1539 994 non
1564 939 1604 993 sit
1627 951 1716 994 ausus
1735 943 1849 993 mutare

1020 1027 1050 1081 in
1072 1027 1195 1095 Liberio,
1219 1042 1310 1099 neqne
1331 1027 1400 1084 aliis
1421 1027 1584 1097 appingere,
1608 1026 1720 1082 indicio
1740 1031 1784 1081 est
1799 1039 1848 1082 se-

1020 1115 1091 1171 riem
1114 1115 1241 1186 aliquam
1261 1117 1426 1187 antiquitus
1437 1116 1596 1183 exstitisse,
1614 1129 1676 1185 qnae
1690 1126 1747 1171 non
1764 1127 1848 1171 secus

1020 1217 1052 1260 ac
1077 1204 1127 1260 ille
1144 1204 1297 1276 catalogus
1327 1204 1524 1260 Bucherianns
1547 1205 1640 1274 posita
1662 1202 1755 1259 inerit
1775 1216 1848 1259 333-

1020 1298 1114 1349 stante
1128 1293 1187 1349 vita
1199 1292 1307 1349 Liberti
1323 1311 1330 1362 3
1347 1294 1494 1349 etidcirco
1506 1294 1532 1347 is
1545 1293 1712 1362 quadratum
1727 1293 1847 1360 insigne,

1021 1382 1163 1438 indicium
1192 1382 1305 1438 scilicet
1330 1383 1462 1453 viventis,
1488 1382 1613 1450 ejusdem
1640 1381 1729 1451 capiti
1755 1394 1850 1451 appo-

1021 1471 1122 1527 suerit.
1142 1471 1235 1541 Quare
1250 1471 1349 1543 gratiae
1364 1470 1501 1526 habendae
1525 1474 1593 1525 sunt
1612 1469 1771 1539 Grimaldo,
1797 1471 1848 1540 qui

1021 1559 1107 1615 etiam
1130 1560 1159 1613 in
1182 1561 1257 1616 serie
1279 1558 1390 1615 Nicolai
1414 1562 1450 1614 lll
1470 1559 1683 1629 praeservaverit
1708 1558 1767 1613 haec
1792 1559 1849 1615 do-

1020 1653 1152 1703 cumenta
1168 1653 1283 1704 alatum
1303 1648 1485 1718 superiorum
1501 1655 1529 1702 et
1543 1646 1670 1718 catalogi
1688 1646 1847 1702 Liberiani.

1055 1733 1082 1791 9.
1098 1736 1236 1792 Caeterum
1266 1737 1338 1791 hanc
1373 1737 1475 1793 seriem
1501 1736 1698 1805 recentiorem,
1727 1736 1847 1792 Nicolao

1020 1824 1106 1880 tertio
1123 1825 1274 1881 mandante
1285 1824 1427 1894 depictam
1443 1823 1673 1880 luisseannisab
1691 1824 1759 1879 hinc
1772 1838 1849 1893 qua-

1019 1914 1183 1985 dringentis
1199 1920 1227 1969 et
1242 1914 1431 1985 quadraginta
1443 1921 1498 1968 tam
1515 1910 1681 1969 in'basilica
1702 1913 1730 1968 S.
1751 1913 1847 1983 Pauli,

1020 2002 1071 2058 ubi
1082 2003 1176 2058 adhuc
1195 2003 1310 2072 visitur,
1331 2017 1416 2073 qnam
1428 2003 1457 2057 in
1469 2002 1537 2057 aliis
1546 2001 1659 2057 duabus
1671 2001 1849 2072 patriarcha·

1021 2090 1108 2159 libus,
1125 2092 1307 2147 Lateraneosi
1323 2104 1356 2146 ac
1377 2092 1519 2159 Vaticana,
1547 2098 1575 2145 et
1595 2104 1746 2145 numerum
1762 2095 1849 2160 atque

1020 2179 1150 2235 ordinem
1167 2179 1333 2249 pontificum
1353 2180 1534 2248 desumptum
1554 2178 1675 2234 inissea
1696 2178 1772 2234 serie
1797 2177 1848 2232 illa

1020 2269 1191 2338 antiquiori,
1209 2268 1314 2324 sarculo
1329 2269 1431 2323 Leonis
1447 2267 1539 2338 hlagni
1555 2268 1585 2322 in
1602 2266 1732 2334 Paulina,
1747 2271 1776 2322 et
1791 2281 1849 2322 sa-

1020 2357 1221 2412 331313333331
1233 2357 1262 2411 in
1277 2357 1417 2411 l'aticanae
1427 2356 1587 2426 parietibus
1596 2355 1732 2425 superius
1742 2355 1847 2425 posita,

1019 2452 1163 2502 contestes
1179 2446 1268 2502 habeo
1281 2448 1436 2502 historicos
1451 2452 1621 2517 quotquota
1636 2446 1749 2502 Nicolai
1765 2450 1849 2501 aetate

1019 2536 1053 2591 ad
1077 2541 1203 2591 nostram
1227 2542 1424 2591 numerantur.
1452 2536 1515 2590 Sint
1541 2535 1633 2590 instar
1655 2535 1787 2590 omnium
1816 2533 1847 2589 hi

1020 2638 1092 2696 quos
1108 2624 1259 2680 brevitatis
1273 2639 1360 2681 causa
1375 2626 1420 2680 hic
1437 2638 1579 2680 recenseo.
1595 2624 1768 2680 6333613333
1779 2623 1849 2678 Pla-

1019 2714 1080 2770 tina
1095 2715 1123 2768 in
1140 2716 1204 2769 Vita
1217 2715 1326 2770 Nicolai
1344 2717 1379 2770 lll
1393 2716 1432 2770 ita
1456 2722 1590 2770 enarrat:
1609 2714 1651 2770 uti
1667 2713 1755 2768 etiam
1779 2713 1848 2768 133-

1019 2801 1136 2858 lemaens
1152 2803 1288 2859 Lucensis
1303 2803 1377 2872 apud
1394 2804 1571 2873 ltavnaldnm
1585 2804 1619 2858 ad
1636 2815 1744 2858 annum
1758 2800 1848 2856 Chri-

1020 2892 1058 2971 sti
1081 2889 1159 2957 ⁴280,
1177 2905 1296 2947 numero
1319 2890 1364 2947 15.
1390 2892 1478 2947 Verba
1494 2891 1636 2946 Ptolemaei
1654 2888 1847 2945 transcribam

1020 2994 1055 3036 ex
1069 2981 1213 3050 Raynaldo
1228 2999 1235 3050 3
1250 2994 1314 3036 nam
1331 2982 1461 3036 indicant
1481 2982 1510 3035 in
1525 2981 1620 3036 tribus
1636 2978 1846 3050 patriarchali-

141 3064 274 3133 pluribus
292 3068 386 3124 Itomae
405 3069 589 3136 constructis,
614 3075 642 3124 ct
658 3070 864 3139 superstitibus
878 3068 1001 3140 snpertt
1019 3068 1073 3126 bus
1084 3069 1216 3125 basilicis
1226 3070 1328 3125 seriem
1342 3069 1420 3125 illam
1432 3070 1616 3125 vetustiorem
1627 3068 1719 3124 luisse
1733 3069 1848 3138 conspi-

138 3155 254 3224 apsidas
279 3155 430 3212 titulorum
452 3158 478 3212 S.
504 3157 594 3212 Marci
618 3165 645 3213 et
667 3159 712 3214 SS.
735 3159 841 3215 Cosmae
856 3173 888 3215 33
906 3161 965 3215 Da-
1019 3171 1112 3222 cuam,
1129 3164 1157 3214 et
1171 3159 1206 3213 ab
1223 3172 1254 3214 ea
1270 3160 1353 3228 serie,
1369 3158 1479 3213 Nicolai
1493 3160 1588 3226 jussu,
1606 3158 1737 3213 ordinem
1753 3170 1786 3213 ac
1797 3171 1847 3213 nu·

139 3243 240 3314 miani,
255 3245 425 3313 quadratum
441 3244 513 3300 illud
538 3246 651 3317 insigne
664 3247 828 3322 viventibus
846 3250 965 3315 33333111-
1020 3260 1127 3302 merum
1151 3261 1327 3303 summorum
1352 3248 1519 3316 pontihonm
1536 3245 1627 3303 inisse
1648 3247 1846 3316 desumptum,

137 3330 222 3387 cibus
238 3332 402 3400 adhibetur,
418 3335 493 3403 qnod
510 3347 571 3389 esse
585 3336 743 3391 viventium
760 3336 900 3392 indicium
918 3345 964 3392 te·
1019 3348 1101 3405 quem
1127 3336 1161 3390 de
1178 3337 1309 3405 proximo
1332 3336 1516 3401 spectandum
1544 3333 1676 3391 inferiori
1692 3348 1726 3391 33
1743 3349 1848 3391 recen-

136 3424 232 3475 statur
253 3421 339 3476 etiam
360 3422 482 3477 loannes
495 3423 636 3478 diaconus
660 3424 689 3478 in
706 3424 768 3479 Vita
787 3425 815 3479 S.
830 3425 962 3497 Gregorii
1019 3423 1087 3479 tiori
1104 3424 1407 3493 3331333333333313.
1424 3444 1437 3475 3
1452 3424 1589 3480 Nicolans
1604 3423 1719 3493 tertius,
1736 3425 1847 3495 lnquit,

136 3509 361 3580 Magni,llb.1v,
380 3525 442 3581 cap.
465 3507 510 3565 8l.
523 3510 612 3567 hddit
631 3510 808 3569 Alamannus
822 3515 851 3567 in
867 3514 964 3583 expli·
1019 3512 1124 3568 multas
1140 3514 1281 3568 novitates
1297 3512 1384 3568 iecit:
1403 3514 1496 3583 primo
1511 3513 1580 3582 quia
1595 3514 1670 3583 apud
1686 3513 1714 3568 S.
1731 3513 1846 3568 Petrum

136 3600 594 3670 3331333333131333333333313,
613 3616 673 3673 pag.
690 3600 736 3663 65
753 3608 888 3658 tesseram
901 3617 963 3658 esse

138 3692 198 3743 tum
211 3687 277 3742 vitae
298 3690 470 3758 constantis,
487 3695 547 3743 tum
567 3690 705 3745 virtutum
728 3692 861 3761 retradis,
875 3692 963 3747 attri-

138 3774 963 3850 butampraecipuepraesulibussaeerdotnm,etaliqnando

136 3865 224 3921 ctiam
236 3864 428 3933 principibus,
440 3866 676 3936 regiasiveetiam
690 3875 811 3938 augusta
822 3867 963 3939 dignitate

1018 3600 1169 3657 aedilicavit
1181 3602 1317 3672 palatium
1333 3604 1453 3659 multum
1465 3603 1591 3658 solemne
1605 3601 1778 3672 pontiticale,
1790 3606 1845 3657 etc.

1017 3692 1069 3747 llic
1091 3691 1240 3747 ecclesiam
1265 3691 1341 3747 beati
1366 3693 1441 3747 Petri
1468 3691 1549 3763 quasi
1573 3698 1659 3748 totam
1685 3691 1844 3757 renovavit,

1017 3786 1046 3836 et
1068 3793 1219 3836 numerum
1243 3795 1421 3836 summorum
1446 3780 1611 3850 pontificum
1627 3779 1697 3835 iecit
1717 3778 1844 3835 describi

1018 3869 1177 3925 secundum
1199 3869 1341 3939 imagines
1357 3869 1386 3923 in
1406 3869 1525 3925 ecclesia
1541 3869 1616 3924 beati
1639 3867 1714 3923 Petri
1737 3867 1766 3923 in
1782 3868 1845 3923 loco

138 3951 352 4025 iungentibus,
374 3954 417 4008 uti
439 3954 585 4010 evidenter
604 3956 731 4010 ostendit
748 3963 908 4023 pervetusta
929 3971 962 4012 ex
1018 3957 1168 4027 eminenti,
1189 3964 1218 4012 et
1239 3957 1314 4013 beati
1332 3958 1425 4026 Pauli,
1446 3972 1477 4012 ac
1497 3959 1589 4012 sancti
1602 3957 1721 4012 loannis
1737 3955 1774 4010 de
1790 3957 1846 4010 La-

137 4040 293 4112 epigraphe
308 4041 445 4113 imaginis
457 4042 550 4098 Caroli
567 4044 661 4114 Magni
677 4044 716 4099 ita
731 4050 847 4105 ornata.
865 4047 892 4100 in
908 4059 962 4116 qua
1018 4050 1126 4100 terano.
1151 4063 1164 4093 »

137 4129 444 4201 significaridicuntur
454 4138 577 4200 quatuor
587 4130 709 4187 virtutes
721 4134 879 4202 praecipua,
891 4148 964 4204 3333
1007 4122 1013 4149 “
1056 4131 1101 4188 10.
1121 4133 1161 4190 lid
1175 4135 1248 4189 hanc
1264 4134 1355 4205 igitur
1369 4135 1471 4190 seriem
1487 4135 1666 4204 archetypam
1685 4133 1781 4190 redire
1791 4147 1844 4190 ne-

136 4218 263 4274 dicimus
278 4219 433 4272 cardinales
449 4219 477 4273 in
494 4219 960 4292 11133313333133333333331333..
1018 4237 1096 4279 33333
1118 4231 1170 4290 est,
1194 4238 1278 4295 quam
1302 4225 1437 4280 Nicotaus
1462 4226 1565 4295 quinto
1588 4238 1604 4279 a
1630 4223 1714 4279 nobis
1738 4224 1843 4280 saeculo

172 4308 230 4363 lloc
246 4307 337 4378 igitur
350 4307 521 4376 quadratum
539 4308 662 4379 insigne,
678 4308 835 4364 viventium
850 4313 962 4379 pontiti-
1017 4313 1142 4371 dissitus
1156 4313 1322 4368 imitandam
1338 4320 1365 4368 et
1379 4316 1551 4384 sequendam
1569 4314 1730 4384 proposuit.
1745 4318 1843 4382 utpote

137 4409 203 4452 cum
216 4395 393 4465 imaginihus
409 4396 495 4450 veteri
509 4409 543 4450 ex
559 4411 612 4451 usu
628 4395 802 4464 adhibitum,
817 4399 891 4467 quod
908 4399 963 4455 ob-
1018 4402 1181 4474 genuinam,
1195 4409 1222 4456 et
1233 4416 1248 4457 a
1261 4402 1532 4459 decessoribussnis
1546 4416 1594 4472 per
1606 4401 1761 4457 totsaecula
1774 4414 1843 4472 pro-

137 4484 324 4540 servamusin
338 4483 484 4554 plerisque
496 4485 617 4540 musivis
627 4491 692 4540 ante
702 4486 960 4544 decimumChristi
1019 4492 1139 4561 positam
1164 4492 1191 4545 in
1217 4493 1323 4548 eisdem
1341 4492 1581 4561 patriarchalibus
1604 4490 1749 4562 basilicis,
1772 4504 1842 4562 quas

138 4573 275 4629 seculum
298 4574 483 4643 constructis,
500 4587 555 4629 non
580 4575 663 4630 modo
680 4588 734 4630 non
748 4576 913 4632 3331331333
926 4576 961 4632 313
1018 4579 1171 4637 universus
1190 4579 1375 4636 Christianus
1395 4581 1528 4649 popolus,
1549 4581 1583 4636 ad
1601 4580 1703 4635 limina
1724 4587 1843 4650 aposto-

139 4662 259 4719 indiciis
284 4664 410 4735 antiquae
432 4663 516 4718 seriei
542 4664 706 4734 pontificiae,
729 4667 776 4721 sed
805 4667 909 4721 mirum
932 4667 961 4722 in
1017 4683 1079 4723 rum
1094 4682 1257 4738 accurrens,
1271 4669 1462 4739 frequentare,
1479 4668 1842 4726 observareacdescrlhere

137 4752 252 4809 modum
275 4751 386 4808 coniert
400 4753 433 4807 ad
459 4752 697 4822 comprobandam
720 4767 813 4824 parem
830 4756 961 4811 auctori·
1015 4758 1170 4828 satagebat.

135 4847 221 4898 tatem
238 4842 379 4911 ejusmodi
404 4847 521 4898 vetustae
536 4843 622 4897 seriei
647 4844 820 4911 pontificalis
840 4845 960 4914 3133313333
1052 4848 1085 4901 Et
1100 4853 1175 4902 certe
1191 4848 1291 4902 mirari
1305 4847 1427 4903 subitad
1442 4847 1624 4918 archetypam
1640 4845 1721 4902 illam
1737 4846 1840 4902 seriem

95 4931 102 4942 ‘
137 4929 167 4985 in
182 4929 314 4987 basilicis
326 4933 471 5000 Romanis,
485 4945 518 4986 33
532 4938 656 4987 veterum
672 4932 961 5005 Catatogorum,prae
1014 4935 1164 4993 aNicolao
1180 4938 1302 5007 posteris
1320 4937 1474 4992 indicatam
1489 4944 1624 5007 tanquam
1640 4935 1798 5005 exemplar,
1814 4941 1841 4992 et

136 5018 221 5089 cipue
232 5019 314 5074 illins
324 5021 522 5091 antiquissimi
536 5021 683 5077 inLiberio
696 5023 865 5093 desinentis,
876 5037 959 5093 quem
1017 5025 1045 5080 in
1059 5025 1171 5082 duabus
1187 5026 1287 5082 saltem
1302 5026 1433 5082 basilicis
1455 5041 1546 5096 usque
1566 5027 1600 5083 ad
1621 5030 1733 5081 aetatem
1759 5023 1839 5082 l’auli

136 5120 277 5163 consensu
303 5109 483 5180 eruditorum
516 5112 645 5166 omniurn
675 5113 748 5181 apud
776 5113 957 5183 bucherium,
1015 5115 1111 5185 quinti
1126 5115 1308 5184 superstitem
1325 5114 1472 5183 (ramsola
1489 5113 1840 5171 Lateranensisincendio

136 5192 370 5250 Schelestratium
391 5202 418 5250 et
439 5205 555 5254 caeteros
574 5199 609 5252 de
626 5198 677 5252 boc
692 5205 859 5268 argumento
882 5203 960 5256 seri·
1014 5211 1183 5273 consumpta
1196 5203 1289 5259 inerat
1299 5211 1363 5273 post
1377 5204 1537 5273 Nicolaum)
1553 5203 1653 5259 oculos
1664 5217 1764 5259 eorum
1781 5215 1838 5258 non

137 5281 244 5350 1333333,
256 5284 564 5341 316133333333313333
578 5288 959 5346 acretustatecaeterisante·
1015 5290 1105 5347 luisse
1126 5305 1276 5347 conversos
1299 5293 1406 5362 quide
1431 5292 1574 5364 catalogis
1598 5299 1626 5348 et
1650 5291 1839 5363 chronologia

139 5368 216 5425 fetri·
1015 5383 1181 5450 pontitlcum
1196 5381 1328 5439 solliciti.
1342 5383 1503 5437 totcodices
1517 5390 1545 5436 et
1555 5383 1671 5437 archiva
1679 5381 1839 5437 consulue-

172 5457 329 5532 Diligentia
354 5474 438 5531 qnam
460 5460 958 5522 6313331633331131331313633331-
1013 5476 1092 5538 runt,
1117 5475 1149 5525 33
1169 5470 1374 5540 antiquissima
1396 5477 1578 5525 monumenta
1594 5477 1620 5525 et
1642 5471 1765 5525 maxime
1788 5485 1839 5542 ge-

137 5545 228 5603 benda
246 5548 320 5604 serie
340 5562 516 5605 summorum
541 5548 719 5619 pontiticum,
741 5565 790 5621 per
808 5553 957 5612 Nicolaum
1013 5559 1104 5615 nuina
1121 5557 1288 5629 proterrent.
1306 5559 1448 5629 Quantum
1464 5559 1579 5629 assequi
1592 5558 1757 5615 meditando
1769 5572 1839 5629 pos-
