3892 6136
398 292 559 354 lauronia
576 295 622 354 utt
641 296 727 355 virts
745 296 832 357 nott.
858 296 956 356 runt.
979 324 1017 338 -
1035 296 1064 353 S.
1084 297 1218 355 VICTOR.
1237 323 1242 336 ·
1588 295 1659 358 4990

98 412 257 486 complura
266 412 391 472 concilia
398 420 568 491 congregata
578 416 670 475 iuisso
683 417 712 474 in
719 429 784 545 Kro·
795 420 825 483 A
836 419 957 490 chetypo
967 417 1150 503 delineatam,
1171 424 1199 476 et
1210 418 1254 476 ari
1269 419 1389 504 incisam
1402 421 1516 506 protuli·
1531 422 1561 478 in
1583 421 1660 480 libro

99 486 784 644 anetae{caclatascaelata}
837 490 1661 647 a,testatamentistatianam

98 632 786 777 stlittitltttlttlttlttitillanti
837 633 1664 776 ttttlititfltlllntlttcttttittllliaa

98 771 225 842 rophilas
245 772 379 829 Caesareae
402 774 569 847 Palaestine,
587 782 617 832 et
631 778 784 833 Narcissus
838 775 1036 846 octaeterldis,
1047 789 1102 848 qua
1113 781 1225 833 constat
1237 775 1448 860 cyclusilippol
1470 776 1571 833 theos.
1584 777 1664 833 Utro

98 857 226 971 {morum
236 844 399 928 episcopus.
411 845 551 929 hliaitem
564 853 656 905 exstat
663 845 785 918 epistola
840 860 895 920 qne
909 852 1005 907 autem
1019 861 1054 905 ex
1071 847 1152 931 cyclo
1175 847 1301 920 (tuliano
1317 852 1345 904 ct
1357 791 1571 975 Hippolythaeog
1582 861 1665 905 com-

98 927 233 983 omanae,
246 929 294 971 cnr
312 917 437 974 victoris
452 919 578 989 episcopi
595 932 695 977 nomen
710 931 788 989 prae-
840 919 908 990 poni
920 929 1002 988 posse
1017 920 1130 976 ostenda
1147 919 1265 975 tertium
1278 918 1401 990 cyclum,
1418 919 1503 974 annis
1519 916 1549 974 ll
1572 917 1668 976 iGre·

98 992 123 1043 t.
147 986 293 1043 Habentur
308 994 443 1057 praterea
464 991 568 1046 littere
586 992 786 1062 episcoporum
841 991 971 1062 gorianis
982 991 1168 1061 explicatum,
1185 997 1213 1047 et
1229 991 1333 1047 lterum
1349 990 1535 1060 repetendum
1550 991 1666 1063 quoties

98 1057 186 1116 uibus
202 1057 295 1113 Palma
313 1063 410 1141 utpote
421 1062 481 1117 anti
505 1062 646 1119 uissimns
661 1058 786 1133 praluit
841 1075 914 1132 opus
927 1061 1025 1132 luerit,
1047 1062 1097 1133 qni
1123 1067 1220 1119 exacte
1241 1061 1412 1132 respondeat
1431 1061 1592 1118 canonibus
1610 1063 1667 1118 Pa·

110 1141 225 1200 quoque
239 1128 433 1187 Ecclesrarum
445 1077 547 1189 calita
561 1137 665 1198 exstat,
681 1131 789 1204 quibus
841 1133 951 1190 schatis
963 1132 1151 1190 celebrationi
1166 1133 1273 1204 optime
1285 1133 1454 1190 constitutis
1463 1138 1523 1189 tum
1531 1132 1567 1188 ab
1575 1132 1669 1190 Eccle-

105 1202 240 1256 irenaeus.
252 1200 443 1259 Ecclesiarum
458 1218 573 1288 quoque
588 1207 618 1262 in
637 1205 789 1261 Osdroenae
842 1205 887 1260 sia
903 1204 932 1259 in
944 1205 1058 1260 Nicaena
1071 1204 1188 1275 synodo,
1205 1209 1267 1260 tum
1278 1205 1329 1261 aG
1380 1204 1513 1260 orloiilll
1528 1204 1558 1260 in
1570 1217 1668 1261 corre-

98 1270 790 1404 tttlttlltttttttlitttttattttt
841 1274 1670 1405 litttileelntclitiaetellecta

98 1414 172 1484 scopi
183 1412 365 1484 aliorumque
379 1363 582 1488 complurlnmy
592 1416 722 1488 epistolae
735 1428 790 1471 ex·
843 1419 914 1472 cimo
929 1417 997 1472 lunc
1004 1419 1091 1489 primi
1104 1419 1205 1473 mensis
1222 1432 1308 1488 usquc
1317 1418 1356 1472 od
1368 1362 1529 1486 vigesimorrqt
1552 1420 1671 1488 primam

98 1487 125 1543 ui
141 1496 239 1541 omnes
258 1486 385 1542 eamdem
408 1487 501 1560 fldem,
526 1491 710 1560 eamdemque
735 1487 791 1542 do·
845 1488 889 1544 die
908 1488 1233 1544 Dominicccmtodiotur
1257 1492 1383 1545 sanctum
1404 1487 1518 1544 Pascha.
1534 1490 1574 1545 lia
1595 1488 1671 1544 ratio

109 1553 296 1628 proferentes,
324 1570 408 1614 unam
432 1561 547 1617 edidere
559 1560 740 1617 sententiam.
757 1557 792 1614 tit
844 1558 979 1643 cognosci
990 1563 1084 1629 potest
1092 1572 1257 1629 expansaac
1265 1561 1459 1616 demonstrata
1474 1559 1505 1615 in
1520 1559 1670 1629 opusculo,

98 1624 790 1695 demisitntdini,illorumdednitio.sillam
845 1630 1027 1687 cuttitulum
1048 1630 1180 1713 praefixi:
1198 1631 1303 1686 Solatia
1349 1630 1505 1685 roblemotis
1518 1631 1670 1686 Poscholis.

98 1711 168 1755 inem
193 1699 329 1768 superius
348 1708 528 1771 expresserat
553 1703 649 1761 eodem
665 1715 728 1773 cap.
743 1697 789 1762 93.
846 1701 1029 1772 l‘raudarem,
1047 1714 1176 1774 inquam,
1193 1702 1304 1773 insigni
1339 1706 1491 1758 ocumento
1519 1700 1671 1758 historiam

98 1769 150 1826 ds:
173 1789 186 1822 r
202 1769 308 1840 sydoni
324 1769 360 1826 oh
382 1771 410 1828 id
425 1780 573 1845 coetussyue
591 1775 791 1844 episcoporum
805 1757 830 1819 Β
847 1773 936 1842 huius
946 1772 1071 1842 numeri,
1082 1772 1223 1832 nisiillud
1238 1779 1452 1829 monumentum
1463 1773 1672 1829 insererem:in

98 1854 135 1896 re.
152 1841 245 1910 Atque
260 1854 358 1898 omnes
371 1857 430 1901 uno
449 1857 591 1902 consensu
613 1842 793 1901 ecclesiasti·
847 1857 905 1915 quo
917 1855 973 1899 una
987 1856 1053 1902 cum
1068 1843 1147 1914 cyclo
1164 1848 1192 1900 et
1204 1856 1313 1900 canone
1328 1843 1473 1914 Hippolyti
1490 1843 1616 1900 incisum
1629 1842 1673 1899 le-

98 1910 171 1970 ulam
181 1912 326 1994 universis
341 1913 475 1972 bdelihus
486 1930 535 1985 per
548 1915 686 1987 epistolas
699 1913 794 1970 tradi·
869 1917 929 1971 itur
939 1929 1012 1969 enno
1066 1916 1114 1970 'mo
1132 1917 1304 1985 imperatoris
1329 1915 1487 1970 Alexandri
1497 1915 1675 1971 decretuma

98 1995 153 2040 :ue
171 1982 306 2038 vrdclrcet
319 1984 379 2040 ullo
398 1986 457 2042 alio
480 2001 566 2058 quam
581 1987 732 2045 Dominico
748 1984 795 2040 die
848 1931 909 2055 gio,
936 1987 1017 2043 lileut
1039 1999 1098 2056 ero,
1126 1987 1240 2043 Victore
1252 1991 1280 2043 et
1307 1985 1524 2042 successoribus
1539 1985 1676 2042 Romanis

98 2066 143 2112 um
163 2054 384 2112 resurrectionis
395 2057 510 2114 Domini
525 2072 653 2130 unquam
666 2055 796 2114 celebre·
850 2056 1037 2128 pontificibus
1052 2063 1216 2114 constanter
1245 2058 1424 2127 propositum
1449 2057 1581 2113 Ecclesia
1606 2056 1698 2113 uni-.

98 2137 149 2197 pue
162 2137 196 2181 eo
208 2124 405 2183 duntaxatdie
428 2129 608 2186 Paschalium
623 2128 795 2200 ‘cinniorum
850 2141 948 2198 versae,
964 2133 993 2186 et
1007 2127 1133 2186 Victoris
1152 2134 1235 2185 aetate
1250 2128 1377 2198 plurium
1391 2128 1584 2185 conciliorum
1604 2140 1677 2183 con-

98 2209 130 2252 m
148 2194 339 2252 observemus.
357 2215 371 2249 n
393 2198 490 2271 capite
511 2215 575 2258 vcro
593 2145 639 2269 ig,
664 2197 796 2271 producit
850 2200 950 2256 cordia
961 2204 1115 2272 assertum,
1130 2200 1173 2257 uti
1188 2200 1316 2257 vidimus
1329 2213 1395 2257 cum
1414 2198 1549 2267 Eusebio,
1566 2205 1599 2256 ut
1616 2197 1678 2255 scl-

98 2281 108 2322 r
123 2268 246 2338 epistola
260 2269 362 2338 synodi
377 2269 574 2343 cesariensis,
590 2272 637 2330 cui
652 2269 796 2328 interius·
851 2270 921 2327 licet
933 2275 1045 2355 recepta
1061 2284 1095 2327 ex
1107 2285 1166 2329 aeno
1173 2271 1333 2342 apostolico
1347 2271 1506 2340 disciplina
1514 2269 1680 2340 etexemplo

98 2338 208 2396 rcissus
227 2339 499 2414 Hierosolymorum,
511 2344 687 2414 Theophilus
701 2343 798 2398 casa·
851 2343 914 2398 dies
926 2342 1251 2399 Domanicacbristiano
1269 2342 1399 2399 Paschati
1415 2341 1586 2399 celebrando
1600 2355 1681 2398 sem-

98 2410 176 2468 ssius
184 2411 263 2480 Tyri,
275 2410 377 2468 Clarus
391 2413 585 2485 Ptolemaidis,
602 2415 711 2486 aliique
724 2413 798 2483 epis·
853 2427 904 2485 per
915 2413 1110 2497 addiceretur,
1128 2428 1191 2486 que
1206 2417 1270 2484 post
1294 2413 1576 2485 quartamdecimam
1593 2412 1682 2469 luna-

98 2481 424 2539 statidetraditionediei
434 2486 585 2551 Posctctts,
597 2485 726 2558 quaejam
735 2481 800 2538 inde
855 2497 913 2541 rem
925 2485 1001 2541 diem
1021 2497 1128 2541 mensas
1142 2486 1228 2555 primi
1244 2485 1373 2555 proxime
1388 2488 1594 2556 consequatur:
1611 2497 1683 2541 neue

98 2552 202 2608 blood
210 2554 282 2622 ipsos
293 2556 453 2611 continuato
467 2558 615 2613 traditione
628 2557 799 2624 monuerat,
852 2556 963 2626 ieiunia
977 2555 1118 2613 solemnia
1131 2557 1281 2614 solvantur
1290 2561 1357 2612 ante
1367 2557 1531 2626 praedictam
1541 2556 1618 2612 diem
1634 2557 1685 2612 Do·

98 2627 248 2692 tmonent,
264 2629 296 2680 ut
313 2629 480 2696 cuempiario
501 2630 612 2685 illorum
621 2628 741 2700 epistotae
751 2640 802 2696 per
856 2627 1003 2683 minicam.
1027 2628 1069 2682 lit
1095 2628 1148 2684 hoc
1171 2628 1246 2684 enim
1274 2640 1415 2683 marmore
1443 2627 1628 2699 perspicuum
1640 2626 1683 2696 dt,
1719 2676 1721 2680 .

98 2695 665 2782 molesiosmittantur.Signlhcantetlam
692 2708 802 2756 secum
856 2696 1082 2755 etiamieryente
1107 2697 1338 2768 persecutionum
1364 2702 1447 2767 aestu,
1463 2698 1610 2754 decretum
1624 2698 1686 2754 llo-

98 2765 191 2824 drlnis
205 2768 234 2821 in
250 2767 299 2822 die
314 2767 443 2825 Paschah
456 2774 609 2828 convenire
624 2789 631 2826 a
645 2784 709 2827 cum
721 2782 754 2825 ea
768 2767 803 2823 de
860 2782 1009 2826 manorum
1038 2769 1207 2840 pontilicum
1232 2769 1353 2839 scriptis
1368 2774 1396 2825 et
1415 2769 1551 2826 conciliis
1566 2774 1681 2827 sancto·

98 2852 148 2895 tuae
156 2838 191 2895 ad
209 2837 286 2910 illos,
298 2843 326 2894 et
336 2839 453 2897 illorum
467 2844 502 2899 ad
516 2856 547 2899 se
562 2843 663 2900 litterae
672 2838 804 2897 vicissim
858 2854 923 2897 rum
933 2842 1048 2898 Petrum
1063 2840 1225 2898 luculenter
1235 2839 1326 2897 luisse
1339 2840 1517 2897 illustratum
1542 2844 1687 2914 etgenui-

98 2913 179 2965 ntur.
191 2908 291 2991 §ludia
306 2910 428 2968 Victoris
437 2914 660 2985 proapostolicae
673 2909 807 2981 discipli·
860 2912 907 2968 nis
920 2912 1102 2969 documentis
1117 2913 1252 2969 marmori
1269 2911 1462 2981 insculptisin
1480 2883 1554 2967 Urbe
1562 2925 1618 2969 non
1634 2927 1687 2970 ca-

97 2986 238 3043 ernanus,
249 2985 277 3036 et
294 2983 403 3040 unitate
417 2997 449 3041 ac
464 2998 531 3049 pace
542 2986 676 3043 Ecclesiae
689 2981 805 3052 tuenda,
862 2984 966 3051 ruisse,
980 2997 1044 3054 que
1054 2983 1161 3039 victrix
1174 2983 1226 3039 aeri
1245 2982 1459 3122 religi‘ocgr'oisztrla¹
1469 2982 1687 3111 ιιὲῖξξὶτῗθίῗὲνὲἑ

1641 3070 1655 3111 r

1102 3124 1218 3181 ehemus
1230 3123 1412 3179 documentis
1420 3132 1579 3194 temporum
1591 3126 1622 3180 in
1635 3126 1688 3182 lio·

101 3064 119 3108 n
137 3050 292 3107 discrimen
304 3054 609 3115 vocabatcontunacia
622 3058 807 3122 Asianorum,
862 3054 1034 3124 posteritati.
1047 3054 1086 3109 dr
1107 3060 1254 3110 amentum
1266 3053 1296 3108 in

98 3122 173 3179 ritin
184 3122 290 3179 Galliis
304 3123 331 3178 S.
344 3126 468 3184 lrenaeus
482 3128 558 3185 notis
571 3129 599 3184 in
612 3128 719 3185 litteris
731 3123 806 3194 apud
823 3136 848 3200 0
863 3124 1069 3196 dduciaeqaam
1083 3069 1106 3183 a?
1240 3195 1246 3206 Ι
1398 3193 1404 3206 1

98 3207 120 3250 m
137 3192 255 3250 Eusehii
269 3192 386 3258 librum.
399 3211 461 3269 cap.
478 3196 523 3268 ai,
539 3200 655 3256 constat
669 3200 755 3255 ctiam
770 3194 811 3251 ri·
863 3209 946 3251 mana
960 3195 1088 3251 Ecclesia
1110 3200 1265 3251 asservatis
1278 3198 1306 3249 et
1325 3193 1440 3263 publice
1455 3196 1612 3265 propositis
1618 3201 1689 3325 1post

98 3263 308 3322 celantissimos
319 3265 408 3337 hujus
419 3271 513 3327 aetatis
527 3267 770 3341 Victoriaequalis,
781 3269 810 3320 et
863 3267 1005 3324 redditam
1021 3266 1066 3322 illi
1077 3278 1173 3336 pacem
1190 3278 1278 3335 3cum
1293 3264 1442 3321 videamus
1459 3270 1518 3321 tam
1534 3266 1617 3336 splen
1640 3267 1688 3324 ido

98 3334 811 3413 iarumadlahorasseinordinandiscycllsPascha·
865 3341 1049 3394 monumento
1072 3338 1221 3393 decoratos
1234 3336 1321 3392 etlam
1346 3335 1377 3390 in
1400 3336 1510 3407 cryptis
1531 3344 1687 3409 martyrum

98 3406 472 3482 hnatoliushlexandrinns,
486 3413 639 3483 episcopus
654 3410 812 3467 Laodicen·
864 3408 919 3466 sub
931 3409 1032 3466 Severo
1045 3407 1206 3465 Alexandro
1219 3412 1378 3477 temporum
1392 3420 1514 3464 canones
1528 3409 1617 3466 nnius
1630 3410 1690 3478 epi·

98 3478 229 3606 :gemulo
243 3483 362 3538 canonis
378 3483 525 3540 Paschalis
535 3484 611 3554 apud
628 3482 810 3550 dacherium,
864 3480 944 3549 scopi
956 3479 1063 3550 scripto
1081 3480 1252 3549 illustratos,
1265 3483 1294 3534 et
1307 3477 1438 3535 additum
1453 3479 1615 3552 catalogum
1630 3494 1688 3537 cae-

148 3548 244 3621 reiert,
258 3563 290 3607 ea
297 3548 333 3608 de
349 3567 378 3610 re
394 3552 483 3611 luisse
495 3555 732 3612 commentarium
748 3551 810 3607 edi·
864 3558 991 3608 terarum
1005 3552 1070 3621 ejus
1081 3550 1325 3607 lucubrationum.
1342 3550 1480 3606 liecenset
1494 3549 1602 3607 illasii.
1618 3553 1689 3608 ilie-

98 3636 104 3677 t
115 3590 239 3693 Origene
250 3622 440 3692 Alexandria,
454 3627 503 3681 ubl
515 3626 612 3682 studia
624 3624 764 3682 noreham
775 3620 810 3677 ad
866 3621 1161 3694 ronymuslnlihrode
1170 3619 1593 3693 Scriptoribusecclesiasticis,
1605 3622 1689 3694 plane

98 3692 158 3749 todi
173 3700 339 3763 computum
356 3699 525 3753 necessaria.
543 3700 605 3767 lpse
620 3709 685 3754 vero
702 3695 813 3751 bnato-
866 3692 1309 3764 respondentestitnltsoperam,
1324 3693 1603 3766 consignatishocin
1615 3708 1689 3751 mar-

98 3765 141 3819 'rae
153 3763 285 3819 doctrinae
297 3768 341 3820 nir
353 3765 397 3838 (ut
409 3769 647 3839 aitiiieronymus
657 3767 691 3824 de
705 3765 810 3833 script.
866 3779 944 3822 more
971 3778 1059 3836 prope
1072 3777 1209 3821 canonem
1232 3768 1391 3833 temporum
1417 3764 1613 3838 superiorum,
1642 3779 1691 3836 per

98 3833 105 3907 l
121 3835 347 3917 indeclinatae,
364 3842 519 3908 geometria,
531 3840 708 3905 astronomia,
729 3837 811 3890 aliis·-
866 3835 1170 3893 heccaeadecaelerldas
1184 3835 1342 3918 digestum.¹
1354 3835 1450 3890 Partes
1474 3834 1545 3892 illus
1559 3836 1691 3964 singulas

98 3905 220 3976 ciplim's,
237 3923 315 3976 ocyus
330 3911 437 3978 ingenii
458 3911 676 3980 mcpnitudmem
688 3908 813 3964 deuolat·
865 3922 930 3965 cnm
946 3906 1135 3977 explicuerim
1151 3907 1182 3963 ln
1194 3906 1400 3963 dissertatione
1408 3906 1444 3963 de
1456 3906 1535 3977 cyclo
1547 3908 1575 3962 S.
1589 3909 1611 3964 ii
1626 3921 1694 3979 ppo·

98 3976 164 4048 prod
177 3991 260 4047 snper
275 3980 380 4036 Pascha
400 3984 556 4051 composuit,
568 3983 660 4038 metiri
678 3981 748 4045 ticet,
761 3990 813 4035 eo-
866 3978 920 4052 lyti
933 3978 1049 4035 editain
1064 3977 1140 4034 libro
1154 3978 1190 4035 de
1205 3976 1415 4034 Kalendarioet
1427 3977 1507 4048 cyclo
1518 3978 1649 4050 cesaris,
1664 3984 1694 4036 et

98 4053 277 4132 ¹argumento
292 4052 565 4138 praeclararersatus
576 4054 684 4138 scripta
698 4063 751 4107 sua
762 4063 813 4106 no·
868 4050 1064 4135 in'Germania
1079 4061 1178 4134 recusa
1196 4050 1227 4104 in
1252 4047 1380 4132 editione
1391 4061 1509 4175 cinerum
1522 4049 1649 4120 ejusdem
1663 4050 1690 4134 ξ.

98 4121 814 4265 tillir?ttttlilllttl‘illicitetid}
866 4118 1693 4274 tt¹tttttrtttl'ltstlltttitallllttlttllt

98 4261 163 4318 iride
176 4280 183 4315 z
197 4267 228 4318 ut
240 4263 371 4321 observat
381 4269 604 4326 cardilorisins
616 4268 730 4325 dissert.
747 4261 814 4320 bde
868 4269 933 4335 post
942 4263 1087 4321 Petusium
1095 4261 1315 4348 etScalrgerum,
1332 4261 1570 4334 ibidemreperies
1580 4270 1693 4322 auctam

98 4332 125 4389 ‚ti
141 4333 307 4392 Latinorum
321 4338 409 4407 cyclo.
868 4335 1084 4393 commentariis
1096 4335 1126 4392 in
1135 4348 1168 4392 ea
1177 4335 1304 4391 editione
1314 4335 1694 4394 recusisvirorumclarissi·

98 4416 134 4460 rm
148 4418 204 4474 prae
219 4407 331 4464 ceteris
346 4409 475 4466 illustrat
496 4411 622 4482 genuino
644 4419 816 4466 monumen·
870 4406 1692 4479 morum,aetatisnostredecussuaeruditionetuentium,

98 4489 128 4531 us
141 4475 234 4559 etatis
249 4478 279 4533 in
304 4492 445 4562 marmore
456 4483 622 4610 consignato
644 4479 816 4565 Hippolytus
870 4479 1029 4550 Philippis
1047 4481 1138 4563 Turre
1156 4478 1361 4562 demulceret
1382 4475 1511 4601 ef.¹⁸⁰⁰¹‘⁵
1530 4477 1693 4601 zdriensis,

98 4547 856 4693 ittiillitittirifiittttilill.tlltt¹³
869 4546 1694 4702 tacitatacita'ltfttttttatnttllatae

98 4689 179 4745 iteris
206 4689 301 4747 Severi
329 4693 496 4764 Alexandri,
517 4696 551 4751 ad
568 4707 651 4767 quem
675 4696 816 4766 exegerat,
871 4692 1017 4751 academia
1030 4701 1178 4749 sacrarum
1193 4688 1356 4745 litterarum
1372 4688 1550 4758 interpretis,
1563 4691 1695 4748 amicitia

98 4773 240 4831 aronymns
254 4763 353 4836 tradit,
377 4766 503 4823 rationes
515 4766 638 4835 Paschae,
652 4771 681 4822 et
704 4773 818 4835 tempo-
872 4763 945 4821 mlbi
956 4769 985 4819 et
998 4762 1162 4820 studiorum
1176 4760 1378 4816 communione
1389 4758 1568 4828 tunctorum.
1582 4762 1694 4819 iconem

98 4842 215 4889 anoues.
234 4831 311 4890 Licet
332 4837 408 4892 enim
422 4839 518 4894 eodem
532 4837 612 4909 cyclo
627 4850 678 4895 usa
693 4848 748 4893 non
777 4836 818 4893 sit
873 4846 1037 4891 marmoree
1049 4832 1127 4890 sedis
1138 4834 1167 4887 et
1179 4829 1328 4888 simulacri
1336 4828 1519 4901 Hippolytum
1529 4832 1695 4903 episcopum

98 4915 129 4973 a,
146 4915 180 4959 ex
200 4904 252 4961 illo
267 4910 361 4962 tamen
382 4908 495 4965 occasio
509 4915 538 4966 et
554 4909 628 4966 ratio
643 4908 763 4965 suborta
774 4912 819 4963 est
872 4904 1022 4963 relerentls
1039 4917 1104 4962 cum
1119 4901 1339 4959 litterisGraecis
1352 4900 1382 4956 in
1396 4899 1596 4970 duplicisedis
1608 4903 1696 4961 latere

97 4973 197 5030 nendae
228 4977 523 5050 enneadecaeteridos,
556 4995 606 5037 sea
637 4978 739 5037 circuli
764 4990 819 5035 no-
873 4977 941 5033 hinc
954 4945 1184 5047 exprimentibus
1198 4985 1335 5030 canonem
1351 4971 1696 5056 temporumletcatalo-

98 5045 151 5101 cim
164 5059 316 5117 annorum,
337 5064 421 5121 quem
434 5053 545 5109 ceteris
560 5052 685 5110 Ecclesia
709 5056 819 5121 praetu-
892 5062 939 5105 um
950 5061 1067 5119 operum
1079 5045 1196 5104 insedls
1207 5043 1361 5101 indexione
1375 5042 1493 5115 posttea)
1508 5044 1575 5103 inde
1584 5046 1695 5117 cyclum

98 5120 299 5200 ntereacyclns
314 5118 365 5177 ille
379 5123 595 5194 Hippolythaeas
619 5122 754 5182 marmori
769 5123 819 5178 in·
872 5064 1036 5178 {aschalon
1057 5118 1091 5174 ad
1115 5116 1322 5202 consequentia
1346 5120 1472 5186 tempora
1493 5128 1649 5187 expansum
1662 5132 1697 5177 ex

98 5201 127 5244 us
149 5197 177 5245 et
190 5193 819 5267 inmartyrnmcryptiseliossuspropeeccle
874 5192 1047 5264 primoanno
1056 5190 1152 5247 Sererr
1161 5188 1314 5246 Alexandra
1323 5199 1386 5258 pag.
1395 5199 1474 5257 seqq.
1483 5187 1697 5261 subdoduplici

98 5286 110 5312 ι.
123 5227 270 5318 Laurentii
286 5269 366 5320 extra
380 5267 488 5336 biuros,
501 5267 531 5323 in
541 5282 609 5340 agro
626 5270 746 5336 verano,
762 5273 819 5323 eta
872 5276 950 5321 aenea
965 5260 1063 5320 tabula
1076 5273 1222 5342 excusam.

102 5328 131 5412 lo
140 5334 262 5390 cervino
271 5335 651 5410 cardinalibibliothecario,
661 5339 712 5410 qui
724 5345 821 5409 postea
909 5335 996 5391 Linea
1008 5331 1034 5389 l.
1051 5363 1086 5418 .·
1097 5334 1149 5388 liic
1161 5334 1227 5401 secat
1240 5333 1380 5458 sepseentes
1393 5328 1488 5413 cleros.
1506 5328 1610 5414 illapsi
1619 5334 1695 5405 apud

98 5401 248 5461 rtrdcatum
270 5406 430 5464 Romanum
447 5416 563 5467 erectus
585 5410 712 5468 hiarcelli
728 5412 752 5465 ll
765 5421 818 5465 no-
874 5405 1029 5463 Eusebium
1044 5404 1095 5460 lrh.
1112 5415 1243 5472 r11,cap.
1260 5403 1272 5457 l
1296 5443 1304 5471 ,
1321 5400 1454 5457 reddatur
1469 5402 1568 5458 Latine
1591 5406 1697 5473 modes

98 5473 200 5559 tinuit,
213 5475 243 5532 in
254 5479 424 5536 Vaticanum
434 5481 637 5539 bibliothecam
649 5481 759 5550 illatus,
768 5478 820 5535 nbi
873 5478 1061 5546 seudipnitos.
1069 5474 1199 5532 liarinus
1208 5473 1326 5543 madum
1334 5471 1516 5529 centurionis
1525 5477 1699 5544 promeritus

99 5547 288 5631 conspicitur,
313 5553 443 5609 exercuit
458 5554 574 5625 ingenia
591 5553 717 5624 plurium
731 5551 821 5633 chro7
875 5548 1211 5633 habuitcompctitorem,
1223 5542 1698 5672 gnicontenditllarinotanquam

98 5629 168 5674 rrum
190 5631 220 5674 rn
241 5632 275 5677 eo
300 5621 486 5681 illustrando.
513 5624 683 5681 fraudarem
710 5622 818 5692 insigna
873 5621 1041 5677 Christiano
1055 5618 1212 5676 nonlicerc
1243 5621 1387 5686 mnrtotem
1399 5627 1558 5699 capessere,
1572 5619 1626 5675 siba
1636 5636 1699 5678 vero

98 5691 397 5761 snto,etdocnmento
419 5708 508 5753 sacra
533 5694 721 5766 antiquitatis
747 5705 820 5764 prae-
875 5692 994 5763 prodam
1019 5692 1099 5747 illum
1126 5694 1282 5761 competere.
1311 5689 1354 5744 lta
1379 5699 1456 5743 earm
1485 5689 1586 5746 Latine
1604 5692 1700 5751 reddit

98 5761 219 5819 ectasin
231 5762 394 5822 huncnum.
425 5768 481 5824 nisi
495 5780 626 5825 curarem
637 5767 685 5823 hic
695 5769 823 5823 inserere
878 5763 1020 5833 Valesius,
1032 5761 1108 5835 qnod
1121 5761 1217 5819 Gracc
1236 5757 1379 5831 expressit
1402 5758 1559 5817 Eusebius:
1573 5759 1654 5844 ditm
1674 5766 1707 5817 bt

98 5836 293 5894 mammerti
302 5842 332 5895 et
344 5806 419 5911 cycli
434 5840 599 5916 imaginem,
619 5852 706 5914 qnam
723 5851 759 5899 ex
772 5850 824 5897 ar·
879 5834 1018 5894 ὶπιεάλλιιν
1031 5832 1188 5908 κὸνκλῆρον.
1212 5829 1406 5903 temporina
1421 5828 1567 5887 niueum
1595 5842 1636 5885 su
1660 5831 1729 5883 uss

161 5924 281 5986 Parnon.
307 5927 442 5990 cxxiii.
1596 5909 1638 5967 Ἃ
