3892 6136
116 302 185 362 iiii

498 306 656 363 HISTORIA
675 307 720 364 DE
737 306 826 362 vilis
844 303 929 361 huni.
948 303 1047 361 PONT.
1068 335 1105 346 —
1123 305 1151 362 S.
1171 308 1416 367 eiuuuuuhius.

1745 315 1814 377 ifflss

114 429 276 486 habeantur
296 430 373 484 inter
400 430 551 484 dioecesam.
581 429 660 499 Quod
686 442 773 500 supra
796 427 879 554 att7igi
905 426 936 552 iet}
951 425 1191 494 Ahnastasium;
1208 430 1380 486 cumvideat
1394 431 1586 488 inltritannlae
1599 439 1814 504 provinciaec-
1890 407 1896 418 ,

868 540 874 567 ι

114 503 193 557 natis
221 502 255 556 ad
282 500 403 566 Cletum,
425 507 453 556 et
478 502 512 556 ad
537 503 697 556 Evaristum
731 514 795 572 pag.

115 572 192 627 inira
208 572 334 643 legemus
351 573 379 626 in
396 573 547 642 Dionysio,
566 586 643 627 num.
659 569 715 628 26:
731 573 797 625 nilic
816 570 935 639 presby-

114 646 180 697 teris
194 644 328 696 Ecclesios
344 644 445 709 divisit,
461 652 486 696 ct
501 647 658 709 coemeteria,
679 649 704 698 et
715 644 860 712 parochias
872 641 935 694 dim·

115 729 185 768 ceses
201 716 332 768 instituit.
349 733 362 762 v
384 715 417 769 Et
443 714 553 770 clarius
570 714 599 769 ln
627 715 760 770 Marcello
786 726 865 769 ιιιιιιι.
882 708 933 766 et:

117 805 131 836 c
154 787 262 852 Viginti
286 788 406 855 quinque
434 787 526 840 titulos
552 788 581 839 in
605 786 671 839 urbe
684 787 767 841 liomo
795 785 937 837 constituit

115 860 198 926 quusi
228 856 351 910 dioeceses
373 862 486 927 propter
508 857 681 927 baptismum,
705 862 730 911 et
751 856 937 926 paenitentiam

114 926 273 989 multorum,
288 930 337 996 qui
351 928 587 990 convertebantur,
604 943 638 982 eu
644 930 776 997 paganis,
788 931 813 981 et
824 930 938 996 propter

115 997 272 1067 seruiturus
279 1003 442 1064 marturum.
461 998 584 1067 »Qualis
596 998 709 1054 demtum
720 1003 780 1054 erat
794 997 853 1053 hec
861 997 938 1052 aioe-

116 1082 224 1137 cesum,
244 1082 294 1124 seu
307 1071 505 1135 uaroeciarum,
525 1082 624 1139 nempe
639 1071 855 1140 episcopatuum
870 1079 940 1136 spe-

116 1140 185 1205 cies,
200 1153 233 1194 ac
249 1140 444 1196 rudimentum
462 1140 491 1194 in
503 1140 601 1195 titulis
612 1140 771 1196 liomanisi
784 1139 862 1194 Talis
877 1138 939 1194 sci-

118 1210 196 1276 licet,
221 1224 254 1265 ac
274 1216 413 1270 tentant
437 1212 506 1267 ordo
526 1216 613 1281 atque
635 1211 850 1267 administratio
873 1222 938 1263 am-

117 1281 243 1350 plissimi
264 1282 405 1351 cuiusque
428 1281 623 1350 episcopatus,
646 1296 701 1337 non
732 1285 828 1338 minus
851 1292 937 1350 quam

116 1353 258 1407 connexio
280 1367 344 1407 cum
362 1366 473 1407 summo
488 1354 635 1409 secerdote
660 1354 771 1423 percipi
794 1355 891 1421 posset
904 1363 938 1404 ex

119 1423 295 1491 inspectione
308 1423 535 1493 uniuscujusque
547 1424 626 1479 tituli
635 1423 939 1479 Romaniliivisaerat

118 1493 192 1548 Urbs
208 1492 243 1548 ab
256 1494 386 1564 Angusto
400 1495 430 1549 in
448 1496 577 1565 regiones
603 1494 830 1564 quatuordecim,
850 1494 938 1548 certis

117 1564 274 1624 limitibus.
299 1578 333 1619 ac
348 1567 452 1633 spatiis
472 1567 645 1637 designatas.
662 1566 800 1637 Regiones
815 1562 938 1636 singulae

119 1634 343 1702 suosvicos,vlci
356 1651 424 1691 suas
433 1636 752 1708 insulasagnoscebunt.
765 1637 868 1692 Civilis
880 1636 938 1691 haec

118 1706 230 1764 divisio
241 1707 388 1778 regionum
406 1707 491 1763 Urbis
504 1710 622 1778 ejusque
639 1710 763 1778 partium
774 1708 937 1779 expeditam

991 498 1152 555 clesiastica
1177 499 1345 557 fundatione
1371 505 1608 560 commentarium
1631 508 1677 563 hic
1692 523 1753 565 esse
1772 511 1812 566 ita

990 576 1165 639 contextum,
1192 580 1223 627 ut
1241 586 1296 628 non
1312 572 1406 628 solius
1422 575 1578 630 Britanniae
1606 578 1810 636 Ecclesiarum.

991 641 1813 719 sedetiamtotiusOccideutisepiscopatuum,acprovin-¹

990 711 1100 767 ciarum
1130 715 1273 783 specimen
1312 722 1506 787 recognoscat,
1538 731 1554 772 a
1579 719 1711 775 nomana
1735 723 1812 778 sedis

992 782 1262 840 hierarchasummo
1274 791 1405 841 curatum
1417 788 1500 856 juxta
1509 789 1654 859 exemplar
1670 793 1812 862 principis

990 853 1196 924 apostolorum,
1217 857 1264 911 cui
1294 858 1479 925 succedebat;
1497 859 1555 914 imo
1578 866 1606 915 et
1626 861 1717 919 totius
1732 864 1812 919 orbis

991 924 1182 981 Ecclesiarum
1198 927 1351 998 imaginem
1374 929 1530 984 breviatam
1547 931 1653 987 intueri
1669 946 1699 988 se
1712 939 1812 1004 putet3

991 996 1236 1121 guandoquiclem,
1246 1004 1273 1052 et
1282 999 1395 1054 Marcus
1408 1000 1473 1055 hinc
1482 999 1631 1083 ablegatus
1641 1003 1676 1058 ad
1687 1002 1815 1060 Alexan-

1014 1081 1107 1122 rmum
1119 1068 1812 1136 patriarchatumnondissimiliterordinandum.

992 1143 1020 1192 et
1033 1138 1158 1193 Evodius
1172 1140 1424 1196 adhntiochenum
1438 1141 1478 1196 ita
1489 1143 1752 1200 administrandum
1764 1145 1813 1201 di·

994 1215 1097 1277 rectus,
1110 1209 1189 1265 orbis
1199 1210 1324 1266 universi
1337 1210 1494 1267 Christiani
1508 1215 1670 1281 provincias
1680 1230 1744 1271 cum
1760 1218 1814 1271 Pe-

993 1279 1029 1333 tri
1053 1280 1198 1339 cathedra,
1214 1287 1242 1336 et
1259 1296 1324 1337 cum
1352 1284 1483 1339 humanae
1508 1284 1641 1340 Ecclesiae
1655 1286 1812 1356 disciplina

993 1350 1167 1475 {imilijme
1185 1366 1236 1408 nec
1246 1352 1355 1423 dispari
1365 1354 1515 1424 regiminis
1528 1356 1658 1412 methodo
1668 1363 1814 1414 connecte·

1013 1427 1072 1475 ant.

1028 1492 1095 1560 Qriae
1108 1494 1144 1549 de
1158 1494 1269 1564 duplici
1287 1495 1389 1564 limite,
1404 1509 1437 1553 ac
1449 1496 1523 1552 vallo
1546 1498 1678 1564 Adriani,
1696 1503 1724 1554 et
1749 1496 1810 1554 hn-

993 1564 1085 1619 tonini
1113 1580 1199 1635 supra
1223 1569 1301 1623 dicta
1329 1573 1407 1634 sunt,
1433 1569 1472 1622 ita
1497 1569 1641 1641 intelligat
1666 1569 1752 1626 velim
1769 1569 1813 1625 le-

992 1641 1063 1703 ctor,
1082 1641 1114 1691 ut
1139 1638 1167 1691 in
1193 1636 1285 1694 limite
1306 1638 1476 1693 occidentali
1497 1640 1579 1707 iuxta
1607 1641 1723 1709 planum
1751 1653 1813 1696 me-

994 1707 1136 1763 ridianum
1163 1721 1179 1764 a
1207 1709 1359 1764 Clausento
1388 1708 1421 1763 ad
1445 1709 1644 1780 Luguvallium
1676 1712 1813 1781 perducto

119 1777 254 1834 reddebat
273 1785 300 1834 et
314 1779 492 1847 perspicuam
518 1779 765 1848 [quemadmodum
783 1793 817 1834 ex
842 1778 938 1848 lapide
952 1792 977 1852 Β
993 1792 1048 1834 ιιι
1065 1780 1201 1848 opinetur
1215 1780 1320 1836 vallum
1346 1786 1514 1850 perpetuum
1530 1780 1565 1834 ab
1590 1781 1815 1851 imperatoribus

118 1848 283 1918 Capitolino
305 1851 488 1919 dignoscitur
508 1850 582 1918 apud
608 1851 762 1906 Gruterum
778 1852 856 1906 edito
872 1862 935 1921 pag.
993 1851 1157 1910 excitatum,
1174 1851 1252 1906 seda
1275 1852 1418 1905 Clausenio
1443 1846 1661 1927 [Soutbnmpton]
1673 1854 1707 1909 ad
1727 1857 1815 1908 iscam

119 1933 176 1984 ccx,
200 1934 307 1976 necnon
327 1934 361 1974 ex
387 1920 461 1976 Ruio
476 1932 502 1976 et
529 1921 649 1990 Victore)
673 1921 868 1987 curatoribus,
884 1922 940 1976 de-

122 1991 350 2060 nuntiatoribus,
366 1992 591 2062 vicomagistris,
605 1991 731 2062 aliisque
744 1993 888 2048 ministris
902 1993 938 2048 ad

120 2063 249 2134 regionis
264 2075 361 2116 curam
388 2064 534 2117 institutis
557 2064 603 2119 sui
630 2063 735 2118 limitis
751 2064 894 2129 notitiam,
910 2068 938 2119 et

121 2133 362 2203 procurationem.
386 2135 442 2189 Nec
463 2134 559 2189 minus
587 2140 760 2203 perspectam
787 2135 939 2189 titulorum

118 2204 352 2272 iurisdictionem
374 2205 402 2259 in
432 2212 524 2260 certos
548 2205 618 2260 lines
637 2205 762 2276 singulis
784 2205 941 2261 attributos

122 2275 218 2330 eadem
241 2275 348 2330 divisio
362 2276 497 2331 Romanis
512 2276 685 2345 preshyteris
709 2276 853 2331 atterebat.
869 2277 941 2331 Dia-

122 2346 205 2401 conis
219 2346 295 2400 enim
319 2347 486 2417 regionarii,
504 2353 536 2402 ut
556 2354 617 2401 erat
641 2353 739 2416 parata
758 2349 887 2411 maxime,
908 2361 941 2402 ac

123 2416 217 2472 nitida
245 2430 280 2471 ex
300 2420 448 2489 regionum
470 2417 581 2473 ambitu
604 2431 638 2473 ac
662 2418 764 2478 limite.
790 2432 853 2474 cum
876 2419 941 2475 dum

124 2488 255 2558 regiones
279 2488 406 2556 singulis
429 2489 576 2544 attributae
601 2489 815 2558 quatuordecim
839 2491 942 2560 hugu-

123 2564 207 2614 staeas
223 2559 253 2612 in
265 2565 371 2628 septem
386 2559 549 2627 pontificias
562 2560 778 2615 contraherent:
799 2561 838 2615 ita
854 2561 940 2615 etiam

125 2629 299 2699 preshyteris
312 2630 418 2700 viginti
433 2633 562 2700 quinque
587 2631 715 2686 vicorum
740 2631 800 2685 noti
817 2631 897 2699 lines,
913 2635 941 2686 et

125 2698 298 2771 insularum,
316 2700 466 2769 pontificia
482 2701 787 2771 partitioneattributi,
800 2703 942 2772 relinque

123 2770 194 2827 bant
208 2771 283 2826 nihil
307 2771 486 2843 ambiguum,
506 2779 556 2828 aut
580 2785 650 2828 cura
673 2773 744 2827 certi
766 2772 942 2843 presbyteri-

124 2843 305 2898 destitutum.
319 2843 439 2898 Ordinis
448 2857 562 2914 qnoque
578 2844 723 2914 ratioque
734 2844 764 2898 ιιι
776 2843 860 2899 Urbis
872 2843 942 2912 poli·

126 2913 167 2968 tia
179 2913 398 2984 vicomagistros
409 2915 548 2984 curatori,
564 2919 724 2969 curatorem
737 2914 868 2985 praesecto
886 2915 943 2969 Ur-

124 2983 318 3050 bisnectebat,
333 2985 362 3039 in
373 2985 566 3041 ecclesiastica
576 2986 730 3055 partitione
740 2985 941 3049 adhibebatur,

126 3056 272 3111 utnotarii
282 3055 468 3111 subdiaconis
477 3056 943 3125 regionariis,subdiaconidiaco

996 1922 1114 1977 durium
1131 1919 1209 1996 [Usi]
1223 1942 1231 1976 :
1247 1923 1313 1978 inde
1329 1936 1509 1978 verocursns
1525 1923 1606 1978 iluvii
1620 1923 1655 1979 ab
1671 1925 1756 1980 ostiis
1777 1924 1813 1979 ad

994 2007 1062 2050 suos
1087 1991 1180 2048 tontes
1208 1995 1297 2049 vicem
1326 1993 1393 2049 valli
1421 1995 1553 2061 suppleat
1569 1998 1814 2066 usqueitotunnm

995 2061 1144 2138 inruont:
1165 2064 1233 2119 hinc
1260 2079 1363 2121 rursus
1378 2064 1502 2120 excitato
1528 2065 1603 2122 rallo
1626 2067 1660 2121 ad
1682 2066 1816 2123 aestuaria

996 2149 1082 2205 prope
1092 2134 1327 2210 Uenomlcbester]
1342 2135 1482 2206 reliquam
1495 2136 1600 2193 limitis
1614 2145 1720 2207 partem
1734 2151 1817 2192 com-

996 2206 1071 2276 pleat
1089 2205 1219 2261 Oceanus
1234 2207 1346 2263 alluens
1373 2205 1526 2262 littoralem
1550 2215 1673 2264 tractum
1699 2209 1816 2263 Britan-

996 2278 1262 2333 niaeoccidentalem
1273 2285 1372 2334 contra
1388 2278 1541 2333 ilonaedam
1552 2279 1675 2334 insulam
1690 2293 1723 2334 ex
1734 2280 1815 2333 Devae

996 2349 1139 2404 aestuariis
1158 2349 1192 2403 ati
1209 2350 1401 2415 Luguvclh'um
1425 2344 1557 2422 [Cnrixiel.
1586 2348 1628 2404 ihi
1653 2364 1719 2406 vero
1743 2348 1817 2404 alter

996 2420 1080 2491 limes
1096 2419 1207 2487 incipit,
1223 2433 1323 2475 marus
1334 2418 1442 2475 scilicet
1450 2432 1607 2476 excurrens
1619 2420 1654 2475 ab
1667 2421 1817 2476 occidente

997 2491 1026 2546 in
1046 2491 1184 2545 orientem
1200 2504 1234 2545 ex
1250 2491 1464 2562 Luguvallioad
1477 2490 1697 2557 Gabrosentum,
1715 2491 1816 2547 utrin-

996 2575 1051 2631 que
1061 2561 1204 2631 attingens
1218 2559 1373 2625 Oceanum,
1389 2565 1417 2616 ct
1431 2561 1555 2617 Scotiam
1578 2562 1745 2618 hodiernam
1760 2561 1816 2615 ab·

995 2632 1098 2703 anglia
1114 2644 1258 2700 separans.
1275 2632 1327 2688 Per
1341 2633 1462 2687 limitem
1483 2632 1566 2688 illum
1588 2634 1711 2702 priorem
1728 2631 1815 2687 ierme

994 2703 1077 2771 Juxta
1103 2702 1221 2758 ductum
1243 2703 1393 2759 meridiani
1419 2703 1512 2758 divisa
1529 2702 1654 2759 subinde
1668 2702 1726 2760 suit
1751 2702 1816 2757 Uri·

997 2774 1096 2828 tannia
1128 2775 1220 2843 prima
1241 2786 1257 2827 a
1281 2775 1417 2840 secunda,
1444 2784 1551 2830 necnon
1578 2788 1594 2830 a
1623 2775 1719 2830 Flavia
1751 2774 1816 2828 Ce-

996 2845 1119 2970 sarieplsi
1158 2844 1213 2899 sub
1242 2843 1453 2911 Valentiniano,
1486 2849 1518 2900 ut
1554 2842 1622 2900 Gale
1659 2846 1689 2900 ιιι
1717 2842 1816 2899 tabula

997 2923 1076 2971 osten
1100 2915 1132 2970 ιι.

1327 3019 1488 3075 diaconii.

127 3126 184 3191 nis,
197 3125 310 3182 diaconi
327 3126 510 3197 preshyteris,
527 3132 555 3182 et
575 3127 686 3187 insula,
702 3128 770 3185 vici.
786 3139 982 3205 eorumquefl
1024 3126 1119 3208 ¹linea
1134 3121 1159 3179 3.
1171 3153 1208 3164 —
1219 3125 1271 3178 Hic
1295 3128 1396 3194 occepit
1416 3127 1557 3194 epistolam
1570 3143 1587 3180 a
1601 3127 1685 3181 Lucio
1699 3127 1816 3180 Briton-

127 3196 238 3264 incolae,
249 3210 282 3251 ac
298 3196 395 3253 lideies
407 3197 516 3269 singuli
535 3198 595 3253 sive
617 3197 772 3252 inChristo
786 3211 834 3265 per
845 3196 942 3267 bapti-

126 3280 220 3322 smum
231 3274 427 3335 nascerentur,
441 3269 500 3323 sive
511 3268 687 3330 decederent,
696 3269 757 3323 sive
768 3268 944 3337 poenitentiae

127 3350 177 3407 per
189 3346 396 3395 sacramentum
407 3340 507 3410 gratiae
520 3338 613 3395 ioreut
624 3339 807 3405 restituendi,
816 3339 944 3408 judicem

128 3407 237 3479 quidue
246 3423 342 3480 suum,
351 3423 384 3465 ac
392 3424 536 3466 censorem
548 3411 577 3464 in
590 3410 669 3465 tituli
679 3409 820 3465 cardinali
833 3408 945 3479 presby-

128 3485 189 3534 tero
211 3488 407 3551 agnoscerent,
423 3486 510 3551 atque
522 3482 562 3535 ita
577 3494 641 3537 cum
654 3481 798 3551 episcopo.
826 3480 946 3549 preshy-

128 3549 207 3615 terii,
232 3556 262 3604 et
284 3552 416 3607 Ecclesiae
430 3553 569 3607 universe
584 3551 687 3621 capite,
698 3551 807 3606 Christi
822 3552 898 3606 vices
915 3552 944 3605 in

131 3621 217 3676 terris
225 3627 335 3703 agente,
344 3628 589 3678 connecterentur.
602 3621 674 3689 Quis
690 3634 745 3676 non
758 3622 861 3691 videat,
874 3628 905 3676 ut
915 3622 947 3676 in

129 3691 322 3756 ordinatione,
337 3699 423 3764 atque
434 3694 544 3749 unitate
558 3693 673 3761 imperii
683 3693 802 3749 Romani
816 3700 945 3761 granatum

130 3761 222 3818 luisse
235 3763 400 3820 vehiculum
413 3764 566 3834 Evangelio
581 3761 698 3818 facilius
713 3762 945 3833 perierendojam

129 3831 275 3889 diximus:
293 3835 333 3890 ita
345 3837 374 3890 in
388 3843 462 3890 recte
476 3836 632 3890 constituta
647 3833 733 3889 Urbis
745 3835 909 3905 partitione,
920 3839 949 3889 et

131 3904 279 3976 regionum
298 3919 372 3961 nexu
387 3920 451 3961 cum
463 3906 525 3961 suis
539 3904 818 3974 officiisdisposrtam
833 3918 947 3961 monno-

131 3975 218 4030 miam
235 3977 386 4047 regiminis
396 3977 560 4039 titulorum,
570 3984 655 4047 atque
669 3977 698 4031 in
710 3976 807 4031 titulis
816 3977 945 4046 urbanis,

130 4058 288 4116 eorumque
299 4047 481 4118 preshyteris,
493 4048 526 4102 ad
544 4050 615 4103 hanc
625 4048 738 4104 ordinis
753 4047 842 4119 legem
856 4047 948 4116 ponti·

131 4116 195 4172 licia
208 4121 379 4174 auctoritate
391 4118 532 4180 formatis,
543 4124 571 4173 et
584 4118 665 4174 civili
680 4119 889 4174 consuetudine
901 4117 948 4173 ad·

126 4189 223 4257 Jectis,
235 4189 396 4245 methodum
411 4190 570 4244 absolutam
581 4190 692 4246 addisci
704 4189 839 4245 debuisse
852 4202 947 4259 regen·

128 4259 229 4314 darum
248 4261 419 4330 dioeceseon,
434 4266 461 4315 et
476 4261 687 4330 paroeciarum‘i
702 4262 770 4315 Erat
782 4260 947 4331 igitureJus

127 4329 949 4456 disciplinaecompendiumnonpostremum,3uaeiniun-

127 4401 233 4457 dandis
248 4403 447 4471 episcoporum
459 4403 614 4472 cathedris,
629 4404 763 4470 assignari

128 4473 476 4542 nexuqueservandocum
490 4475 556 4529 sede
565 4473 721 4542 apostolica
729 4401 935 4542 ιιιιιῗιξιίιῐιιιιῗιιιι8
937 4441 945 4542 ζ

998 3212 1051 3250 nte
1064 3211 1136 3263 rege,
1150 3200 1180 3248 ut
1195 3194 1368 3249 Christianus
1392 3199 1544 3264 efficeretur
1562 3213 1612 3266 per
1622 3199 1682 3265 ejus
1695 3196 1818 3250 mondo-

999 3273 1066 3320 ium.
1083 3269 1200 3321 ineunte
1212 3264 1370 3321 Eleutherii
1400 3267 1577 3334 nontilmtu,
1606 3267 1713 3323 lucius
1726 3267 1817 3336 Coylli

1000 3338 1089 3407 titius,
1104 3336 1306 3392 Britannorum
1327 3350 1376 3392 rex
1389 3350 1464 3392 anno
1477 3338 1584 3393 Christi
1604 3335 1664 3407 lua,
1689 3342 1718 3393 et
1732 3341 1816 3407 prin-

999 3409 1112 3477 cipatus
1123 3407 1167 3463 sui
1183 3405 1226 3476 ta,
1240 3408 1360 3478 cupiens
1375 3409 1544 3464 exstinctam
1557 3409 1725 3480 religionem
1740 3407 1820 3464 Chri-

1000 3482 1121 3534 stianam
1147 3490 1292 3545 renovare,
1322 3493 1405 3548 quam
1433 3479 1557 3549 primum
1576 3481 1678 3550 loseph
1702 3480 1820 3535 drima-

1001 3550 1132 3618 thiensis,
1150 3550 1200 3619 qui
1223 3548 1331 3604 Christi
1347 3564 1453 3621 corpus
1476 3551 1601 3620 sepeliit,
1636 3552 1700 3606 navi
1720 3557 1818 3606 vectus

1000 3634 1065 3675 cum
1089 3620 1178 3675 multo
1193 3621 1342 3690 comitatu,
1361 3621 1390 3676 in
1419 3634 1478 3677 eam
1498 3622 1634 3692 insulam,
1658 3623 1720 3678 sine
1738 3634 1818 3689 casu,

1001 3691 1061 3746 sive
1085 3691 1182 3746 divino
1206 3691 1341 3755 consilio,
1371 3693 1410 3746 ita
1433 3691 1545 3748 volente
1575 3694 1642 3759 Deo,
1658 3691 1818 3762 appellens.

1002 3762 1177 3832 predicavit,
1194 3761 1242 3816 ubi
1255 3768 1310 3817 tam
1321 3762 1392 3833 ipse,
1406 3776 1491 3890 guam
1504 3766 1567 3832 eius
1581 3764 1654 3819 socii
1666 3762 1772 3818 multos
1784 3761 1818 3816 ad

1003 3834 1136 3903 pietatem
1160 3846 1194 3887 cx
1234 3833 1381 3888 entilismo
1428 3840 1517 3896 uctos,
1543 3835 1634 3889 sacris
1660 3835 1746 3903 aquis
1770 3833 1819 3887 in-

1003 3905 1148 3960 tinxerant
1164 3848 1375 3972 Ertcffesiamnue
1389 3906 1598 3960 constituerant
1613 3904 1689 3976 (nam
1707 3903 1820 3972 Gildas,

1003 3975 1216 4030 vetustissimus
1230 3974 1312 4030 illius
1336 3982 1428 4045 gentis
1449 3977 1573 4045 scriptor
1588 3977 1748 4037 Britannos,
1761 3975 1818 4043 jam

1002 4044 1113 4100 iudeab
1123 4046 1272 4100 initioorti
1286 4045 1359 4100 Evan
1381 4045 1646 4114 elii,Christianam
1659 4047 1821 4114 suscepisse

1002 4117 1170 4188 religionem
1192 4116 1324 4186 testatur)
1338 4062 1480 4172 afsedem
1496 4116 1683 4187 apostolicam
1698 4117 1773 4172 duos
1786 4129 1821 4171 ex

1001 4189 1065 4244 suis
1090 4190 1254 4256 prudentes,
1279 4192 1306 4241 et
1335 4187 1472 4255 primores
1496 4192 1586 4255 viros,
1611 4188 1778 4255 llelvanum,
1793 4191 1822 4242 et

1002 4260 1177 4326 Medianum,
1188 4272 1252 4313 cum
1270 4256 1377 4314 litteris
1392 4259 1474 4314 misit
1484 4260 1534 4328 qui
1548 4275 1563 4312 a
1577 4258 1711 4329 pontifice
1721 4264 1820 4329 postu-

1003 4330 1095 4386 larent
1118 4330 1268 4399 religionis
1282 4329 1450 4385 Christianae
1471 4332 1633 4402 magistros.
1661 4336 1694 4384 ut
1707 4337 1764 4385 tam
1780 4343 1820 4397 se,

1002 4415 1087 4472 quam
1096 4401 1159 4470 eius
1172 4399 1309 4470 populum
1321 4405 1350 4455 in
1365 4413 1397 4455 ea
1409 4402 1594 4461 instruerent,
1605 4401 1821 4469 instructosque

1001 4471 1187 4542 baptizarent.
1196 4470 1388 4536 Eleutherius,
1400 4470 1474 4526 nihil
1483 4477 1645 4539 cunctatus,
1654 4470 1820 4540 Fugacium,

127 4544 185 4598 sia
211 4545 335 4599 hermano
352 4544 485 4613 pontilice
499 4546 533 4599 ad
550 4544 726 4599 ordinandas
743 4543 881 4599 ecclesias
896 4533 1029 4599 iu-Det
1056 4544 1222 4598 Damianum
1252 4543 1278 4596 S.
1313 4542 1343 4595 ll.
1383 4543 1413 4594 li.
1449 4539 1637 4610 presbyteros,
1676 4539 1819 4609 singulari

127 4618 186 4668 turi
198 4615 389 4684 episcopatus,
404 4621 454 4671 aut
469 4615 633 4684 provinciae,
644 4613 888 4686 ablegarenturex
899 4629 946 4669 ur-

126 4684 201 4739 bano
216 4685 293 4740 clero
318 4686 485 4756 presbyteri,
501 4686 653 4741 titulorum
669 4685 752 4741 Urbis
766 4687 944 4757 magisterio,

125 4756 209 4824 quasi
227 4762 256 4810 in
271 4757 427 4812 dioecesum
443 4757 644 4826 procuratione
658 4757 794 4812 exerciti:
822 4758 863 4812 vel
879 4757 946 4826 epi-

125 4827 206 4895 scopi
223 4827 317 4882 Romae
329 4829 455 4885 ordinati
472 4828 665 4897 expontidciae
681 4828 768 4896 hujus
780 4826 944 4896 disciplina

126 4903 213 4952 testes
225 4898 344 4955 oculati.
357 4901 530 4969 quaudoque
542 4901 628 4954 etiam
640 4898 674 4953 ad
688 4899 889 4968 temporariam
903 4899 944 4952 vi-

124 4968 210 5023 cariae
225 4971 356 5038 potestati
373 4983 471 5025 curam
494 4970 630 5031 adhibiti,
647 4970 729 5039 quasi
752 4969 864 5024 emeriti
885 4969 944 5024 du-

123 5050 170 5093 ces
185 5039 293 5095 Christi
309 5041 542 5107 vexillationum,
554 5041 748 5096 etcensitores
760 5040 867 5095 civium
878 5052 943 5095 vere

125 5109 317 5165 homanorum
338 5112 372 5166 ad
389 5112 519 5167 colonias
531 5111 657 5167 coelestis
676 5110 833 5166 ierusalem
848 5110 945 5166 dedu*

122 5180 237 5247 condas,
263 5186 370 5236 etcum
387 5183 439 5237 hac
452 5182 613 5237 earumdem
638 5183 767 5238 interris
792 5180 941 5251 metropoli

122 5256 200 5305 arcte
209 5253 429 5320 connectendas,
442 5252 626 5322 poscentibus
640 5254 756 5323 populis
768 5266 801 5309 ac
814 5252 940 5324 regibus,

121 5326 356 5391 concederentur,

156 5394 219 5447 lime
233 5395 465 5464 tusiusexposita
481 5395 506 5449 si
523 5395 589 5465 quis
602 5397 698 5456 ducat,
711 5407 795 5464 quam
811 5395 883 5449 ratio
894 5394 941 5449 ad·

121 5465 303 5520 notationum
318 5472 483 5535 exposceret
494 5466 529 5520 ad
545 5466 703 5521 Eleutherii
716 5466 881 5531 sectionem,
894 5478 940 5519 ex·

120 5534 265 5590 bibentem
280 5539 360 5591 Lucii
377 5538 452 5601 regis
469 5537 621 5604 postulata,
636 5542 664 5589 et
677 5535 833 5589 Eleutherii
847 5541 937 5604 pater·

120 5619 292 5662 uamcuram
303 5610 330 5662 ιιι
348 5606 617 5677 promovendaapud
634 5606 786 5659 Britannos
800 5604 940 5676 religione

117 5675 293 5746 Christiana,
305 5686 333 5734 et
348 5677 518 5734 ordinandis
530 5675 668 5731 Ecclesiis
680 5675 806 5743 ejusdem
820 5675 940 5746 provin-

90 5746 180 5816 'ciae,
201 5749 372 5821 indulgebit,
406 5753 437 5802 ut
466 5760 560 5817 spero,
586 5760 739 5803 excursum
768 5760 823 5803 non
843 5744 941 5803 inoffi-

1000 4615 1142 4679 doctrina,
1158 4619 1185 4667 et
1199 4613 1302 4680 pietate
1315 4611 1393 4667 viros
1409 4610 1479 4665 illuc
1492 4612 1582 4676 misit,
1598 4608 1649 4680 qui
1660 4611 1736 4680 regis
1746 4609 1821 4665 votis

1000 4683 1206 4741 satisfacerent.
1218 4684 1258 4736 lta
1268 4682 1509 4748 Britanniaopera
1521 4680 1675 4737 Eleutherii
1690 4681 1820 4736 omnium

1000 4754 1214 4826 provinciarum
1229 4752 1320 4822 prima
1337 4750 1521 4833 Evangelium
1546 4750 1661 4820 publice
1680 4750 1818 4819 suscepit.

998 4827 1076 4882 Adeo
1105 4829 1137 4879 ut
1159 4823 1356 4878 Tertullianus
1370 4823 1484 4877 vicinus
1499 4835 1597 4878 eorum
1614 4830 1773 4892 temporum
1789 4822 1820 4875 ιιι

1000 4897 1051 4952 ιιι.
1078 4894 1296 4952 contemnens
1311 4893 1514 4948 Britannorum
1541 4893 1686 4948 inaccessa
1712 4893 1820 4948 Roma-

998 4981 1100 5024 norum
1124 4966 1186 5020 loca
1209 4963 1326 5020 subdita
1346 4971 1415 5019 tunc
1438 4963 1554 5019 Christo
1574 4976 1636 5018 esse
1656 4963 1817 5031 scripserit.

1032 5038 1117 5094 Linea
1151 5033 1178 5091 5.
1199 5063 1236 5074 -
1263 5036 1297 5089 Ut
1320 5036 1398 5088 nulio
1433 5049 1494 5088 esco
1516 5035 1623 5089 usualis
1648 5050 1665 5088 o
1687 5034 1820 5088 Christia-

996 5111 1039 5163 nis
1067 5107 1270 5178 repudiaretur.
1293 5104 1505 5161 Encratitarum
1520 5111 1589 5161 tnnc
1610 5105 1711 5161 haeresi
1736 5104 1820 5159 inva-

998 5179 1131 5247 lescente,
1147 5190 1211 5247 que
1239 5188 1296 5231 non
1324 5176 1417 5232 solum
1444 5189 1483 5230 uu
1506 5177 1572 5239 tias,
1602 5177 1651 5232 sed
1679 5176 1821 5231 humanos

996 5250 1077 5306 cibos
1101 5245 1265 5314 damnabat,
1301 5247 1433 5303 instituit
1460 5190 1655 5307 Erectherius.
1692 5259 1728 5301 ne
1753 5245 1820 5317 quis

997 5321 1126 5377 fidelium
1163 5317 1199 5374 ob
1235 5319 1482 5388 superstitionem,
1517 5330 1607 5389 genus
1644 5317 1737 5373 ullum
1759 5315 1819 5372 cibi

999 5393 1138 5462 rejiceret,
1170 5403 1227 5460 quo
1249 5389 1381 5446 homines
1403 5402 1438 5444 en
1475 5388 1686 5444 consuetudine
1722 5400 1821 5444 vesce-

999 5469 1109 5519 rentur.

1358 5565 1454 5622 Pauli

1030 5675 1115 5730 Linea
1125 5671 1152 5730 3.
1162 5675 1256 5728 -Hic
1264 5674 1525 5744 occepitepistolam.
1535 5671 1730 5741 EleutheriuS,
1744 5672 1819 5732 inito

996 5744 1733 5817 pontificatuepistoiamacceprtatucioitritanniae
1743 5757 1818 5816 rege,

117 5818 242 5890 ciosum,
263 5833 355 5890 neque
369 5818 496 5874 alienum
512 5831 528 5874 a
548 5819 660 5874 ratione
676 5818 894 5874 Adrrotctionnm
911 5818 941 5874 in
991 5831 1047 5888 qua
1056 5817 1221 5889 rogabatur,
1234 5822 1267 5873 ut
1277 5817 1372 5874 divini
1385 5815 1465 5873 verbi
1473 5815 1635 5887 ministros,
1646 5827 1680 5870 ac
1687 5817 1822 5870 sacerdo·
