3892 6136
114 271 167 330 823
511 273 558 328 al)
575 271 791 330 anasTasiiint
811 272 1068 332 Phocuuoalliha
1087 274 1175 330 buti.
1197 274 1412 332 hoii-valle.
1771 268 1827 326 8ai

117 399 237 466 exitum,
255 409 288 453 ac
301 397 443 453 desiderii
459 397 631 452 creationem
648 402 675 450 et
689 396 882 465 captivitatem
896 409 942 449 ex·
955 400 981 457 a
995 399 1064 451 lunc
1080 410 1143 469 rege
1157 398 1329 452 Francorum
1344 395 1512 462 debellatus,
1527 409 1592 452 curn
1609 407 1700 450 uvore
1719 405 1828 462 aspor-

119 469 239 539 pediam.
255 469 449 539 conregnasse
463 468 701 536 lleildeprandum
714 480 777 522 cum
792 468 942 535 liutpran-
996 471 1074 522 tatur
1095 470 1124 523 in
1142 469 1287 523 Franciam
1303 482 1357 523 ann
1373 463 1436 537 774,
1457 467 1600 536 tinemque
1615 465 1697 520 444444
1710 466 1828 535 Lango-

71 575 74 580 2
118 541 156 595 clo
170 546 280 594 certum
292 540 388 596 estcld
404 541 487 594 docet
503 544 715 593 monumentum
740 537 856 607 (vitiatae
877 538 941 592 licet
997 537 1149 595 bardorum
1167 540 1196 594 in
1220 539 1301 594 ltalia
1317 538 1407 610 regni,
1427 551 1502 594 anno
1516 538 1552 592 ab
1564 551 1663 594 eorum
1691 537 1826 608 ingressu

121 611 389 680 notatemporariae)
402 613 476 679 quod
488 612 609 664 ioannes
621 610 747 664 Pasieria
761 608 943 663 bibliothecae
996 609 1191 665 ducentesimo
1205 616 1296 664 sento.

120 681 252 736 ambros.
265 680 423 748 praelectus,
439 680 664 735 communicavit
676 694 741 735 curn
755 680 938 735 mabillonio:
1031 677 1075 735 37.
1093 682 1188 736 Restat
1205 681 1286 735 modo
1303 686 1335 735 ut
1349 681 1464 752 Rachis,
1489 678 1649 748 aistulphi,
1680 678 1823 734 Desiderii

120 752 285 817 Mainipalda
299 754 346 805 liei
359 753 470 812 4444444,
482 757 507 806 44
519 756 590 805 ueste
601 753 760 804 monialium
783 752 882 804 444444
896 752 943 803 oi·
997 756 1094 807 {elates
1120 753 1283 806 contirmem
1313 750 1502 807 documentis.
1533 751 1628 813 Pulso,
1650 754 1683 805 ut
1703 748 1823 811 aiebam,

998 822 1216 892 lleildeprando,
1252 822 1390 878 continuo
1424 822 1555 894 regnavit
1578 820 1687 876 llacbis
1709 818 1823 891 (mensis

999 894 1214 949 nimirumlulii
1230 893 1277 948 die
1287 892 1452 961 4444444443,
1464 888 1580 960 44744),
1598 892 1675 961 quod
1691 904 1821 961 compro·

1000 962 1068 1019 bant
1082 965 1251 1020 documenta
1272 963 1348 1018 duo:
1366 962 1392 1035 4,
1408 963 1545 1035 Prologus
1560 964 1624 1033 ejas
1638 963 1736 1033 legum
1752 969 1821 1018 tenn-

1001 1036 1142 1103 porariam
1159 1035 1232 1089 hanc
1247 1041 1342 1089 notam
1364 1035 1488 1090 babens:
1504 1036 1586 1090 aomo
1605 1049 1688 1100 cepae
1706 1035 1761 1087 mei
1780 1048 1819 1087 se-

1000 1106 1088 1159 cundo
1104 1120 1124 1160 ιι
1141 1106 1185 1159 die
1195 1105 1367 1159 calendarum
1381 1107 1499 1160 Martiae
1509 1105 1597 1159 indict
1609 1118 1672 1158 ιιιιι.
1685 1102 1716 1159 2.
1733 1104 1819 1158 Privi-

1002 1175 1107 1245 lcgium
1130 1176 1165 1231 ab
1188 1190 1221 1231 eo
1241 1177 1340 1233 datam
1364 1178 1456 1231 Ticirm
1470 1193 1500 1230 m
1522 1177 1638 1244 palatio,
1664 1177 1764 1244 quarto
1781 1175 1818 1228 die

1000 1251 1099 1301 mensis
1112 1249 1217 1304 Martii.
1234 1263 1306 1300 cirino
1328 1247 1481 1312 felicissimi
1503 1247 1584 1314 reperi
1596 1248 1686 1319 nostri
1699 1245 1815 1306 seeundo,
1848 1242 1853 1257 '

1000 1319 1058 1371 ind.
1088 1332 1134 1373 ιιιι
1158 1319 1277 1384 feliciter
1296 1317 1421 1389 (Ugbell.
1439 1318 1502 1371 ltcl.
1518 1319 1578 1373 See.
1596 1325 1619 1372 t.
1648 1318 1692 1383 113
1716 1317 1750 1370 de
1772 1317 1814 1385 Ep.

1000 1388 1128 1458 Placent).
1160 1389 1228 1457 Quae
1262 1388 1320 1443 duo
1342 1389 1508 1444 documenta
1537 1403 1601 1443 eum
1628 1392 1759 1457 spectant
1787 1384 1813 1442 td

1002 1474 1107 1516 annum
1123 1457 1186 1520 7444,
1212 1461 1374 1514 certissime
1398 1460 1553 1515 ostendunt
1568 1458 1688 1513 liacbim
1705 1458 1811 1514 lemtim

1002 1545 1064 1586 esse
1076 1538 1137 1597 post
1151 1532 1225 1586 diem
1252 1528 1267 1584 l
1283 1531 1378 1584 4444444
1392 1544 1438 1586 44.
1459 1527 1524 1598 799,
1543 1537 1575 1585 44
1603 1529 1710 1585 4444444
1725 1530 1812 1598 Paglus

126 1601 201 1668 apud
228 1601 373 1657 laudatum
399 1602 598 1658 illabillonium
623 1602 698 1672 (liin.
714 1604 766 1656 ital
791 1609 818 1657 et
843 1617 903 1655 sac.
928 1613 947 1654 ιι
1003 1603 1078 1671 (444,
1092 1597 1154 1669 736,
1173 1618 1201 1654 n.
1225 1600 1252 1668 9,
1267 1598 1340 1665 744,
1359 1618 1387 1655 n.
1404 1599 1431 1668 5,
1444 1598 1507 1664 750,
1523 1617 1551 1654 a.
1569 1598 1604 1670 4).
1630 1601 1706 1668 Quid
1718 1612 1778 1655 vero
1790 1600 1811 1653 in

126 1672 238 1742 bened.)
252 1672 447 1741 condrmatur,
463 1675 536 1742 quod
554 1675 617 1742 ipso
638 1686 732 1728 mense
755 1674 858 1728 hiartin
875 1685 949 1740 prae-
1005 1675 1113 1728 incerto
1124 1672 1304 1741 relinquatur
1312 1673 1375 1740 ejas
1385 1672 1657 1742 principiumqnod
1668 1670 1811 1725 etileriem·

50 1760 53 1765 ·
127 1743 200 1797 dicti
210 1745 278 1798 anni
293 1739 347 1798 736
355 1756 527 1799 4444444444
537 1744 867 1814 44444444444444444444,
878 1749 949 1797 erat·
965 1767 991 1826 B
1006 1743 1568 1814 petiauctoritasetliacchinii'observaia
1576 1739 1811 1797 redduntcertnnl

127 1827 183 1882 que
204 1814 298 1869 adbuc
313 1822 457 1885 superstes
481 1815 574 1883 pridie
592 1815 732 1870 Kalendas
748 1816 861 1885 apriles
880 1814 947 1869 anni
1003 1818 1089 1870 Notat
1123 1814 1296 1868 bacchinius
1322 1814 1531 1883 lieildeprando
1565 1813 1736 1868 tribuendos
1764 1818 1811 1883 post

127 1886 296 1942 emortualis
309 1886 479 1955 liutprandi
492 1882 553 1940 744.
571 1889 776 1943 Documentum
793 1894 887 1941 aulem
910 1886 949 1940 ita
1005 1886 1210 1953 liutprandum
1227 1898 1336 1939 menses
1351 1899 1409 1955 sex,
1427 1887 1488 1954 qui,
1504 1889 1635 1954 utsupra
1658 1882 1773 1951 aiebam,
1781 1882 1809 1936 ad

130 1953 230 2011 babet:
246 1962 345 2011 actam
357 1960 446 2012 Ticini
457 1959 507 2011 sab
527 1958 571 2011 die
582 1972 601 2013 ιι
616 1960 679 2011 lial.
695 1961 763 2027 Api.
781 1974 852 2010 amm
861 1958 950 2024 plicis
1006 1957 1134 2027 praedicti
1161 1957 1267 2010 mensis
1283 1957 1390 2010 exitum
1406 1957 1584 2025 perducunt;
1613 1955 1810 2024 lierlrempertos

129 2031 304 2092 repninostri
316 2044 386 2083 nono
399 2031 448 2083 Per
463 2030 561 2084 indict.
583 2043 633 2083 xvv.
665 2028 851 2097 Quamobrem
869 2027 951 2082 14441-
1005 2041 1071 2082 vero
1088 2031 1198 2081 aetatem
1218 2026 1324 2081 liachis
1348 2027 1452 2081 delinit
1478 2040 1569 2082 annor
1582 2023 1608 2092 4,
1636 2026 1772 2081 mensium
1790 2021 1809 2088 4,

129 2096 302 2166 deprendas,
316 2107 517 2168 praeterannos
531 2105 594 2156 4444
604 2100 723 2167 solidos,
736 2102 867 2167 regnavit
879 2113 953 2153 men·
1007 2099 1081 2165 qnod
1102 2098 1239 2166 temporis
1265 2098 1389 2166 spatium
1412 2097 1447 2151 ab
1459 2098 1530 2152 iulii
1547 2098 1656 2153 mensis
1675 2098 1722 2152 die
1743 2096 1809 2151 tertia

129 2179 174 2221 ses
187 2169 309 2239 aliquot,
326 2185 446 2241 quorum
461 2186 611 2227 numerum
631 2185 677 2226 res
690 2177 828 2226 velustate
843 2171 952 2225 obritiae
1007 2169 1116 2226 decima
1132 2170 1237 2224 initum
1253 2171 1286 2222 ad
1315 2169 1391 2222 diem
1413 2169 1530 2224 circiter
1548 2166 1582 2223 43
1598 2169 1706 2223 mensis
1720 2166 1810 2236 aprilis

130 2238 266 2321 indagare
278 2254 332 2296 non
346 2242 455 2297 sinant.
473 2243 639 2313 acproinde
654 2256 753 2297 novam
764 2241 878 2297 abbatis
890 2242 953 2295 4444-
1008 2240 1215 2310 perdueitanni
1225 2234 1285 2293 itit
1299 2241 1354 2294 lloe
1365 2245 1442 2294 certe
1452 2252 1526 2293 anno
1537 2239 1689 2295 abdicasse
1703 2238 1808 2296 {iachim

131 2308 953 2382 chinnichronologiamliaeccarsaGaramantidasen.)
1008 2313 1193 2380 Fratremque
1225 2310 1412 2377 aistulphum
1440 2323 1557 2381 regnare
1585 2323 1683 2366 orsum
1711 2314 1809 2364 testatur

28 2407 33 2417 -
130 2381 246 2448 penitus
259 2383 402 2451 rejiciens,
425 2398 536 2440 menses
549 2391 660 2440 tantum
676 2385 783 2440 retinui
798 2398 856 2452 sex,
882 2397 953 2453 quos
1008 2384 1209 2439 documentum
1225 2383 1288 2449 ejus
1304 2380 1470 2448 lereaetalis,
1484 2382 1558 2450 quod
1578 2381 1620 2436 ita
1637 2381 1735 2436 babel:
1747 2380 1809 2433 anna

130 2450 235 2506 tribuit
247 2452 457 2521 lleildeprando
469 2462 531 2525 post
547 2456 716 2523 Liutprandi
728 2454 849 2510 obitum:
867 2455 907 2509 ita
922 2461 953 2508 ut
1008 2454 1153 2509 tiernioica
1177 2454 1376 2506 incarnationis
1395 2449 1457 2513 iia,
1468 2453 1611 2506 centesimo
1633 2467 1696 2506 aero
1724 2456 1809 2517 444444-

128 2523 277 2579 solionnn
305 2522 393 2579 444444
406 2524 576 2580 deturbatus
592 2527 648 2581 nisi
672 2539 768 2580 mense
791 2525 878 2581 44444.
904 2539 953 2579 sex
1009 2529 1075 2579 simo
1098 2525 1282 2590 impressionis⁴
1313 2523 1556 2590 Laapohardoram
1587 2525 1617 2575 in
1642 2524 1758 2586 ltaliam,
1780 2520 1810 2572 eir

132 2591 233 2663 nempe
245 2594 394 2651 mensibus
428 2596 952 2664 ostlautprandiemortualemdiem,
1008 2594 1557 2664 plor-iosissimasavsrutenuslllatchis)
1577 2591 1810 2661 permunosaode-

130 2663 165 2721 43
179 2666 309 2721 44444411
322 2667 391 2721 4444
406 2609 468 2721 Jiil.
486 2667 523 2722 al
539 2666 671 2721 nesimnl
686 2667 844 2736 pugnantia
858 2667 955 2722 videar
1008 2671 1081 2721 uicto
1102 2666 1243 2735 Pentapoli
1264 2680 1349 2717 saosn
1373 2667 1480 2720 bmnini
1500 2665 1641 2719 Zachariae
1663 2679 1740 2734 pape
1758 2665 1809 2730 {ach

130 2737 250 2802 tradere,
262 2749 297 2790 en
314 2736 392 2791 Libri
405 2737 583 2793 Pontidcalis
594 2737 751 2806 synchroni
764 2737 917 2793 historiam
928 2746 956 2795 et
1010 2741 1099 2793 borna
1121 2739 1215 2790 clerico
1235 2740 1369 2803 sceptrum
1392 2736 1637 2804 Larrpoiardoram
1658 2740 1760 2790 stream
1777 2747 1810 2785 re·

126 2807 307 2874 documenta,
323 2807 515 2877 quibusutor.
1011 2825 1085 2876 peres,
1102 2815 1155 2868 etc,
1179 2808 1287 2875 (script.
1309 2808 1409 2861 ituit
1426 2806 1445 2871 l,
1473 2822 1501 2875 q.
1525 2805 1553 2871 9,
1570 2807 1604 2860 de
1617 2807 1733 2860 Turidat.
1756 2817 1808 2857 mm.

164 2875 209 2933 36.
236 2878 413 2947 liutprando
434 2880 591 2934 Ravennam
618 2883 773 2947 premente,
798 2880 956 2950 Eutychiae
1011 2877 1244 2949 dementitium
1262 2884 1475 2933 monumentum
1492 2891 1507 2930 a
1523 2879 1610 2948 Pagio
1623 2877 1694 2932 alibi
1707 2876 1809 2931 ohsem

131 2948 272 3004 exarchus
291 2957 318 3004 et
334 2949 509 3005 Ravennates
521 2957 605 3005 orant
620 2949 781 3019 pontillcem
805 2952 832 3005 S.
846 2951 955 3005 Tacha-
1011 2959 1071 3006 tam
1096 2951 1154 3019 (cio.
1174 2947 1236 3012 750,
1251 2966 1278 3001 n.
1307 2947 1317 3001 4
1324 2958 1330 3012 ji
1346 2963 1400 3005 non
1418 2956 1493 3002 recte
1512 2948 1548 3003 ab
1569 2949 1668 3004 eodem
1689 2947 1807 3019 arguitur.

130 3020 203 3075 riam
220 3019 405 3076 utensilium
420 3019 501 3075 levat.
521 3022 573 3076 4444
592 3021 733 3092 legatione
747 3022 781 3076 ad
795 3035 886 3089 444444
902 3035 955 3076 ne·
1010 3033 1143 3092 tanquam
1156 3035 1217 3074 444
1233 3020 1550 3089 Langobardiaaaunos
1562 3019 1715 3087 mutilans3
1727 3014 1808 3073 etenin

129 3090 287 3160 quidquam
303 3092 450 3155 adornata,
464 3106 513 3160 per
526 3106 555 3146 se
568 3093 775 3160 Liutprandum
787 3092 847 3162 ipse
857 3107 954 3148 conve
971 3130 995 3192 C
1010 3095 1134 3160 smiptor
1148 3094 1235 3160 Ligur
1250 3089 1285 3145 ab
1300 3093 1422 3147 adventu
1439 3092 1467 3145 in
1484 3091 1647 3160 Liguriam,
1661 3089 1808 3145 44444144-

129 3162 288 3216 ιι44.414444
316 3162 695 3232 prohciseituritavennam.
719 3163 787 3218 hinc
808 3164 952 3229 Ticinum,
1010 3163 1155 3235 gabardici
1186 3163 1265 3233 regni
1297 3162 1466 3232 primordiis
1494 3163 1592 3230 erepit,
1643 3165 1705 3216 erat
1735 3164 1806 3236 44444

129 3245 188 3301 quo
213 3232 342 3301 pervenit
355 3232 402 3286 die
414 3231 450 3288 itt
473 3234 564 3289 lanii.
583 3247 658 3290 anno
681 3231 744 3289 743.
765 3234 816 3289 1444
842 3242 953 3304 postera
1011 3235 1164 3303 utriusque
1180 3234 1209 3288 in
1223 3247 1310 3294 cursa
1323 3247 1417 3288 avinus
1438 3230 1489 3288 4844
1507 3233 1644 3303 usquead
1662 3228 1808 3300 Septembris

127 3316 242 3359 sacrum
260 3300 330 3358 lacit
352 3304 382 3357 in
395 3303 422 3357 S.
440 3305 515 3359 Petri
533 3306 561 3359 in
574 3305 650 3360 Coelo
670 3318 765 3360 aureo.
785 3305 836 3375 agi
852 3306 955 3360 deinde
1011 3305 1196 3375 prioresdies
1208 3319 1270 3359 4444.
1292 3306 1471 3374 dionysiana
1484 3300 1546 3358 749.
1563 3304 1600 3357 at
1623 3304 1727 3357 mensis
1738 3302 1763 3355 in
1775 3299 1811 3374 in·¹

128 3374 298 3442 coeptumde
318 3374 700 3431 Ravennatibusliberandis
714 3389 747 3430 ac
768 3377 956 3432 restituendis
1010 3382 1088 3431 certo
1108 3375 1202 3430 adbuc
1216 3383 1277 3433 est:
1299 3375 1481 3434 duoscilicet
1500 3375 1672 3430 documenta
1688 3367 1808 3438 aistulphi

129 3444 245 3500 ablatis,
263 3445 342 3501 Victa
357 3445 472 3501 demum
492 3447 568 3516 regis
588 3447 707 3515 duritie,
722 3453 891 3501 conventum
913 3456 954 3516 44,
1012 3446 1171 3517 primordia
1184 3447 1259 3501 inter
1276 3460 1385 3505 menses
1399 3447 1531 3501 ilartium
1546 3446 1694 3500 etlulium
1706 3442 1808 3512 ejusden

128 3516 240 3570 caeteris
256 3517 409 3581 restitutis,
424 3524 528 3585 partem
541 3520 655 3572 tertiam
667 3518 723 3573 sibi
738 3531 787 3573 rex
802 3525 958 3573 reservaret
1013 3520 1081 3573 :inni
1093 3517 1427 3588 restringuntPrologus
1437 3517 1501 3585 eins
1512 3511 1809 3638 legumeoegitPaptat

127 3587 431 3643 territoriiCeesenatis
445 3589 616 3644 reddendam
631 3595 693 3658 post
704 3589 843 3643 Kalendas
857 3591 959 3644 lunias
1014 3588 1130 3644 utillud
1146 3590 1335 3648 constitueret
1351 3594 1414 3658 post
1430 3586 1480 3643 Kal
1504 3589 1575 3642 ilari
1590 3605 1597 3656 ς
1613 3586 1654 3642 ibi
1665 3587 1739 3642 enim
1765 3595 1811 3651 ep·

127 3655 206 3728 (anni
220 3656 353 3713 videlicet
372 3655 444 3730 744).
467 3661 535 3715 dum
558 3661 673 3715 interim
691 3660 775 3730 legati
798 3660 869 3730 regii
889 3661 959 3715 mit·
1014 3669 1080 3715 tar:
1098 3661 1177 3712 atino
1194 3661 1348 3725 felicissimi
1365 3661 1444 3727 repat
1462 3660 1551 3712 nostri
1573 3661 1604 3712 4η
1624 3660 1673 3712 pet
1693 3657 1810 3711 „mear

130 3733 260 3784 terentur
283 3729 393 3797 Cpolim
410 3743 443 3784 ac
459 3732 595 3798 redirent,
612 3732 727 3786 Romam
755 3738 909 3786 revertitur
928 3731 956 3786 S.
1012 3734 1042 3784 in
1073 3733 1117 3783 die
1139 3730 1464 3787 liaicadarmnldortior.
1492 3731 1580 3784 indict
1610 3743 1661 3798 vu,
1678 3741 1738 3797 qua
1758 3733 1811 3802 aaut

131 3797 259 3867 pontifex
276 3799 323 3854 bis
339 3801 518 3868 compositis,
543 3807 629 3869 atque
646 3803 748 3855 iterum
763 3801 887 3856 celebrat
913 3801 959 3857 ie-
1013 3802 1146 3856 convenit
1159 3797 1221 3857 tei.
1238 3804 1422 3859 Condrmatio
1435 3816 1500 3857 vera
1516 3801 1658 3857 bonorum
1671 3801 1811 3873 monasterti

129 3877 204 3924 stam
218 3871 265 3923 ss.
281 3868 494 3938 apostolorum,
511 3884 633 3939 quorum
647 3872 768 3925 natalem
784 3872 859 3925 diem
880 3872 958 3927 cele-
1014 3872 1176 3927 i'arlensis:
1202 3876 1273 3929 Data
1298 3879 1433 3930 4444444444
1466 3877 1496 3928 ia
1526 3873 1633 3941 palatio
1659 3875 1755 3940 quarm
1782 3864 1813 3917 da

130 3940 261 3995 beaverat
274 3940 380 3994 Ticini.
405 3940 482 3995 llaud
498 3941 537 3996 iia
551 3945 641 3997 multo
661 3949 722 4009 post
737 3949 879 3997 mortuum
895 3957 958 3998 esse
1012 3945 1111 3997 nierrsis
1123 3944 1192 3996 latii
1215 3962 1287 4000 ontio
1301 3946 1456 4013 felicissimi
1469 3947 1550 4012 repat
1577 3945 1667 3997 nostri
1681 3934 1811 3995 tertioiad.

130 4011 215 4065 audit
229 4009 437 4079 liutprandum
452 4025 543 4082 regem
555 4016 621 4065 ante
636 4012 798 4067 condictam
815 4017 957 4068 universae
1013 4028 1049 4082 tv,
1070 4015 1096 4069 id
1113 4011 1228 4084 est75l,
1245 4020 1340 4086 coegit
1354 4014 1538 4071 Baccbinium
1552 4019 1585 4069 ut
1595 4012 1741 4081 aistulphi
1758 4008 1813 4079 pria

131 4081 426 4149 restitutionisdiem,
439 4081 500 4136 lial.
516 4084 583 4137 lun.
597 4078 660 4137 744.
675 4082 957 4140 HaeciiberPentlll·
1011 4086 1119 4153 cipium
1143 4093 1208 4141 ante
1229 4101 1351 4142 mensem
1375 4086 1483 4141 lulium
1499 4085 1812 4153 coristitaeretteagat·

132 4150 206 4206 calis
220 4153 360 4206 44444444
376 4152 521 4208 Zacharia.
533 4166 566 4207 ac
582 4154 661 4208 nulla
671 4153 802 4208 adhibila
819 4157 956 4224 temporis
1009 4154 1073 4226 lid,
1088 4172 1117 4210 n.
1134 4153 1166 4214 i:
1194 4158 1326 4213 Baccbin.
1342 4161 1372 4213 in
1386 4158 1515 4226 aphell.;
1538 4158 1639 4226 script.
1652 4155 1716 4213 ltol.
1730 4160 1747 4208 t.
1759 4153 1783 4218 44,
1793 4160 1813 4215 p·

120 838 186 877 aens
202 824 257 889 lepe
267 823 519 890 Lampeia-edorum,
531 823 708 889 reputantibus
723 821 893 890 hialpi-anolo
919 824 944 874 ct

121 894 336 962 Heildeprondo,
361 908 539 947 (tanacetum
566 891 611 953 34,
641 893 826 962 ind.v(ltln.
858 891 942 959 14414,

122 963 237 1019 clarius
251 965 451 1020 documentum
468 977 501 1019 ex
512 964 628 1019 archivo
644 965 763 1019 Lucensi
778 964 871 1019 edidit
884 962 946 1017 Tio·

123 1035 270 1090 rentiuius
284 1036 358 1105 apud
380 1034 511 1091 eruditos
523 1035 652 1090 celebre:
676 1037 814 1101 itepnonte
838 1035 946 1089 domino

123 1106 295 1175 Liatprnndo
320 1107 541 1160 eccellentissimo
551 1122 611 1174 repe
630 1109 707 1173 nepai
718 1107 777 1174 ejas
788 1103 833 1167 ai,
850 1111 875 1160 et
895 1120 947 1158 ee-

123 1177 311 1231 cellenlissr'mo
323 1182 416 1246 aepolc
427 1177 486 1245 ejas
499 1178 610 1233 Domino
625 1177 762 1245 iiiiprond
788 1192 850 1243 repe
873 1189 946 1229 anae

126 1244 152 1312 4,
167 1263 256 1302 mense
267 1249 375 1311 4444444,
390 1250 487 1301 indict.
503 1261 540 1301 ιι.
553 1246 632 1302 Unde
646 1247 735 1318 liquet
748 1261 843 1302 mense
870 1248 947 1299 llar-

126 1319 167 1373 tio
182 1331 228 1373 an.
240 1315 293 1375 736
311 1319 517 1388 liutprandum
534 1319 590 1372 sibi
604 1320 661 1387 jam
679 1319 817 1373 ascivisse
835 1318 944 1373 socium

126 1390 204 1459 regni
218 1396 347 1458 nepotem
359 1404 454 1456 snum,
467 1402 549 1458 quem
564 1389 752 1461 Langobardi,
769 1391 836 1446 darn
851 1387 948 1443 morbo

125 1467 275 1529 correptus
291 1459 340 1515 ille
359 1468 429 1527 erat,
454 1461 623 1528 levaverant,
646 1461 778 1530 idemque
801 1458 947 1529 postmodo

126 1530 327 1586 convalescens
340 1533 528 1586 sustinuerat.
552 1532 617 1586 Alio
641 1533 753 1586 demum
776 1532 948 1587 documento

134 4228 210 4287 noia,
228 4220 314 4276 relert
323 4222 428 4278 deinde
448 4224 644 4293 expulsionem
661 4223 862 4293 ileildeprandi
880 4228 956 4297 regis
1011 4244 1031 4287 1:
1050 4241 1112 4297 pag.
1133 4226 1202 4283 463.
1222 4227 1258 4283 at
1272 4236 1486 4284 monumentum
1503 4228 1584 4283 aliud
1603 4241 1654 4297 pro
1668 4218 1815 4298 monasterii

134 4291 338 4362 aliutprando
354 4294 458 4349 relicti.
479 4294 645 4350 eiectionem
657 4295 786 4351 liacbisi.
802 4310 958 4371 pacemque
1011 4299 1109 4354 eodem
1125 4300 1271 4355 Pacensi:
1293 4303 1393 4354 batam
1422 4301 1509 4354 Ticini
1531 4302 1562 4353 in
1575 4295 1713 4368 palatiob
1731 4289 1814 4373 aprilli

135 4365 265 4419 cumbae
276 4380 324 4434 per
338 4366 500 4434 pontillcem
512 4367 669 4422 stabilitam
684 4368 875 4437 4444444440,
896 4384 959 4438 quae
1012 4386 1085 4423 trano
1113 4371 1265 4436 felicissimi
1290 4373 1511 4438 reprtinostriin
1534 4373 1581 4424 liei
1602 4370 1709 4423 nomine
1727 4369 1815 4433 sepienti

136 4438 232 4492 omnia
245 4440 372 4494 evenisse
387 4451 463 4492 anno
474 4433 528 4492 744
540 4439 785 4495 tumeadicendrs
795 4443 885 4508 palam
900 4443 957 4497 tiet.
1012 4458 1062 4512 po·
1086 4443 1140 4495 lad
1165 4455 1192 4495 ιιι
1214 4445 1341 4510 feliciter,
1369 4455 1467 4511 nempe
1490 4439 1553 4506 iao,
1580 4440 1706 4496 ostendit
1725 4430 1816 4492 aistul-

134 4511 268 4580 atpergo
288 4510 322 4564 ad
346 4515 448 4565 catera
469 4523 532 4579 quae
558 4509 641 4565 Liber
667 4510 841 4567 Pontificalis
864 4522 961 4570 narrm
975 4511 1001 4572 b
1016 4512 1103 4581 pbum
1120 4526 1174 4568 non
1190 4515 1320 4582 cepisse,
1335 4515 1392 4568 nisi
1407 4519 1470 4581 post
1484 4513 1559 4567 diem
1571 4508 1589 4566 ὃ
1602 4511 1730 4578 aprilis3
1744 4503 1815 4562 adbit

138 4582 237 4637 inane
257 4582 285 4636 S.
310 4581 462 4648 4441444444,
477 4589 505 4636 44
533 4585 561 4637 44
574 4583 715 4650 Stephano
726 4584 758 4636 ll.
771 4584 807 4638 al.
828 4587 870 4639 444.
886 4588 960 4640 san·
1014 4587 1090 4638 enim
1104 4590 1164 4638 erat
1179 4585 1207 4637 in
1223 4599 1309 4639 cursa
1325 4598 1418 4639 aniius
1444 4584 1594 4652 septimus.
1622 4582 1691 4651 Quae
1709 4591 1765 4634 carn
1785 4573 1814 4625 ita

138 4654 202 4708 citae
215 4659 393 4722 contemptor
411 4655 490 4722 pacis
507 4668 553 4708 rex
565 4653 669 4708 dachis
684 4655 833 4710 Perusiam
845 4657 960 4726 aliaque

138 4724 324 4794 Pentapoleos
345 4725 448 4792 oppida
476 4725 669 4796 oppugnabat,
690 4739 754 4779 cum
775 4729 801 4781 s.
833 4727 959 4795 pontiles

137 4809 200 4852 eum
219 4796 290 4859 adit,
308 4795 476 4851 muneribus
492 4796 593 4863 placat,
607 4797 749 4851 orationis
770 4799 911 4854 suavitate
923 4800 957 4854 ad

138 4868 257 4923 meliora
279 4869 443 4922 convertit:
467 4880 556 4935 quare
576 4868 611 4930 is.
637 4865 736 4923 relielo
759 4870 873 4931 throno,
893 4883 958 4924 cnm

138 4952 227 4994 uxore
237 4945 264 4993 et
276 4937 347 4993 liliis
361 4938 510 4993 contendit
523 4940 557 4994 ad
570 4951 649 4993 sacra
662 4938 771 4999 limina.
789 4940 856 4994 inde
867 4940 959 4995 Cassi·

141 5024 209 5066 num
225 5016 322 5077 petens
333 5008 502 5064 monachum
517 5011 623 5064 induit.
636 5011 820 5079 aistulphus,
833 5010 959 5066 44444444

140 5082 250 5150 potitus
264 5080 413 5149 scenicas
441 5081 568 5147 pontilici
585 5081 727 5150 Stephano
739 5096 850 5150 semper
863 5080 961 5138 inlen-

140 5166 201 5221 sus,
222 5151 376 5220 Pippinum
399 5151 571 5206 Francorum
595 5166 686 5221 regem
711 5166 760 5220 pro
785 5156 961 5209 sanctascde

143 5229 313 5292 pugnantem
332 5220 432 5274 habuit
445 5222 564 5289 bostem,
579 5224 663 5290 44444
682 5224 816 5279 virtatem
833 5225 918 5279 semel
934 5233 963 5280 et

141 5292 243 5347 iterum
263 5291 445 5360 periclitatas
464 5294 595 5347 cominus
609 5295 717 5360 timuit,
731 5294 819 5349 elusit
830 5296 960 5364 eminus3

140 5370 170 5415 at
193 5363 306 5418 demum
329 5360 498 5431 loediiragas
513 5365 568 5417 ileo
594 5365 686 5419 ultore
710 5366 783 5420 inter
801 5368 960 5422 venandum

141 5434 265 5499 interiit,
278 5440 426 5502 postquam
437 5434 509 5487 vidit
520 5434 690 5502 Pippiniana
703 5438 857 5491 donatione
872 5439 961 5492 Eccle-

141 5503 338 5559 siaedltionem
352 5504 523 5563 lixarobatu.
536 5505 682 5572 Pentapoli
695 5515 722 5561 44
732 5507 846 5561 AEmilia
861 5507 960 5574 ampli·

142 5573 263 5626 ditatam.
274 5575 427 5643 aistulpho
444 5575 572 5628 succedit
583 5577 757 5643 Desiderius,
771 5582 828 5632 linx
838 5580 957 5647 4444444,

141 5641 303 5723 opitulante
323 5646 466 5714 pontillce,
483 5644 677 5715 langobardis
694 5648 796 5702 invitis
808 5668 814 5715 3
827 5650 877 5720 qui
893 5665 958 5706 curn

141 5724 235 5782 primo
249 5714 329 5769 mitis
343 5715 371 5768 in
387 5723 513 5772 sanctam
529 5716 634 5781 sedem,
652 5716 755 5773 deinde
771 5721 895 5775 maxima
911 5720 956 5777 illi

139 5781 312 5840 detrimenta
335 5782 441 5842 inlerre
468 5800 557 5846 ausus
578 5794 661 5857 esset,
692 5787 831 5846 acarolo
854 5792 956 5864 alagna

1013 4655 1084 4722 sint,
1100 4654 1343 4724 abllerkemperto
1357 4655 1618 4710 bicdiscedendum
1638 4665 1693 4708 non
1704 4648 1813 4705 arbitron

1015 4726 1199 4783 utlistiensis
1214 4728 1377 4794 opinionem
1392 4738 1547 4795 sequamur
1562 4738 1627 4779 cum
1645 4714 1814 4796 aaronica·

1016 4799 1074 4868 gio.
1098 4797 1252 4851 Bacchinio
1263 4805 1291 4851 44
1305 4796 1374 4851 aliis
1389 4797 1524 4863 eruditis,
1538 4809 1612 4865 quos
1622 4795 1708 4850 latuit
1721 4795 1815 4872 444441·

1015 4882 1091 4923 nram
1107 4869 1160 4922 boc
1173 4868 1393 4935 documentum,
1410 4874 1442 4922 nt
1456 4868 1532 4921 enim
1555 4877 1711 4935 paucorum
1724 4862 1812 4937 dierat!

1014 4940 1169 4995 discrimen
1202 4940 1276 5005 apud
1315 4938 1547 5006 llerlcempertum
1573 4941 1714 4998 occurrat,
1735 4934 1811 5003 mettii

1015 5024 1100 5080 porro
1110 5010 1302 5076 discrepantia
1313 5009 1348 5062 ab
1359 5010 1486 5064 Ostiensi
1502 5009 1671 5078 avertimur,
1685 5003 1739 5060 nisi
1752 4997 1813 5055 blais

1015 5081 1138 5137 niilmut·
1159 5086 1282 5134 veterum
1305 5080 1499 5135 monimentis.

1051 5154 1094 5206 38.
1112 5151 1291 5206 liucaecedit
1307 5152 1381 5220 quod
1399 5152 1513 5275 Papius,
1527 5150 1680 5220 sigonium
1694 5152 1721 5201 et
1741 5143 1814 5207 4444·

1017 5224 1075 5278 lum
1090 5223 1124 5277 de
1136 5223 1222 5284 Nuce,
1240 5229 1371 5280 eruerites
1385 5234 1418 5276 ex
1456 5221 1619 5276 acumentis
1632 5219 1704 5289 quod
1718 5216 1814 5282 regilli

1016 5295 1157 5348 besideni
1179 5293 1266 5359 444414
1280 5306 1355 5347 clorio
1370 5289 1422 5347 756
1442 5300 1575 5360 exeunte,
1604 5280 1816 5367 redarguensti

1015 5367 1183 5419 ciricumenta
1197 5363 1257 5430 ipsa
1274 5363 1451 5418 insimulans
1469 5363 1566 5417 vitiati
1583 5348 1817 5426 characteristica

1015 5435 1387 5490 adversuseosauctoritate
1402 5446 1455 5487 non
1473 5433 1578 5493 ulitur,
1589 5440 1689 5500 prater
1704 5427 1817 5494 Stephani

1017 5508 1048 5573 ΙΙ,
1064 5505 1102 5559 al.
1115 5508 1159 5570 441,
1173 5506 1322 5573 epistolam
1345 5505 1413 5572 44444.
1435 5504 1508 5574 Car.)
1537 5504 1574 5557 ila
1596 5492 1817 5555 orientemid

1015 5574 1428 5645 ipsisquippedlebusqnibus
1441 5577 1473 5628 ad
1492 5574 1523 5627 hi
1531 5588 1564 5627 44
1576 5574 1730 5628 itomanam
1741 5565 1819 5639 4414414ι

1013 5648 1212 5703 devastandam
1242 5645 1383 5715 proiectus
1396 5651 1439 5700 est
1459 5646 1646 5713 raaiaiphusi
1666 5651 1727 5712 post
1748 5645 1820 5694 4444

1013 5718 1100 5787 spatii
1112 5718 1254 5772 circulum
1282 5717 1322 5771 ita
1335 5717 1435 5771 divino
1451 5728 1587 5770 mucrone
1612 5725 1761 5785 percussus
1779 5707 1821 5765 esi,

1018 5796 1049 5846 at
1061 5785 1186 5859 prolecto
1208 5789 1239 5843 44
1253 5800 1286 5844 eo
1301 5793 1427 5858 tempore
1442 5798 1499 5854 quo
1514 5785 1600 5842 tidem
1623 5797 1706 5842 snam
1725 5786 1823 5838 mnam
