3892 6136
131 276 200 336 taos

746 270 924 325 anastasii
943 268 1212 324 utssbtotllsscnuu

1767 262 1831 323 ⁴260

127 409 293 479 episcopum
306 417 322 458 a
335 402 417 457 beato
431 400 499 456 Lino
515 399 714 481 constitutum.
727 398 809 452 Anno
821 395 948 480 llii'llgit
959 393 989 453 A
1005 396 1212 480 providentiam
1238 395 1356 479 ltomaui
1373 395 1531 478 pontificis,
1552 401 1712 467 antequam
1731 405 1832 456 certam

127 476 263 549 epocham
278 475 461 543 episcopatus
478 471 686 540 Lugdunensis.
708 476 776 523 tunc
795 475 881 523 erecti
901 481 948 536 per
1003 474 1186 537 episcopatus
1206 467 1300 521 sedem
1322 480 1351 521 rn
1374 479 1406 521 ea
1427 468 1606 538 designaret,
1623 481 1742 527 curare.
1760 478 1831 527 utex

127 549 353 618 Telesphorum:
373 544 424 613 qui
448 549 476 597 et
491 541 631 603 ablegavit
660 538 812 595 Pothinum
834 540 950 622 episco-

129 634 209 702 pum,
222 618 313 700 sancti
333 614 476 739 l‘olzcarpi
497 611 782 699 discipulumhuno
801 606 849 664 tbi
866 612 949 693 Vten-

130 690 268 748 uenstbus
283 686 370 742 infert
402 693 495 740 catum
506 688 638 737 bererum
652 695 816 752 episcopum
832 699 837 730 ε
854 694 950 751 quiex

129 762 369 817 Persidevocatur
383 754 652 810 adannuntiandum
670 753 698 807 in
711 752 951 821 GalliisEvange-

129 834 211 889 lium.
226 834 255 885 ln
269 831 313 884 his
328 833 422 882 autem
438 824 603 880 illustribus
622 838 676 894 qua
689 824 823 888 coloniis,
838 836 893 892 ‹qua
908 822 952 878 le·

130 906 247 1030 glorium
259 899 389 955 hibernis
399 897 513 964 castris,
527 909 590 964 quae
607 895 774 962 metropoles
785 896 952 963 plerumque

144 977 248 1031 uerunt
260 969 482 1040 provinciarum,
499 973 549 1022 aut
561 965 698 1034 emporia,
712 965 842 1021 solebant
854 966 951 1020 homa·

131 1047 160 1100 ni
175 1039 506 1114 pontidcesconstituere
520 1037 678 1106 episcopos,
694 1037 744 1105 qui
760 1037 863 1092 vicarii
876 1050 951 1106 quo-

130 1130 187 1186 que
200 1113 351 1181 apostolici
368 1110 540 1165 auctoritate
555 1108 703 1178 pollerent,
717 1121 750 1162 ex
764 1121 848 1162 causa
864 1119 950 1176 quam

130 1185 230 1242 attulit
243 1181 414 1239 Coelestinus
429 1180 539 1249 primus
553 1179 674 1247 epistola
687 1175 728 1241 l3,
746 1178 822 1233 inter
836 1176 951 1232 llolste-

131 1257 233 1312 uianas
245 1270 261 1308 a
275 1252 463 1309 schelestrate
475 1251 612 1319 producta
624 1249 653 1303 in
666 1249 781 1304 dissert.
795 1250 830 1305 de
842 1249 952 1329 ducto-

131 1329 180 1383 rit.
197 1323 395 1396 patriarchali,
410 1336 472 1389 cap.
485 1317 640 1402 3,‘pag.·il
658 1338 664 1373 :
683 1320 879 1402 «Suntculpae
892 1318 952 1374 alr-

131 1394 418 1537 lliltttlalttt:
432 1405 498 1516 lli
513 1390 952 1529 allitlttlidttllallt

132 1537 288 1609 pervenire,
304 1540 353 1590 aut
367 1535 424 1602 jam
440 1531 709 1599 semotisomnibus,
723 1545 777 1586 non
793 1533 832 1586 ita
843 1537 872 1587 ut
883 1536 951 1587 sunt

130 1615 192 1664 acta
214 1606 383 1674 interposito
399 1604 536 1671 temporis
549 1602 641 1668 spatio
657 1601 861 1671 perferuntur:
878 1615 950 1672 quas

130 1692 228 1735 omnes
238 1690 288 1732 nos
302 1675 507 1731 intercessione
516 1672 625 1737 fratris,
639 1686 672 1727 ac
683 1674 844 1742 coepiscopi
857 1673 947 1728 nostri

1006 540 1135 607 utrisque
1148 538 1281 592 fiduciam
1293 543 1405 606 caperet
1426 545 1536 607 paratae
1549 537 1711 595 facilitatis
1720 555 1833 597 conser-

1006 611 1104 664 vande
1122 609 1403 675 communicationis,
1427 614 1455 664 et
1476 607 1651 665 obedientia
1673 614 1831 668 earumdem

1006 681 1197 735 Ecclesiarum
1218 686 1246 734 et
1270 680 1381 735 sedium
1409 692 1476 750 erga
1498 694 1683 736 communem
1711 683 1832 740 omniun

1009 759 1125 806 matrem
1141 752 1295 806 itomanam
1311 768 1316 803 :
1331 752 1371 804 ita
1387 758 1418 805 ut
1441 751 1649 806 inconcussum
1667 756 1832 811 maneretis

1005 823 1140 878 discretis
1157 823 1243 876 etiam
1268 822 1468 886 temporalium
1500 822 1673 891 principum
1701 823 1831 881 Romano·

1007 907 1080 963 rum,
1096 900 1124 947 et
1138 899 1299 947 exterorum
1313 891 1476 948 ditionibus
1490 893 1592 948 lrenaei
1613 893 1736 950 axioma
1752 914 1760 950 ε
1775 917 1788 949 ι
1804 896 1832 952 ut

1006 964 1118 1019 scilicet
1133 964 1167 1019 ad
1190 964 1262 1018 hanc
1277 963 1429 1018 Romanam
1453 963 1613 1018 Ecclesiam
1633 972 1758 1035 propter
1780 970 1832 1038 ejus

1007 1035 1247 1104 principalitatem
1267 1040 1408 1103 oporteret
1429 1050 1533 1089 omnem
1554 1036 1716 1091 Ecclesium
1730 1038 1831 1104 (etcor-

1006 1115 1157 1175 sequenter
1169 1105 1261 1169 illam,
1278 1118 1328 1161 seu
1340 1105 1415 1174 illas,
1428 1118 1491 1175 quae
1503 1104 1544 1160 ibi
1557 1104 1772 1179 fundarentur]
1781 1126 1831 1164 corr·

1005 1179 1131 1231 pertire.»
1149 1177 1310 1231 Mirandum
1329 1182 1477 1245 propterea
1494 1183 1621 1244 nonest,
1644 1179 1672 1233 si
1697 1181 1831 1253 Evangelii

1007 1248 1070 1303 luce
1089 1248 1185 1303 orbem
1206 1246 1374 1302 universum
1399 1247 1472 1303 satis
1493 1247 1633 1303 celeriter
1659 1252 1830 1321 pervadente

1006 1331 1061 1373 non
1090 1325 1184 1375 tamen
1217 1317 1296 1373 illico
1329 1317 1513 1373 inveniantur
1548 1319 1635 1375 sedes
1663 1322 1832 1392 episcopales

1011 1389 1103 1458 primo
1122 1388 1226 1444 saeculo
1248 1387 1354 1458 ubique
1369 1391 1545 1444 constitutae.
1562 1389 1618 1446 Ubi
1636 1398 1832 1461 opportunitas

1006 1461 1072 1514 data
1087 1461 1213 1515 nondum
1235 1466 1297 1514 erat
1314 1466 1417 1514 certam
1433 1460 1528 1515 sedem
1550 1462 1750 1530 episcopatus
1771 1463 1831 1521 deli-

1005 1533 1100 1601 gendi,
1117 1532 1188 1586 hanc
1202 1529 1384 1599 disciplinam
1405 1531 1535 1656 viguisse
1549 1533 1721 1589 ordinandi
1739 1535 1831 1604 episco

1008 1615 1073 1670 pum
1089 1602 1184 1673 gentis
1199 1600 1291 1667 illius,
1308 1601 1392 1669 cujus
1411 1615 1442 1656 sa
1457 1601 1498 1657 uti
1546 1604 1780 1672 rospiciebatur,
1795 1620 1832 1663 no

1005 1674 1076 1727 tavit
1090 1687 1124 1728 ex
1139 1672 1231 1728 Photii
1245 1671 1417 1727 bibliotheca
1428 1674 1492 1728 cod.
1504 1617 1552 1740 ig,
1564 1675 1793 1743 Thomassinus,
1803 1678 1831 1733 de

129 1749 193 1805 Rufi
215 1747 251 1831 (is
269 1752 329 1802 erat
351 1744 649 1800 Thessalonicensium
672 1744 844 1813 episcopus),
864 1747 949 1813 cujus
965 1752 990 1812 Β
1004 1744 1063 1797 vet.
1075 1751 1103 1799 et
1122 1745 1190 1799 Nor.
1204 1743 1279 1799 Uccl.
1293 1742 1460 1811 disciplina,
1474 1751 1558 1813 parte
1575 1759 1596 1807 r,
1615 1746 1674 1801 lib.
1691 1761 1712 1812 ι,
1726 1745 1828 1817 capii,

130 1824 355 1890 experimentum
372 1815 585 1884 comprobatum
608 1827 670 1869 esse
691 1814 721 1869 in
739 1816 836 1870 causis
850 1815 949 1870 omni·
1004 1827 1032 1868 n.
1044 1815 1077 1868 a:
1094 1835 1107 1866 ι
1124 1813 1228 1880 Refert,
1242 1813 1348 1883 inquit,
1359 1814 1387 1868 in
1398 1813 1581 1871 Bibliotheca
1593 1817 1828 1885 Photius,caiu1

128 1891 193 1958 bus,
209 1898 237 1945 et
258 1890 323 1945 vite
342 1886 456 1942 actibus
470 1887 570 1955 liquet,
588 1886 719 1940 volumus
733 1885 881 1941 reseruari.
894 1885 948 1941 Cui
1002 1885 1205 1941 doctissimum
1216 1885 1472 1954 clarissimumque
1480 1887 1624 1942 Romanae
1640 1889 1829 1957 Ecclesiapre

128 1963 219 2017 vicem
245 1966 370 2015 nostram
396 1971 444 2027 per
468 1962 589 2011 vestram
611 1957 784 2024 provinciam
811 1957 948 2011 noveritis
1003 1955 1158 2027 shyterum,
1172 1955 1357 2026 pontificibus
1367 1955 1478 2011 Victore
1492 1958 1716 2029 etzepnyrino,
1727 1963 1827 2029 penda·

129 2046 190 2088 esse
202 2032 395 2095 commissam,
417 2029 457 2084 itu
471 2035 503 2082 ut
517 2027 550 2081 ad
567 2041 632 2081 eum
652 2025 755 2082 fratres
769 2026 946 2095 charissimi,
1003 2031 1166 2097 episcopum,
1190 2028 1347 2081 ordinatum
1368 2041 1431 2091 esse,
1453 2032 1676 2098 χειροτονηθῆναι.
1697 2029 1771 2084 ἐινῶν
1787 2028 1826 2085 te-

127 2102 270 2173 quidquid
285 2101 423 2156 decausis
437 2099 541 2170 agitur,
555 2097 714 2158 referatur;
729 2102 791 2152 sinte
804 2099 949 2166 eiuscon-
1004 2117 1094 2150 σκοπον
1109 2118 1114 2152 ;
1130 2098 1254 2154 etveluti
1271 2111 1363 2168 regem
1374 2097 1541 2167 inunctum,
1553 2106 1584 2155 et
1597 2109 1826 2159 coronatumesre

127 2172 305 2229 silionullus
315 2170 465 2225 ordinetur
477 2187 484 2239 3
497 2168 596 2224 nullus
608 2175 725 2237 usurpet
735 2169 831 2224 eodem
846 2169 949 2224 incon·
1002 2169 1028 2224 ei
1045 2183 1142 2239 reguo,
1164 2169 1239 2239 quod
1263 2170 1290 2222 vi
1309 2176 1336 2223 et
1358 2168 1480 2224 consilio
1495 2178 1580 2226 esset
1601 2173 1779 2242 adepturus.
1796 2174 1825 2229 Er

126 2241 429 2299 sciocommissamilli
448 2241 622 2308 provinciam
640 2258 647 2305 ς
665 2238 800 2309 colligere
816 2240 871 2294 nisi
883 2253 948 2294 cum
1003 2240 1061 2295 fere
1084 2242 1166 2295 modo
1188 2239 1335 2308 pontiuces
1352 2240 1469 2294 Romani
1486 2254 1712 2301 consecravere
1732 2247 1823 2314 episco-

126 2316 190 2381 ejus
202 2312 347 2368 voluntate
362 2313 511 2379 episcopos
533 2325 587 2365 non
610 2317 784 2378 presumat:
810 2325 858 2378 per
883 2324 947 2365 eum
1004 2324 1103 2379 porum
1119 2318 1224 2381 partem
1243 2310 1325 2381 longe
1342 2313 1504 2376 maximam,
1522 2328 1603 2383 quos
1617 2316 1730 2372 deinde
1743 2316 1823 2372 iuuit

126 2384 259 2439 etiamad
279 2383 378 2445 nos,si
395 2381 530 2450 quidest.
547 2380 698 2435 referatur.
717 2400 729 2430 ν
746 2382 840 2449 Neque
853 2382 878 2435 id
894 2383 949 2450 pri·
1005 2387 1096 2436 terent
1116 2382 1150 2436 ad
1173 2381 1367 2447 debellandas,
1392 2381 1520 2452 fideique
1540 2385 1619 2455 jugo
1647 2387 1821 2457 subiicienda

126 2454 382 2510 mumCoelestinus
395 2452 556 2515 constituit,
568 2452 690 2507 sedante
706 2451 800 2506 illium
812 2454 949 2507 Damasus
1005 2453 1167 2520 provincias
1182 2451 1256 2517 illas,
1269 2453 1379 2522 quasin
1392 2452 1519 2522 epistola
1530 2460 1820 2515 suaenumeratlnno

124 2528 182 2594 jaun
200 2523 354 2594 perfecerat
368 2536 400 2577 ea
416 2523 451 2577 de
470 2536 566 2582 causa,
584 2536 667 2591 quam
684 2522 756 2576 idem
770 2524 949 2578 schelestra-
1002 2524 1115 2577 centius
1127 2524 1247 2592 primus.
1269 2541 1282 2572 ν

125 2597 186 2651 tius
198 2594 285 2649 refert
302 2608 364 2675 pag.
382 2590 425 2658 to,
442 2600 473 2647 ut
494 2593 644 2647 obsisteret
659 2593 822 2661 episcoplC
844 2600 946 2648 nstan-
1036 2594 1136 2649 Obiter
1163 2593 1210 2648 hic
1230 2592 1382 2662 adnotabo,
1408 2595 1475 2650 data
1497 2599 1666 2656 occasione
1692 2614 1819 2658 eonsecra-

126 2665 310 2734 tinopolitanr
339 2662 586 2732 usurpationibus,
617 2670 644 2717 et
668 2665 761 2718 Romae
781 2665 888 2719 veteris
912 2678 944 2719 ea
1001 2665 1092 2720 tionis
1107 2664 1195 2734 hujus
1208 2664 1327 2720 Romani
1343 2664 1503 2735 presbyteri
1519 2669 1605 2725 circa
1619 2672 1709 2728 tlnem
1724 2670 1817 2729 seond

123 2743 199 2793 esset
220 2735 415 2804 praerogativa,
435 2746 497 2801 que
512 2747 545 2787 ex
572 2733 664 2801 prisca
679 2734 836 2801 apostolica
850 2735 945 2789 disci·
998 2736 1095 2792 saeculi
1114 2736 1143 2789 in
1158 2736 1323 2804 episcopum
1341 2736 1457 2791 illarum
1470 2743 1627 2808 gentium,
1642 2744 1816 2812 quaschristt
1858 2742 1860 2749 '

124 2807 204 2877 plina
216 2808 259 2875 (ut
279 2803 374 2858 verbis
390 2803 543 2858 Theodosii
562 2803 662 2871 probat
675 2804 896 2860 schelestratius
913 2807 943 2860 in
997 2814 1059 2863 erat
1086 2806 1296 2875 acquisiturus,
1327 2819 1383 2861 non
1410 2820 1471 2863 esse
1502 2822 1560 2865 cur
1593 2824 1747 2871 aversetur
1768 2816 1817 2871 adst

124 2879 201 2932 notis
214 2876 248 2931 ad
265 2875 391 2944 Leonem)
406 2887 516 2941 semper
528 2872 630 2937 effecit,
654 2881 684 2928 ut
699 2874 833 2930 omnibus
845 2876 943 2931 Ecclc-
997 2878 1103 2932 acriter
1122 2877 1225 2946 Pagius
1235 2878 1386 2946 episcopos
1398 2879 1681 2946 adjutoresanobis
1691 2899 1743 2942 oon
1753 2883 1815 2940 secel

122 2949 177 3003 siis
194 2952 335 3017 praeesset,
351 2965 363 2995 ι
379 2951 467 3013 utque
480 2958 527 3012 per
541 2944 592 2999 hos
607 2944 816 3014 provinciarum
828 2947 943 3015 episco-
997 2949 1139 3003 admissos
1149 2948 1177 3002 in
1194 2949 1245 3004 hac
1257 2948 1553 3017 historiapontiflcali
1568 2955 1729 3023 prioribus
1740 2955 1816 3012 liech-

122 3033 174 3089 pos
186 3019 215 3073 in
234 3014 389 3082 maioribus
401 3013 748 3071 urbibusconstitutosad
765 3017 837 3072 Petri
849 3018 943 3072 sedem
998 3022 1048 3074 sia
1059 3018 1182 3082 saeculis,
1200 3020 1559 3090 quosdeindecontigerit
1571 3025 1611 3079 ad
1627 3030 1815 3084 successione·

122 3087 294 3144 universalis
306 3086 688 3152 Ecclesiaecuraconllueret,
700 3092 727 3141 et
739 3087 814 3143 nihil
824 3101 941 3158 usquam
959 3116 983 3178 C
997 3089 1161 3157 apostolicae
1175 3091 1253 3145 sedis
1270 3091 1388 3145 domani
1410 3090 1482 3146 cleri
1510 3093 1675 3168 suffragiis
1695 3100 1760 3169 eligi
1772 3103 1816 3168 post

122 3172 138 3214 a
157 3174 210 3215 suo
231 3158 322 3226 capite
345 3156 540 3218 dissideret»
564 3157 812 3227 quemadmodum,
838 3170 866 3214 et
889 3161 943 3214 Leo
998 3160 1107 3216 obitum
1122 3161 1282 3216 decessoris
1297 3175 1379 3229 ;cum
1398 3167 1687 3236 praterexemplum
1703 3167 1816 3240 apostolo

122 3232 242 3313 llagnus
256 3226 377 3282 affirmat
389 3227 509 3295 epistola
524 3225 605 3283 blod
622 3230 803 3283 anastasium
819 3230 944 3285 Thessa·
1001 3246 1063 3286 rum
1082 3231 1223 3299 principis
1247 3232 1286 3286 ita
1306 3232 1470 3287 ordinantis
1491 3234 1620 3305 Linum,
1637 3239 1816 3308 dictumue

121 3300 307 3356 lonrcensem.
328 3298 398 3352 Vide
423 3297 617 3353 schelestratii
636 3298 780 3354 laudatam
802 3301 943 3356 disserta·
1000 3309 1130 3366 mentem,
1147 3304 1233 3356 etiam
1251 3304 1279 3356 in
1298 3302 1352 3359 fine
1368 3302 1489 3358 secundi
1503 3308 1615 3363 saeculi
1634 3310 1817 3368 Caiusexlto-

120 3371 227 3426 tionem
244 3370 292 3425 ubi
314 3382 411 3438 supra.
1000 3386 1083 3428 mano
1109 3372 1272 3443 presbytero
1287 3375 1593 3444 episcopusgentinm
1612 3383 1817 3440 ordinatricem

154 3443 209 3496 llas
234 3441 324 3511 igitur
342 3440 376 3495 ad
394 3440 522 3494 colonias
538 3439 677 3506 illustres,
697 3446 749 3495 aut
773 3442 943 3510 metropoles
1001 3445 1126 3508 dicatur,
1155 3443 1341 3512 pontificibus
1356 3445 1467 3500 l'ictore
1486 3456 1517 3502 et
1534 3449 1719 3521 zephyrino,
1740 3464 1817 3521 neupt
1858 3450 1860 3529 l

120 3512 344 3582 provinciarum,
372 3511 414 3565 vel
439 3511 577 3579 emporia,
601 3517 629 3566 et
653 3512 759 3580 oppida
785 3515 943 3568 constituta
999 3520 1146 3584 promotus
1170 3516 1203 3569 ad
1225 3521 1419 3584 episcopatum
1438 3516 1467 3570 in
1493 3517 1605 3590 aliqua
1622 3526 1816 3581 natioueeuer
1858 3534 1860 3589 ζ

119 3596 205 3654 prope
220 3588 313 3636 castra
328 3582 430 3636 stativa
457 3581 610 3650 legionum,
634 3589 662 3636 et
682 3582 786 3637 civium
808 3585 944 3638 Romano
997 3585 1119 3641 cendum
1143 3585 1246 3639 vicarii
1266 3586 1417 3654 apostolici
1443 3592 1646 3661 auctoritate,
1667 3594 1814 3664 cumqueiu
1858 3606 1860 3645 ε

117 3668 191 3710 rum.
209 3654 275 3708 licet
297 3651 391 3706 facilis
411 3658 484 3705 esset
497 3665 627 3707 accessus
651 3655 828 3719 praeconibus
850 3655 943 3708 Euan·
998 3656 1070 3710 Urbe
1086 3662 1237 3721 retentum,
1253 3656 1343 3711 donec
1357 3658 1814 3738 dareturopportunitasexpefi·

136 3723 943 3794 eliilllucdirectis,nontamcmcisdcmassignabantur
999 3727 1096 3781 tionis.
1126 3728 1186 3780 Non
1212 3727 1297 3781 aliter
1323 3728 1482 3798 contigisse
1512 3734 1641 3799 opinor,
1671 3752 1734 3793 cum
1758 3737 1813 3793 buu

118 3741 485 3859 facitesedcseprtscopales.
497 3793 552 3846 nisi
567 3794 942 3851 constaretdoordiuatioue
997 3797 1091 3866 ipsum
1106 3796 1313 3862 Eleutherium,
1325 3799 1486 3866 cujusvitae
1496 3810 1707 3876 notasattexo,
1721 3807 1812 3865 ordina-

120 3863 463 3933 provincimtemporibus
477 3864 516 3915 ita
532 3865 648 3930 pacatis.
668 3871 698 3919 ut
711 3866 830 3920 mutatio
849 3881 943 3934 repen·
997 3874 1057 3923 tum
1079 3868 1245 3937 episcopum
1263 3870 1480 3937 recognovimus
1502 3887 1538 3928 ex
1556 3879 1677 3946 epocha
1693 3880 1734 3936 illi
1746 3881 1813 3933 atd-
1856 3874 1860 3927 ¹:

119 3935 180 3988 tina
196 3932 292 3987 timeri
317 3931 432 3985 minime
455 3940 559 4001 posset,
583 3948 646 4003 quar
661 3940 766 3989 statum
789 3938 942 4001 provinciae
998 3938 1065 3994 buta
1090 3939 1236 3993 mensibus
1256 3940 1419 4007 quindecim
1444 3951 1612 4015 antequam
1629 3951 1713 4007 Soter
1732 3950 1812 4008 obiret·
1857 3944 1860 3979 ³

119 4003 304 4060 subverteret.
317 4001 410 4070 Quare
427 4003 455 4056 in
472 4005 634 4071 provincias
648 4005 772 4060 norrdum
789 4006 895 4062 liberas
905 4007 941 4062 ab
997 4010 1108 4064 Pacatis
1128 4009 1205 4063 enim
1223 4009 1398 4079 temporibus
1412 4012 1643 4076 Antoninorum
1658 4020 1812 4093 cumaoqui·

119 4073 291 4129 excursibus
303 4070 500 4141 barbarorum,
517 4081 568 4130 aut
579 4073 614 4129 ab
632 4076 779 4130 intestinis
796 4077 941 4148 indigena·
997 4086 1127 4135 rerentur
1147 4080 1261 4136 Christo
1288 4081 1416 4152 regiones
1436 4084 1586 4145 Romanis
1610 4091 1760 4161 foederata,
1776 4096 1810 4145 an

121 4157 185 4199 rurn
219 4142 355 4212 motibus,
385 4148 452 4198 ante
487 4153 581 4212 pacata
611 4147 729 4200 adriani
762 4153 888 4214 tempora
913 4156 941 4204 et
996 4151 1137 4219 hnitirnae,
1161 4148 1294 4220 frequens
1313 4155 1426 4209 occasio
1441 4169 1506 4211 sese
1525 4159 1678 4219 offerebat
1691 4164 1808 4234 episcopo

118 4212 339 4280 Antoninorum,
350 4212 477 4283 episcopi
491 4228 563 4283 saepe
572 4215 755 4271 mittebantur
766 4219 939 4274 vicariorum
994 4235 1028 4276 ex
1046 4222 1118 4276 Urbe
1139 4221 1269 4277 mittendi
1287 4224 1321 4279 ad
1343 4231 1441 4294 gentes
1461 4226 1532 4283 illas
1554 4232 1807 4302 erudiendasdne

120 4283 344 4353 apostolicorum
370 4285 500 4340 moread
523 4297 584 4338 earn
609 4285 749 4341 nationem
775 4289 889 4356 directi,
910 4292 939 4345 in
995 4299 1089 4347 autem
1116 4293 1274 4360 apostolico
1305 4295 1467 4351 ministerio
1502 4300 1671 4370 deputaret
1695 4306 1807 4361 llonanu

121 4368 177 4427 qua
192 4360 306 4425 possent
319 4367 470 4409 excurrere
482 4368 654 4426 quocunque
666 4359 940 4416 necessitasadvoca·
997 4362 1122 4432 pontifex
1133 4376 1246 4432 aquum
1257 4367 1523 4434 eratexperlmento
1536 4375 1806 4446 regiminisaliqur

120 4432 171 4482 ret.
199 4424 251 4480 Ubi
281 4430 374 4480 autern
400 4437 451 4491 pax
474 4426 602 4494 regionis
630 4426 779 4483 videbatur
802 4433 941 4498 spondere
995 4434 1047 4489 diu
1066 4440 1184 4503 tentare,
1200 4439 1254 4489 ett
1275 4436 1384 4490 rocinio
1404 4438 1533 4506 quodam
1557 4457 1699 4502 exercere
1716 4449 1743 4502 in
1762 4456 1805 4500 ur

119 4495 281 4554 durabilem
294 4495 941 4569 provinciaeconstitutionem,etopportunitas
957 4506 1063 4566 Dnere
1080 4504 1225 4573 pastorali.
1240 4450 1271 4560 {J
1284 4511 1490 4574 veropraestari
1506 4509 1649 4587 facilius,
1662 4515 1804 4574 acsocurivt

121 4568 240 4624 daretur
256 4566 331 4621 ultro
352 4567 484 4636 citroque
498 4569 674 4622 commeandi
693 4569 806 4626 llomam
822 4586 856 4626 ex
873 4588 941 4642 pro·
997 4589 1052 4630 non
1078 4581 1197 4643 poterat,
1224 4589 1309 4644 quam
1331 4576 1497 4635 adhibendo
1518 4586 1705 4646 candidatos
1720 4596 1804 4657 quw

121 4639 228 4704 vincia,
243 4637 312 4692 etad
329 4637 502 4704 provinciam
516 4651 549 4692 cx
566 4637 648 4700 Urbe,
659 4642 772 4709 etquod
791 4642 856 4697 inde
868 4658 941 4699 con·
996 4645 1058 4700 licre
1079 4647 1228 4700 missionis
1246 4660 1295 4715 per
1308 4646 1421 4717 aliquot
1434 4663 1551 4708 menses
1567 4657 1605 4711 ad
1624 4660 1803 4728 vicariepot·

121 4707 295 4777 sequebatur
307 4706 470 4763 confercndi
490 4710 524 4764 dc
535 4714 611 4764 statu
624 4710 737 4765 illarum
751 4712 940 4771 Ecclesiarum

121 4792 187 4836 curu
199 4779 323 4833 llomano
333 4777 466 4846 pontifice
480 4798 485 4830 :
506 4779 544 4833 ibi
561 4779 710 4849 episcopos
721 4782 863 4840 Romanus
876 4799 941 4854 pon·

122 4848 193 4906 tifex
209 4847 410 4913 constituebat,
437 4855 468 4903 ut
489 4849 566 4904 sedis
587 4857 670 4905 certae
694 4864 726 4906 ac
747 4856 941 4911 successionis

60 4964 64 4977 .
122 4920 224 4976 ordine
247 4920 274 4972 in
296 4918 429 4985 coloniis,
448 4920 662 4988 metropolibus.
679 4925 816 4991 emporiis
829 4939 942 4981 conere-

120 4993 215 5048 ditum
229 4987 284 5043 sibi
301 4988 436 5057 populum
448 4999 587 5061 regerent,
602 5005 635 5046 ac
649 4994 791 5048 docerent.
801 4994 941 5062 Quocirca

123 5061 328 5117 innocentiusl
342 5060 464 5127 epistola
475 5062 567 5129 prima
580 5062 615 5116 ad
630 5063 792 5118 [terentium
805 5081 853 5134 per
863 5067 941 5123 Occi-

18 5143 25 5163 ·
121 5131 263 5189 dentalem
284 5130 395 5197 imperii
413 5137 535 5186 tractum
556 5133 686 5202 regiones
703 5147 872 5193 enumerans
890 5139 942 5194 Ro·

123 5205 216 5258 manis
232 5200 373 5266 subditas,
392 5210 484 5256 ratum
505 5203 533 5257 id
553 5210 579 5257 ot
598 5202 778 5260 manufestum
803 5210 937 5265 asseruit.

121 5293 136 5326 c
158 5275 227 5329 Cum
251 5272 291 5327 sit
307 5270 498 5336 manifestum,
515 5273 619 5342 inquit,
646 5274 674 5328 in
691 5289 802 5332 omnem
820 5280 937 5350 ltaliam,

119 5343 240 5408 Gallias,
261 5343 420 5410 llispanias,
449 5343 583 5410 Africam,
608 5344 747 5413 Siciliam,
773 5349 939 5420 insulasque

119 5413 328 5481 interjacentes,
337 5413 445 5468 nullum
459 5414 604 5468 hominurn
616 5417 778 5472 instituisse
788 5420 937 5494 Urrclesias,

121 5485 177 5537 nisi
194 5497 252 5542 ears.
269 5499 341 5553 quos
351 5485 523 5539 venerabilis
540 5489 637 5540 Petrrrs
649 5490 804 5555 apostolus.
818 5493 939 5559 antejus

120 5567 299 5608 successores
325 5555 539 5609 constituerunt
563 5557 732 5613 sacerdotes.
761 5577 773 5608 n
806 5561 885 5629 Quod
913 5566 937 5619 si

118 5632 217 5676 ructus
234 5626 362 5689 regionis
378 5626 541 5695 evangelica
554 5625 685 5681 doctrina
706 5630 866 5686 excolendae
879 5648 939 5702 par·

114 5693 182 5751 ttim
197 5693 331 5748 ltornanis
350 5704 469 5764 pareret,
493 5697 594 5766 partim
607 5698 720 5760 amicis,
731 5708 780 5755 aut
795 5701 940 5761 hederatis

117 5766 313 5825 Romanorum
336 5765 463 5833 regibus,
483 5775 534 5824 aut
556 5767 670 5839 populis
691 5787 701 5835 ,-
722 5772 883 5840 pertinebat
902 5779 938 5834 ad

995 4717 1079 4771 statis
1098 4715 1190 4772 officia
1209 4718 1383 4786 episcopalia
1410 4720 1438 4773 in
1459 4721 1537 4779 Urbe
1562 4729 1801 4799 exercendadt*

995 4788 1072 4842 circa
1094 4788 1198 4842 mirum
1219 4801 1274 4842 nou
1296 4795 1349 4855 est,
1368 4789 1393 4844 sl
1409 4799 1532 4849 vacante
1550 4796 1677 4856 iuterim
1693 4794 1803 4865 sedari

995 4859 1110 4927 quando
1123 4858 1287 4929 contigerit.
1302 4859 1448 4929 utaliquis
1458 4864 1623 4937 episcopus
1633 4873 1677 4927 ita
1689 4874 1802 4943 protolli

996 4942 1052 4984 uon
1072 4929 1105 4984 ad
1130 4930 1223 4984 sedem
1243 4937 1348 4984 certam
1375 4931 1568 4999 implendam,
1595 4944 1648 4998 sed
1670 4945 1706 4999 ad
1723 4946 1802 5014 gente!

994 4999 1122 5070 aliquam
1138 5000 1237 5054 vicarii
1263 5001 1413 5069 apostolici
1438 5017 1518 5059 more
1537 5010 1576 5065 ad
1601 5013 1690 5070 tidem
1707 5013 1803 5070 fornu-

995 5070 1070 5137 darm,
1091 5083 1180 5139 eoquo
1203 5072 1317 5125 nomine
1333 5072 1480 5130 exercitus
1495 5076 1605 5150 aliquo
1634 5080 1803 5142 mensibusit

995 5141 1104 5196 vicario
1117 5154 1231 5195 munere
1241 5141 1419 5209 apostolatus
1438 5147 1515 5216 apud
1528 5149 1698 5211 itomanam
1714 5149 1804 5226 poetil-

994 5225 1064 5274 cem,
1088 5220 1201 5278 repente
1216 5212 1413 5283 sublegeretur
1425 5229 1584 5277 successor
1605 5227 1733 5289 aClero,
1746 5223 1803 5280 iilius

994 5283 1125 5347 virtutes,
1145 5291 1172 5335 et
1187 5284 1367 5350 prudentiam
1386 5295 1509 5356 experto
1524 5292 1584 5348 sub
1597 5296 1756 5355 decessore.
1768 5294 1805 5348 ‚ie

994 5353 1088 5418 rideo,
1100 5366 1153 5406 cru
1166 5353 1195 5406 V.
1207 5354 1237 5407 C.
1256 5355 1367 5425 lugius,
1381 5362 1441 5413 tum
1456 5360 1491 5415 ad
1505 5374 1621 5421 annum
1638 5366 1686 5436 91,
1699 5358 1805 5425 num-ll·

996 5432 1055 5478 tum
1077 5422 1159 5492 alibi,
1181 5429 1209 5478 et
1224 5427 1380 5491 prasertim
1397 5429 1431 5483 ad
1445 5444 1559 5489 annum
1574 5433 1642 5506 illd,
1657 5441 1728 5495 adeo
1737 5433 1804 5493 coni·

993 5496 1093 5549 denter
1113 5497 1289 5563 pronuntiet,
1314 5498 1472 5556 vicariatus
1495 5503 1672 5573 hujusmodi
1701 5523 1747 5579 per
1766 5505 1805 5561 uia

995 5567 1089 5634 priora
1097 5566 1268 5621 saculaesse
1281 5570 1803 5637 supposititios;eumadmittatexen·

994 5637 1072 5704 plum
1095 5638 1287 5705 apostolorum
1317 5640 1458 5710 principis
1478 5649 1541 5700 tres
1559 5649 1621 5704 sibi
1647 5653 1765 5707 vicarios
1783 5648 1805 5700 ft

995 5707 1066 5762 Urbe
1079 5707 1265 5777 sublegentis;
1281 5718 1308 5767 et
1318 5713 1524 5769 consulatuum
1543 5720 1623 5777 ratio
1633 5730 1762 5779 accurate
1769 5730 1806 5788 ιιι

994 5790 1046 5834 nos
1067 5791 1190 5847 expensa
1216 5780 1244 5836 id
1274 5782 1424 5851 perspicue
1442 5785 1629 5849 demonstret
1656 5808 1713 5852 uon
1735 5788 1805 5849 semel
