3892 6136
117 261 188 320 llis

489 259 649 316 HISTORIA
675 260 720 314 DE
745 259 834 315 ViTiS
860 256 958 313 PONT.
986 259 1069 315 ΗΘΜ.
1089 290 1126 302 -
1152 262 1180 316 S.
1211 260 1455 316 Edui'ciiiiuds

1756 259 1826 319 litt

114 384 233 440 clericis
259 380 396 453 agitabat,
424 379 481 435 sibi
508 392 609 435 nomen
635 378 779 447 martyris,
803 377 846 432 vel
869 377 1145 449 tem-Acolluvies,
1166 379 1216 448 qui
1241 393 1304 433 cum
1328 379 1456 435 viderent
1474 381 1632 437 catholicos
1647 382 1736 438 veluti
1752 395 1825 438 rerae

115 468 184 525 pora
211 453 355 523 passionis
379 450 536 507 ostendi.»
560 449 786 519 xpresbyteris,
812 449 941 519 inquam,

115 538 241 597 quorum
255 531 316 578 erat
328 524 386 577 haec
397 521 574 587 sollicitudo,
586 534 620 575 ex
633 521 733 575 horum
744 519 897 590 diligentia
906 520 941 576 ad

115 589 941 661 nosdcveaeruntindiculidepositionis,sepulturae,lesti

114 673 285 735 martyrum,
304 671 331 720 ιι
353 664 421 728 alia,
445 663 521 718 unde
540 662 660 717 conflata
681 668 749 717 sunt
770 661 942 731 liar-tyrcio-

115 738 172 808 gla.
202 738 309 793 Exstat.
335 743 367 791 ιι
392 748 437 789 ιιι
461 733 637 790 testimoniis
663 731 836 801 illustretur,
860 739 942 787 vetus

114 808 259 863 indiculus
283 808 313 859 ιιι
336 821 389 874 quo
413 807 468 858 loco
488 805 679 872 unusquisque
702 804 847 871 requiescit
869 819 942 872 pon-

116 882 219 948 tificum
245 879 427 932 homanorum
450 875 538 1001 mhunc
562 875 695 930 dedimus
722 873 827 945 supra).
855 875 890 929 Et
911 874 940 927 in

116 950 204 1006 ueteri
216 948 387 1003 Kalendario
397 947 452 1001 Eoc
464 947 532 1001 esis
543 944 776 1009 carthaginensis
786 958 802 999 a
814 944 942 1000 llabillo·

117 1023 166 1076 nio
177 1020 256 1075 edito
269 1018 356 1074 initio
366 1018 566 1087 exponiturex
577 1029 635 1085 quo
646 1015 851 1071 condatumsit
863 1018 943 1071 hna-

116 1092 193 1157 lecl.,
210 1097 279 1145 tom.
295 1091 331 1144 lli
347 1108 352 1143 ε
372 1109 384 1139 i
403 1090 453 1142 llic
465 1087 650 1142 continentur
663 1086 727 1141 dies
741 1087 940 1142 natalitiorum

118 1167 285 1231 martyrum,
297 1159 525 1228 etdepositiones
534 1157 744 1226 episcoporum,
756 1171 875 1227 quorum
887 1159 942 1212 Ec-

116 1233 204 1289 clesia
214 1229 603 1301 Carthaglnlsauniiersaria
612 1226 745 1282 celebrat.
756 1245 769 1276 ι
780 1227 942 1294 Quamlibet

116 1317 181 1359 vero
189 1301 342 1358 Ecclesiam
353 1299 715 1356 hosindieulosdistinctos
723 1297 942 1365 habuissejuxta

115 1374 311 1429 vetustissima
325 1372 459 1426 instituta
470 1370 568 1425 laudat
577 1370 760 1433 sozomenus,
773 1383 836 1423 cuni
848 1371 883 1424 de
895 1371 942 1423 Pa-

117 1438 940 1509 laesuracivitatibusconsiaoiia.etGazaloquitari.r,c.

114 1513 152 1571 3:
171 1536 183 1567 a
201 1516 325 1584 Utraque
340 1514 415 1568 enim
433 1526 517 1567 suum
532 1512 652 1566 seorsim
669 1509 752 1564 babet
764 1510 940 1580 episcopum,

114 1600 201 1642 suum
216 1585 336 1649 clerum,
358 1584 420 1638 dies
441 1584 507 1639 item
525 1581 612 1636 lestos
634 1586 790 1649 martyrum
810 1595 939 1649 suorum,

115 1664 144 1713 et
156 1655 439 1712 commemorationes
449 1656 659 1723 episcoporum,
672 1651 721 1720 qui
734 1651 806 1720 ipsis
818 1651 942 1721 pratae-

997 448 1128 504 Eccleslie
1156 455 1291 504 tesseram
1324 463 1478 520 proponere
1511 451 1636 519 gloriosa
1666 459 1823 524 martyrum

996 520 1163 589 certamina,
1174 527 1201 575 et
1212 522 1267 589 ipsi
1281 526 1417 590 martyres
1427 524 1681 592 suosy'actitabant,
1694 531 1824 594 utsupra

996 602 1029 644 ex
1044 603 1185 661 anonymo
1200 598 1228 646 et
1242 591 1396 660 apollonio
1418 592 1454 646 ab
1473 593 1594 649 Eusebio
1617 593 1752 663 laudatis,
1768 608 1824 650 ex-

998 673 1115 728 pensum
1139 667 1191 716 est.
1217 663 1336 730 insuper
1361 676 1426 718 cum
1450 676 1569 731 corpora
1591 669 1746 733 martyrum
1772 678 1824 735 pe-

996 733 1081 786 cunia
1097 745 1111 786 a
1129 738 1340 799 persecutorum
1364 733 1541 789 satellitibus
1560 734 1779 804 redimerentur,
1795 742 1824 791 et

996 802 1189 873 contingerent
1209 804 1377 872 impostores
1402 803 1551 874 reliquias,
1577 805 1611 859 ad
1637 805 1687 860 lias
1707 802 1824 862 fraudes

997 874 1162 929 evertendas
1182 874 1379 942 Eutychianos
1395 874 1532 930 decernit.
1548 874 1727 945 sepultorum
1745 889 1825 933 mar-

997 948 1091 1013 tyrum
1108 945 1239 999 notitiam
1255 944 1290 997 ad
1306 946 1456 1013 episcopos
1474 943 1665 1012 deferendam,
1683 951 1715 1001 ut
1730 947 1825 1017 signis

996 1015 1138 1070 discussis
1152 1015 1393 1070 determinaretur
1412 1015 1461 1085 qui
1483 1023 1578 1070 essent
1593 1017 1653 1071 veri
1670 1023 1820 1087 martyres,

995 1086 1095 1210 eismue
1112 1085 1202 1140 honor
1215 1090 1277 1140 tuto
1288 1085 1352 1140 dari
1370 1092 1471 1154 posset.
1487 1086 1724 1157 Diligentissima,
1738 1095 1766 1143 et
1778 1089 1825 1144 si-

996 1168 1044 1211 mu
1072 1156 1266 1211 uetustissima
1286 1162 1347 1210 erat
1360 1156 1563 1225 Ecclesiarum,
1579 1163 1608 1212 et
1621 1159 1824 1226 episcoporum

995 1225 1159 1297 diligentia,
1183 1233 1211 1281 ιι
1230 1226 1328 1281 sedula
1353 1227 1563 1283 animadversio
1586 1229 1615 1282 in
1643 1228 1824 1285 trutinandls

998 1303 1152 1366 martyrum
1167 1298 1258 1366 priori
1273 1298 1337 1352 vitae
1354 1296 1538 1367 professione,
1551 1299 1680 1368 martyrii
1694 1299 1824 1355 circum-

996 1367 1123 1435 stantiis,
1137 1374 1166 1423 et
1180 1369 1369 1423 consummati
1384 1369 1514 1438 martyrii
1528 1371 1634 1435 causis,
1651 1371 1825 1439 quaomnia

996 1437 1101 1493 librata
1128 1440 1239 1494 ratione
1259 1452 1381 1508 expensa
1403 1440 1545 1565 leguntur.
1567 1441 1608 1495 lid
1632 1441 1823 1509 apostolicum

995 1522 1084 1563 aevum
1100 1510 1275 1577 proximiore
1287 1515 1369 1565 aetate
1379 1511 1432 1564 Ecc
1445 1511 1513 1566 esiae
1525 1517 1669 1566 strenuam
1684 1518 1824 1567 navarunt

996 1592 1110 1649 operam
1127 1594 1178 1648 pro
1192 1594 1224 1635 ea
1237 1581 1401 1651 diligentia.
1416 1581 1586 1637 Trutinabat
1601 1581 1631 1636 in
1648 1582 1824 1653 martyribus

995 1650 1152 1719 coronatiS,
1182 1657 1335 1706 abessent
1359 1655 1509 1717 exercitati,
1537 1657 1562 1706 et
1582 1655 1688 1722 parati,
1715 1669 1752 1707 an
1773 1655 1824 1708 in-

117 1736 195 1784 runt.
214 1746 227 1776 a
245 1726 416 1795 Eutychiani
439 1726 535 1795 itaque
548 1723 713 1793 diligentia,
728 1737 812 1775 monn
827 1738 878 1776 suc
893 1736 942 1777 se-
957 1723 1148 1796 Beaerri'tcti.
1170 1722 1208 1776 De
1232 1735 1290 1791 qno
1313 1728 1405 1776 exstat
1429 1722 1542 1794 insigne
1562 1725 1766 1779 documentum
1793 1724 1823 1780 iu

116 1799 251 1868 pellentis
270 1804 417 1866 martyres,
434 1797 551 1850 denotat
569 1795 596 1849 id
615 1793 708 1863 egisse
731 1794 941 1860 persecutionis
995 1791 1116 1860 epistola
1129 1792 1329 1862 Lugdunensis
1342 1793 1484 1855 Ecclesia,
1497 1794 1825 1863 quaeuniiersisEccle-

115 1863 940 1937 becianaetemporibussuissavientisoccastonc,qoando

117 1940 282 1996 interdictis
296 1938 466 1993 camerariis
480 1943 508 1991 et
521 1934 709 2002 catacumbis,
725 1934 741 1988 d
747 1936 875 2001 laconas,
891 1943 942 1990 aut

117 2019 274 2079 martyrum
297 2009 443 2079 presbyter
463 2007 555 2062 voluit
570 2018 627 2076 quo
645 2011 765 2075 poterat,
785 2015 940 2076 martyrum

116 2095 238 2152 corpora
253 2082 406 2143 tumulare,
421 2093 455 2134 ne
469 2092 502 2133 eo
518 2080 625 2133 bonore
640 2078 833 2147 privarentur.

995 1863 1050 1916 siis
1069 1861 1243 1917 Christianis
1265 1863 1375 1918 directa
1396 1869 1439 1918 ιιι
1458 1866 1532 1932 apud
1555 1866 1655 1919 Euseb.
1674 1865 1693 1920 l.
1710 1879 1736 1930 ii,
1753 1879 1778 1920 ι.
1800 1863 1821 1920 Ι.

994 1932 1098 1999 Aliqua
1110 1932 1264 1988 delibanda
1276 1934 1310 1989 ad
1324 1941 1524 2004 argumentum
1536 1935 1751 1991 illustrandum.
1765 1937 1824 1991 lle-

995 2003 1125 2058 scribens
1146 2004 1244 2075 itaque
1259 2005 1370 2060 turbam
1394 2003 1588 2061 consessorum
1612 2006 1641 2060 in
1658 2005 1824 2062 carceribus

995 2076 1186 2141 detentorum,
1202 2082 1230 2129 ιι
1245 2077 1387 2146 quomodo
1402 2078 1533 2144 imparati·
1543 2076 1695 2132 delicerent
1709 2077 1738 2132 in
1751 2090 1823 2148 ago-

153 2156 239 2208 Linea
258 2152 284 2207 6.
298 2182 334 2192 -
353 2152 406 2216 (liii
424 2151 472 2203 hoc
496 2150 626 2214 instituit,
652 2153 682 2201 ut
703 2148 857 2216 quicunque
875 2149 942 2215 fide·
997 2158 1041 2209 ite,
1054 2158 1088 2199 ac
1103 2146 1289 2214 persisterent
1301 2149 1443 2201 exercitale
1455 2148 1483 2202 in
1498 2147 1563 2202 ildei
1578 2146 1767 2216 contessione,
1784 2149 1823 2204 ita

117 2225 185 2278 lium
206 2229 354 2291 martyrem
377 2221 501 2290 sepeliret
507 2259 585 2272 .....
608 2219 681 2287 qood
700 2224 790 2271 tomen
807 2220 845 2272 cil
865 2222 941 2273 noti·-
996 2216 1142 2271 notionem
1156 2230 1255 2272 vocum
1269 2217 1379 2286 aperit:
1399 2219 1536 2273 «Exinde
1550 2219 1636 2272 etlam
1650 2218 1757 2288 reliqui
1772 2219 1857 2290 di-¹

117 2299 184 2350 tium
195 2296 248 2348 siti
258 2295 421 2359 divulgaret.
434 2291 627 2346 Constitutum
639 2291 754 2345 roborat
764 2291 941 2357 superiorein
997 2288 1107 2357 gnosci,
1121 2300 1154 2342 ac
1166 2288 1311 2358 distingui
1324 2301 1444 2356 crepere.
1460 2291 1492 2343 Et
1508 2289 1632 2358 prompti
1648 2289 1775 2359 quidem,
1791 2303 1825 2344 ac

117 2367 357 2429 observationem,
374 2363 535 2433 pontillcem
551 2373 649 2430 nempe
666 2374 771 2415 munus
786 2361 942 2430 presbyteri
998 2359 1089 2427 parati
1106 2365 1188 2412 erant
1205 2364 1437 2428 protomartyres,
1461 2361 1511 2430 qui
1528 2373 1640 2415 summa
1658 2361 1822 2415 animorum

118 2444 270 2506 martyrem
286 2435 498 2504 defungentem,
514 2447 598 2485 rnonu
612 2447 664 2484 suo
682 2438 838 2500 martyrum
854 2433 943 2487 cada·
997 2428 1156 2495 alacritate,
1174 2432 1327 2484 soleinnem
1345 2430 1423 2484 illam
1441 2438 1597 2498 martyrum
1613 2429 1822 2487 contessionem

116 2522 181 2563 vera
199 2512 362 2574 curasse,et
375 2519 408 2559 ne
426 2504 504 2559 lraus
518 2503 702 2558 interveniret
713 2509 849 2556 consueta
860 2503 943 2574 signa
996 2499 1158 2554 ediderunt.
1180 2499 1235 2566 Qui
1257 2512 1322 2554 vero
1346 2501 1489 2568 imparati,
1510 2506 1538 2556 et
1560 2502 1750 2570 inexercitati,
1775 2514 1825 2556 nec

116 2579 304 2648 apposuisse3
322 2578 349 2631 id
364 2577 439 2631 enim
454 2574 537 2629 verba
552 2573 602 2628 illa
616 2574 752 2628 denotare
763 2573 941 2642 significant,
998 2569 1090 2624 firmis
1103 2570 1197 2625 adhuc
1211 2576 1293 2624 erant
1306 2571 1426 2636 viribus,
1441 2572 1475 2627 ad
1491 2573 1626 2641 impetum
1642 2573 1713 2627 tanti
1728 2578 1825 2627 certa-

119 2658 150 2706 ιι
165 2663 283 2719 peream
295 2646 519 2703 sollicitudinem
536 2652 701 2713 martyrum,
712 2651 740 2698 et
751 2643 940 2714 reliquiarum
999 2642 1086 2695 minis
1099 2641 1299 2696 sustinendum
1315 2648 1385 2696 tunc
1401 2640 1550 2697 manifeste
1566 2650 1728 2711 patuerunt.
1744 2662 1757 2692 o
1773 2644 1825 2698 ln-

119 2722 257 2777 identitas
274 2718 442 2788 probaretur
458 2735 464 2771 :
481 2716 577 2770 eadem
593 2714 740 2771 occasione
753 2715 892 2785 decernit,
910 2722 943 2771 ιι
996 2711 1075 2794 dicia
1090 2713 1225 2781 martyris
1243 2713 1393 2767 exercitati
1409 2719 1436 2767 et
1451 2714 1543 2782 parati
1561 2714 1589 2767 in
1605 2714 1699 2769 Attalo
1714 2714 1756 2769 ιιι
1771 2715 1826 2769 de-

118 2793 259 2861 euy'usque
273 2791 396 2851 ordinis,
413 2787 649 2856 conditionisque
658 2793 752 2841 essent
766 2785 872 2850 lideles,
891 2788 941 2857 qui
996 2783 1175 2837 scribuntur.
1201 2804 1213 2834 i
1236 2783 1348 2837 Attalus
1355 2822 1451 2836 ......
1480 2784 1694 2839 vehemeiitera
1720 2784 1826 2854 populo

118 2869 188 2918 tunc
207 2860 324 2931 speciali
340 2860 422 2916 cultu
445 2865 601 2927 martyrum
623 2856 763 2926 reliquias
783 2859 943 2928 conquire·
998 2853 1159 2922 postulatus
1172 2853 1205 2907 ad
1221 2854 1409 2923 supplicium,
1423 2860 1454 2909 ut
1469 2862 1532 2936 pote
1544 2855 1588 2908 ιιι
1601 2855 1824 2938 ιιιιιιιιιιιιιι,

119 2935 197 2996 ιιιι,
215 2946 319 3004 easque
333 2931 411 2986 domi
428 2929 639 2989 custodiebant.
653 2929 689 2983 de
705 2927 766 2982 illis
785 2941 818 2982 eo
834 2928 942 2984 honore
998 2931 1114 2994 paratus
1142 2924 1176 2978 ad
1207 2932 1348 3005 certamen
1374 2931 1503 3006 accessit,
1523 2923 1622 3003 ‚iretus
1647 2932 1825 3007 conscientia

117 3005 320 3068 cohonestatis,
330 3002 479 3057 certiorem
491 2999 652 3069 pontillcem
663 2999 829 3062 redderent;
843 3014 942 3069 nempe
998 3003 1072 3050 recte
1084 2993 1224 3049 tactorum
1237 3011 1243 3046 :
1258 2996 1369 3063 Quippe
1383 3009 1411 3048 in
1422 2994 1825 3073 ιιιιιιιιιοιιιιιιιιιιιιιιι

120 3082 153 3131 ιι
169 3077 286 3143 ιιιιιιι,
303 3088 337 3128 ιι
354 3073 413 3128 ιιιι
430 3077 525 3127 ιιιιιι
546 3077 693 3140 martyres,
716 3072 890 3140 agnoscendi
906 3085 940 3126 ex
957 3097 981 3160 C
996 3065 1088 3120 solide
1100 3070 1285 3145 exercitatus,
1298 3065 1438 3132 testisque
1449 3064 1524 3144 apud
1541 3078 1591 3119 nos
1604 3067 1825 3146 veritatis-seum-

119 3146 222 3217 signis,
239 3147 412 3214 tesserisque
431 3142 581 3211 usurpatis
613 3145 722 3198 Poterat
746 3141 942 3210 Eutychianus
998 3149 1048 3204 per
1068 3141 1225 3189 exstiterat.
1252 3152 1264 3190 i
1288 3135 1355 3188 Erat
1377 3147 1538 3215 necessaria
1560 3140 1657 3189 cautio
1679 3134 1823 3217 adhibita,

118 3217 258 3272 cautelam
276 3217 347 3270 hanc
359 3214 551 3270 adhibendam
564 3227 626 3268 esse
641 3219 776 3276 statuere,
790 3224 855 3265 curu
870 3210 943 3266 Gal·
997 3219 1052 3275 qua
1067 3204 1279 3273 expendebatur
1301 3202 1437 3285 supplicii
1454 3217 1551 3284 caiisa,
1575 3206 1643 3260 duni
1668 3213 1754 3260 etiam
1772 3220 1823 3274 qui

121 3288 190 3343 lieni
215 3287 395 3358 indulgentia
409 3286 542 3340 ecclesiis
557 3283 703 3338 restitutis
714 3288 743 3335 et
756 3281 939 3345 coemeteriis,
995 3275 1142 3358 Christum
1154 3281 1333 3356 negaverant,
1348 3281 1431 3356 morti
1445 3274 1662 3357 addicebantur,
1677 3277 1752 3358 undo
1763 3283 1826 3331 erat

118 3359 222 3413 subtus
234 3358 335 3412 altaria
353 3363 508 3424 martyrum
522 3365 642 3421 corpora
658 3351 889 3415 reconderentur,
906 3352 939 3406 ad
997 3359 1157 3401 necessaria
1169 3357 1368 3414 episcoporum
1381 3351 1600 3415 circumspectio
1614 3359 1644 3400 in
1656 3346 1826 3402 discernen-

119 3430 273 3484 missarum
288 3427 426 3482 solemnia
440 3425 559 3494 agenda,
576 3423 650 3493 quod
668 3434 721 3477 suo
734 3421 848 3476 decreto
862 3422 942 3476 Felix
996 3417 1043 3472 dis
1059 3417 1134 3471 inter
1157 3415 1322 3472 interlectos
1336 3417 1387 3486 qui
1403 3423 1484 3471 erant
1501 3414 1693 3498 'confessores
1717 3418 1826 3488 quique

118 3502 251 3554 decessor
272 3498 471 3552 constituerat.
493 3494 588 3548 ltltera
608 3499 677 3548 tunc
695 3491 856 3546 invaluerat
869 3507 943 3547 con-
997 3488 1061 3543 ildei
1078 3493 1216 3542 extorres.
1231 3487 1311 3570 Quod
1328 3490 1371 3569 sic
1385 3487 1539 3569 denuntiat
1555 3489 1756 3571 lugdunensis
1772 3490 1827 3544 Ec-

118 3568 253 3635 suetodo,
264 3568 330 3622 utin
342 3563 868 3635 privatisdomibusidelesmartyrum
879 3563 942 3618 reli·
996 3559 1085 3614 clesia
1097 3576 1103 3612 :
1117 3578 1130 3610 i
1146 3556 1250 3613 Omnes
1263 3559 1407 3629 siquidem
1423 3573 1475 3628 qui
1488 3571 1507 3640 a
1522 3572 1613 3640 prima
1628 3567 1726 3614 statim
1743 3573 1826 3615 com-

119 3640 205 3709 quias
226 3639 390 3702 retinerent,
411 3643 439 3690 ιι
462 3643 528 3691 ante
546 3634 657 3690 easdem
674 3632 827 3689 lunderent
847 3648 942 3703 preces
996 3630 1278 3700 prehensioneddem
1293 3639 1474 3699 negaverunt,
1486 3644 1542 3712 ipsi
1555 3643 1669 3700 quoque
1682 3632 1711 3685 in
1723 3644 1824 3685 carce-

118 3712 185 3772 lieo,
202 3716 340 3765 martires
352 3710 393 3763 ιιι
411 3707 581 3761 mediatores
596 3704 820 3774 interpellantes.
833 3705 874 3759 ab
890 3706 944 3760 ini·
998 3714 1055 3756 rem
1071 3700 1203 3768 conjecti,
1225 3701 1324 3755 eadem
1346 3714 1410 3769 quae
1423 3710 1519 3756 caeieri
1536 3708 1675 3770 martyres
1696 3701 1826 3770 pertere-

119 3782 162 3835 tio
178 3783 252 3834 enim
269 3766 355 3847 liujus
368 3777 477 3845 saculi,
491 3779 526 3832 ad
543 3777 664 3847 gloriam
678 3774 872 3830 confessorum
886 3790 943 3831 au·
998 3771 1080 3826 bant.
1096 3773 1192 3853 Neque
1207 3774 1282 3826 enim
1300 3770 1361 3852 illis
1376 3771 1536 3852 quidquam
1549 3780 1618 3853 tunc
1635 3771 1743 3854 proluit
1758 3770 1825 3827 ddci

119 3853 238 3922 genilain
255 3851 380 3919 episcopi
396 3850 430 3903 ad
449 3859 603 3918 martyrum
621 3860 716 3916 preces
737 3847 943 3914 penitentibus
997 3856 1057 3898 ιιι
1080 3848 1194 3910 negatio
1207 3860 1214 3909 ·,
1226 3855 1322 3897 verum
1346 3841 1391 3896 illi
1409 3843 1535 3911 quidem,
1553 3857 1602 3912 qui
1619 3856 1681 3899 sese
1704 3844 1731 3926 id
1748 3842 1823 3925 quod

119 3920 316 3977 deterentibus
332 3921 456 3990 libellos,
471 3933 520 3988 per
533 3918 644 3973 eosdem
658 3915 854 3973 consessorum
870 3918 942 3972 sub-
997 3926 1092 3968 revera
1107 3920 1188 3967 erant
1202 3925 1262 3968 esse
1276 3911 1492 3988 profitebantur,
1509 3921 1655 3995 tanquam¹
1666 3914 1826 3996 Christiani

119 3994 253 4062 scriptos,
276 3992 439 4046 relaxabant
455 4003 551 4059 poenas
567 4003 617 4059 pro
634 3989 756 4058 peccatis
770 3988 940 4044 solvendas:
996 3982 1225 4065 conjiciebantur
1241 3985 1271 4038 in
1293 3983 1417 4064 vincula,
1436 3983 1515 4038 nullo
1537 3984 1596 4066 alio
1615 3985 1738 4040 crimine
1754 3987 1827 4054 ipsis
1856 4056 1862 4067 Ι

121 4065 179 4119 iino
201 4078 264 4118 cuni
288 4069 383 4117 essent
406 4063 548 4128 designati
575 4068 720 4129 martyres,
744 4060 943 4127 accurrebant,
997 4055 1116 4123 objecto.
1142 4055 1174 4128 lli
1193 4067 1259 4109 iero
1281 4054 1398 4124 perinde
1418 4068 1450 4109 ac
1469 4054 1630 4124 homicidae,
1654 4063 1681 4110 ιι
1695 4054 1826 4112 scelerati

120 4141 153 4190 ut
166 4141 228 4203 post
238 4147 369 4189 coronam
381 4134 455 4201 apud
470 4134 556 4187 Deum
569 4138 677 4186 stantes
686 4132 877 4186 admissorum
889 4132 945 4186 cri·
999 4125 1130 4207 homiues
1139 4125 1274 4206 deinceps
1286 4124 1500 4193 detinebantur,
1512 4125 1601 4194 duplo
1614 4128 1730 4209 gravius
1741 4140 1827 4197 quam

120 4207 231 4260 ruinuin
255 4206 378 4272 reniam,
404 4216 557 4273 veramque
579 4203 777 4272 poeiiitentiam
803 4204 945 4270 impetra·
999 4197 1105 4266 reliqui
1116 4197 1291 4264 supplicium
1305 4194 1827 4280 perferentes.lllosetenimgaudium

122 4283 195 4331 rent.
209 4277 247 4330 De
260 4289 316 4345 quo
331 4281 444 4329 exstant
458 4274 586 4343 exempla
603 4274 631 4327 iii
647 4273 780 4342 epistolis
793 4272 944 4342 Cypriani·
1000 4267 1142 4337 martyrii,
1159 4279 1281 4338 spesque
1300 4280 1448 4349 promissae
1465 4267 1668 4350 beatitudinis,
1684 4269 1827 4341 etchari-

119 4349 185 4416 cis3
203 4347 344 4415 praecipue
366 4345 490 4416 legendae
511 4345 594 4414 epist.
620 4342 651 4399 ei
674 4351 701 4399 et
717 4342 762 4400 eo.
787 4344 816 4398 in
837 4343 945 4413 quibus
1000 4346 1044 4394 tas
1057 4351 1124 4409 erga
1137 4338 1294 4420 Christum,
1311 4345 1339 4393 et
1353 4340 1402 4393 Dei
1419 4340 1512 4394 Patris
1526 4339 1824 4421 Spiritusrecreabat,

118 4419 280 4488 Cyprianus
294 4419 354 4486 ipse
365 4424 393 4472 et
406 4430 457 4485 pro
470 4430 509 4484 se,
523 4424 551 4471 et
568 4429 618 4485 pro
628 4414 697 4470 aliis
710 4415 819 4484 expetit
829 4428 946 4470 corona·
1001 4411 1057 4465 llos
1071 4422 1137 4464 vero
1153 4417 1279 4480 grauiter
1303 4409 1432 4478 torpebat
1452 4411 1640 4476 conscientia,
1657 4416 1697 4463 ita
1712 4416 1744 4490 ut
1757 4411 1827 4492 dum

120 4497 215 4544 torum
232 4496 302 4542 mart
324 4502 386 4542 rum
400 4489 630 4542 intercessiones.
644 4486 776 4541 Oratoria
788 4486 945 4541 domestica
962 4481 1227 4546 Dtrucidarentur,
1250 4481 1313 4548 ipso
1333 4479 1425 4548 vultu,
1441 4488 1528 4562 atque
1542 4487 1658 4562 aspectu
1674 4477 1824 4562 lacile'di-

119 4570 252 4616 extruere
271 4504 371 4614 soiitos
391 4559 488 4613 lldeles
509 4558 537 4612 iii
559 4557 666 4627 quibus
693 4563 847 4626 martyrum
874 4570 947 4612 oon·
1000 4558 1202 4633 scernerentur
1222 4564 1237 4604 a
1259 4551 1410 4630 cacteris.»
1432 4551 1553 4674 helimna
1575 4563 1658 4620 signa
1681 4557 1827 4634 exercita-

120 4632 231 4702 qulsita
246 4644 365 4699 corpora
382 4629 576 4690 reconderent,
594 4635 625 4683 ut
638 4629 713 4698 apud
731 4630 816 4683 Deum
832 4640 881 4683 eos
897 4630 959 4683 in:
1000 4630 1093 4679 torum
1117 4629 1145 4676 et
1167 4626 1420 4701 inexercitatorum
1444 4620 1485 4702 ibi
1517 4620 1660 4701 egendaa
1676 4634 1736 4706 pag.
1763 4616 1823 4676 ιιι.

121 4699 832 4769 tercessoresproadmissiscriminlbushaberent,
843 4700 946 4755 docent
1000 4697 1035 4750 Et
1048 4699 1114 4775 ante
1128 4692 1329 4772 Lugdunensis
1343 4689 1514 4772 encyclicam
1530 4690 1657 4772 Ecclesia
1670 4697 1827 4774 ιιιιιιιιι-Ι

119 4775 189 4827 Acta
206 4775 233 4827 S.
254 4770 394 4827 Bonilicii
419 4773 563 4841 martyris,
581 4772 631 4841 qui
655 4772 755 4840 paucis
772 4777 834 4839 post
854 4770 946 4825 inter-
1000 4767 1042 4820 sis
1067 4777 1096 4817 in
1117 4761 1206 4817 altera
1231 4770 1336 4831 pariter
1362 4761 1506 4830 encyclica
1528 4762 1655 4817 ostendit
1678 4762 1825 4832 Polycarpi

117 4845 203 4913 jectis
218 4844 303 4898 annis
319 4848 426 4912 martyr
446 4842 592 4908 occubuit,
614 4843 681 4896 dum
697 4841 799 4912 Aglaes
815 4847 842 4895 et
856 4842 946 4896 Boni-

120 4914 236 4970 luciusa
247 4916 337 4983 priori
350 4915 518 4982 impuritate
528 4913 655 4968 recedere
664 4917 863 4980 proponentes,
875 4926 946 4967 mar·

120 4993 213 5056 tyrum
224 4987 359 5040 cadavera
374 4986 545 5055 requirenda
556 4990 697 5050 statuunt,
709 4989 736 5038 et
745 4985 858 5038 inventa
869 4983 945 5038 intra

118 5059 292 5113 domesticos
317 5058 400 5122 lares,
428 5062 574 5111 exstructo
600 5054 738 5121 oratorio,
764 5053 888 5108 retinere
911 5069 944 5109 eo

120 5125 946 5199 scopo.SicenimxgtoesssonllacioitersuadetadOrien-

120 5203 159 5256 tis
175 5207 277 5268 yiartes,
294 5201 341 5254 nbi
357 5205 515 5254 tuncerant
527 5199 726 5253 diocletianea
736 5197 946 5267 persecutionis

121 5272 203 5328 initia
218 5286 251 5326 ex
271 5272 392 5327 edition.
415 5271 516 5328 llolst..
535 5284 596 5340 pag.
613 5270 649 5324 8:
668 5290 682 5321 r
700 5271 784 5340 Perge
804 5269 895 5338 igilur
908 5269 943 5323 ad

121 5344 187 5398 illas
204 5352 307 5411 paries,
323 5347 351 5397 ιι
365 5341 434 5396 aller
454 5341 535 5396 nobis
557 5341 706 5409 reliquias,
724 5342 751 5395 id
767 5345 810 5394 ιιι
824 5352 945 5408 corpora

119 5423 283 5470 sauctorum
298 5420 453 5482 martyrum
467 5431 472 5465 :
486 5414 511 5466 si
524 5412 666 5481 quomodo
681 5411 847 5476 servientes,
858 5419 945 5479 atque

121 5487 319 5541 ministrantes
334 5484 387 5546 eis,
405 5495 456 5536 nec
471 5496 526 5538 non
543 5491 570 5537 et
584 5482 725 5537 oratorias
740 5481 840 5534 domos
853 5480 944 5536 adili-

120 5568 217 5612 cantes
231 5555 274 5608 eis
288 5554 401 5622 dignas,
420 5566 468 5620 per
480 5561 593 5606 sanctas
611 5553 758 5619 passiones
772 5563 869 5604 eorum
886 5551 944 5605 sal-

121 5642 227 5691 iemus,
240 5634 299 5680 tuni
313 5637 372 5684 iios,
386 5638 471 5692 qnam
483 5624 566 5677 mulli
581 5622 643 5676 alii.
659 5624 847 5677 »Perinovere
858 5623 943 5676 ctiam

122 5705 230 5768 poterat
255 5696 464 5765 Eutychianum
495 5695 691 5749 haereticorum
721 5699 789 5747 tunc
818 5693 945 5748 insolens

123 5770 208 5825 tactio
226 5770 460 5828 Novaitianorum,
478 5768 565 5821 sicuti
584 5765 669 5819 etiam
689 5764 943 5834 Cataphrygarum,

123 5840 368 5910 llarcionitarum,
382 5846 410 5896 ιι
425 5838 567 5894 similium
584 5836 778 5906 improborum
795 5835 943 5893 hominum

1000 4833 1134 4902 martyris
1145 4832 1282 4901 exemplo,
1294 4833 1369 4901 apud
1387 4831 1499 4897 Euseb.,
1514 4831 1533 4887 l.
1550 4845 1588 4899 iv,
1599 4846 1623 4887 c.
1639 4830 1681 4902 45,
1695 4834 1744 4903 qui
1755 4849 1828 4887 mor·

999 4915 1071 4975 lynea
1092 4905 1240 4958 secundum
1260 4904 1438 4970 Eooaqelium
1460 4904 1595 4966 censendi,
1619 4904 1826 4960 discriminans

998 4976 1113 5045 eosqui
1134 4975 1211 5031 ultro
1226 4989 1256 5030 se
1270 4988 1300 5028 se
1316 4974 1411 5039 morti,
1436 4981 1464 5029 et
1486 4974 1734 5042 persecutionibus
1753 4975 1826 5031 olie-

1000 5049 1108 5112 rebant,
1122 5046 1157 5102 ab
1171 5046 1209 5102 iis
1221 5046 1271 5118 qui
1288 5046 1317 5100 in
1329 5045 1469 5101 exercitio
1483 5046 1622 5101 virtutum
1638 5059 1827 5113 perseveran-

998 5126 1051 5179 tes.
1065 5119 1346 5188 comprehensionem
1361 5116 1607 5185 prestolabantur.
1623 5118 1788 5174 Necessaria
1798 5125 1826 5175 et

1001 5192 1058 5246 haec
1073 5191 1226 5259 putabatur
1238 5187 1344 5256 cautio,
1358 5203 1422 5243 cuin
1438 5189 1567 5244 ultronee
1579 5201 1609 5243 se
1622 5201 1651 5243 se
1664 5187 1824 5258 offerentes,

1001 5262 1131 5333 plerique
1152 5260 1234 5316 tidem
1250 5259 1436 5332 denegabant,
1461 5259 1534 5329 quod
1553 5259 1593 5314 ibi
1609 5259 1735 5316 Ecclesia
1750 5259 1825 5317 iacto

999 5333 1135 5390 ostendit.
1152 5332 1218 5387 lade
1234 5331 1419 5400 Polycarpum
1442 5330 1587 5400 proponit,
1610 5337 1759 5401 martyrem
1775 5345 1824 5388 re·

1000 5419 1063 5460 rum
1078 5404 1176 5459 laudat
1186 5408 1215 5458 et
1229 5402 1409 5460 imitandum.
1424 5402 1473 5471 qui
1488 5401 1563 5456 ultro
1577 5414 1631 5457 non
1647 5415 1677 5456 ιι
1692 5417 1722 5458 ιι
1736 5402 1824 5459 οιιι-

1000 5476 1044 5543 lit,
1058 5475 1106 5530 sed
1122 5474 1344 5540 comprehensus
1359 5474 1441 5543 signa
1458 5472 1643 5528 tortitudinis
1654 5473 1826 5530 Christianae

1001 5548 1030 5601 iii
1045 5558 1136 5616 agone
1155 5543 1298 5599 exhibuit.
1319 5543 1395 5599 Unde
1418 5545 1458 5599 ita
1481 5542 1613 5599 fidelibus
1635 5549 1666 5599 ut
1681 5547 1826 5615 exemplar

1001 5623 1173 5688 proponunt,
1190 5629 1223 5669 ex
1237 5613 1394 5685 fragmento
1408 5615 1560 5670 Valesiaao
1575 5615 1694 5671 innotis
1710 5617 1824 5688 Euseb.,

1002 5704 1063 5760 pag.
1077 5686 1112 5744 69
1126 5694 1154 5742 ιι
1167 5684 1218 5742 73:
1237 5707 1250 5738 i
1263 5687 1319 5755 Qui
1336 5700 1391 5741 non
1405 5687 1497 5741 solum
1511 5687 1611 5741 doctor
1627 5688 1761 5758 insignis,
1777 5702 1825 5743 ιι-

1002 5757 1824 5829 rumellumsummusexstititmartyr.Cujiismartyrium

1000 5844 1097 5887 omnes
1114 5829 1222 5887 imitari
1237 5830 1363 5899 student,
1377 5828 1484 5900 quippe
1499 5828 1575 5900 quod
1591 5842 1656 5885 cuin
1670 5830 1824 5900 Evangelio
