3892 6136
47 267 49 271 ·
125 245 163 310 63
514 241 561 303 ab
585 236 804 300 salmasium
828 235 1086 300 rnotuoouurtl
1114 237 1203 300 libri.
1226 236 1442 301 nonu-vinc.
1789 235 1818 303 61

125 387 163 432 sae
174 372 257 431 navis
267 370 407 443 basilica,
417 368 469 429 ubi
478 369 524 429 ss.
536 368 663 430 SimonIs
671 375 700 429 et
708 367 787 428 ludae
799 366 947 441 apostolo·
961 362 988 425 A
1004 362 1037 420 V.
1054 362 1082 421 d.
1099 362 1236 424 PONTIF.
1251 366 1302 424 ΕΤ
1312 366 1504 426 Decumum.
1519 364 1574 426 SA.
1591 364 1615 425 Il

126 478 188 522 rum
203 474 252 519 ara
263 462 443 533 postmodum
459 460 517 518 init
529 461 652 519 exaltata
666 480 672 517 :
687 464 831 518 asserente
844 457 947 517 lacobo
1000 437 1234 567 giss'lffissffiss·

123 551 277 621 Orinaioi,
289 551 401 608 notario
413 551 448 608 ad
460 551 513 609 boo
525 551 654 609 muneris
665 551 777 620 allecto,
791 556 823 607 ut
831 549 947 623 singula

123 641 278 713 diligenter
293 639 411 697 referret
425 640 455 697 in
471 641 583 697 liiteras
597 655 661 712 quae
677 640 706 696 in
721 639 880 710 dejectione
893 653 949 695 re-

123 729 193 787 teris
205 728 333 786 basilice
346 733 433 801 atque
446 729 476 786 in
492 730 641 787 molitione
655 743 733 787 nove
746 743 795 800 per
804 729 867 786 dios
880 727 947 785 sin·

123 816 206 891 gulos
220 818 423 890 reperirentur.
436 817 465 875 ld
477 819 613 891 prestitit
625 818 781 892 diligenter
794 816 824 874 in
839 816 947 874 tabulis

122 907 294 965 auctoritate
307 906 422 978 publica
433 898 568 979 exaratis,
581 913 609 964 et
622 907 744 965 munitis
758 908 946 977 impressione

123 995 276 1069 signaculi,
289 1009 410 1067 quarum
420 998 630 1070 autographum
642 997 727 1055 bodie
741 999 904 1054 asservatur
914 994 946 1053 in

122 1084 240 1142 arcbirn
254 1085 415 1143 canonicali
431 1087 557 1157 ejusdem
574 1084 701 1144 basilicae
716 1084 859 1157 principis
873 1099 947 1157 apo-

122 1173 272 1232 stolorum.
290 1174 445 1233 Euomeret
463 1174 556 1248 igitur
574 1174 740 1232 Grimaldus
758 1174 807 1232 iol.
830 1172 864 1231 ta
881 1188 947 1231 aras

122 1263 283 1335 complures
298 1277 470 1322 marmoreas
492 1265 569 1321 circa
588 1264 738 1322 basilicam
751 1264 850 1322 eodem
863 1265 946 1322 modo

122 1356 258 1424 repertas,
273 1357 328 1410 eta
342 1354 475 1425 Pompeio
489 1354 599 1426 Ugonio
615 1353 800 1427 antiquitatis
815 1352 945 1412 studium

122 1440 250 1513 professo
265 1442 436 1515 recognitas,
452 1457 514 1516 qua
530 1443 742 1501 indicabantab
752 1442 877 1500 ethnicis
887 1441 947 1499 lsi-

120 1530 184 1586 dem
199 1531 318 1588 deorum
334 1545 452 1589 suorum
467 1536 584 1589 matrem
599 1531 705 1589 ibidem
721 1531 828 1590 cultam
842 1530 942 1589 inisse.

119 1619 198 1676 Dabo
212 1620 354 1678 Grimaldi
370 1621 454 1679 verba
467 1641 476 1677 r
491 1643 505 1676 a
518 1625 549 1680 ln
562 1622 625 1680 loco
640 1621 690 1679 ubi
704 1635 781 1679 nune
793 1626 837 1678 est
851 1619 946 1678 sacel-

122 1708 181 1766 lum
200 1709 397 1781 apostolorum
417 1711 545 1769 Simonis
564 1715 594 1769 et
613 1711 692 1768 ludae
717 1711 748 1767 in
763 1709 864 1767 absida
878 1681 984 1767 noviB

120 1796 219 1866 templi
237 1811 300 1868 quae
314 1799 349 1855 ad
366 1799 515 1856 meridiem
530 1800 632 1871 vergit,
654 1799 831 1856 mausoleum
846 1799 874 1855 S.
890 1800 946 1856 Pe·

119 1882 245 1940 trnuiilae
258 1897 276 1941 a
290 1885 484 1956 scriptoribus
504 1887 690 1958 appellatum,
710 1891 764 1944 ete.
782 1888 810 1944 ld
827 1887 944 1958 quidem

119 1971 203 2028 liarti
227 1984 341 2030 sacrum
362 1970 453 2031 Iuleae
473 1973 624 2032 scribitur.
644 1974 696 2032 Sed
718 1975 765 2031 vir
784 1976 897 2047 doetus,
916 1979 946 2032 et

118 2058 206 2116 Urbis
219 2059 406 2118 ecclesiarum
420 2062 607 2134 antiquitatis
619 2064 770 2137 indagator
783 2062 944 2122 studiosis-

119 2146 223 2214 simus,
243 2146 380 2205 dominus
394 2150 547 2220 Pompeius
560 2151 699 2224 Ogonius
714 2153 800 2210 dictae
814 2150 943 2209 basilica

119 2235 244 2293 clericus
264 2236 463 2308 beneficiatus,
485 2244 582 2297 orator
607 2240 741 2312 insignis,
766 2255 823 2298 non
845 2241 942 2304 Marti,

117 2325 166 2382 aed
182 2324 280 2397 potius
290 2327 386 2390 lintri,
400 2332 535 2398 corrupto
548 2327 687 2386 uocabulo
703 2329 733 2384 in
749 2331 863 2384 lintrem
876 2329 944 2401 pri-

118 2413 209 2471 mitus
228 2413 356 2472 dicatum
381 2412 472 2474 iuisse
494 2417 651 2474 existimat.
677 2417 765 2490 idque
787 2417 864 2475 inter
883 2416 942 2474 alia

117 2502 300 2574 potinsimum
322 2504 414 2576 elicit,
430 2506 505 2577 quod
522 2506 575 2563 boe
594 2511 721 2578 tempore
736 2521 801 2563 cum
821 2505 903 2563 Pauli
917 2505 941 2561 V

117 2591 265 2662 pontilicis
289 2594 406 2651 maximi
428 2594 514 2665 iussu
533 2595 688 2653 anterioris
710 2594 793 2653 faciei
818 2593 939 2667 angelus

116 2694 216 2739 versus
233 2681 370 2752 Campum
387 2684 522 2741 Sanctum
545 2682 725 2757 fundaretur,
748 2685 856 2742 edossae
871 2691 941 2741 sunt

117 2767 159 2825 ibi
175 2769 359 2841 quamplures
371 2785 427 2829 arae
440 2774 527 2828 lintri
538 2777 622 2830 Deum
629 2776 738 2843 licque
748 2775 829 2830 Iuleae
840 2785 938 2844 mera,

116 2857 236 2929 sculptae
257 2860 424 2918 Taurobolii
439 2866 468 2918 et
481 2861 622 2920 criobolii
643 2863 806 2934 sacrifieiis,
827 2867 941 2933 tempo-

118 2944 200 3003 ribus
212 2947 373 3006 constantii
387 2954 416 3006 et
430 2950 597 3007 blaximiani
614 2951 863 3009 nobilissimorum
876 2949 940 3006 (1ae-

116 3047 223 3105 sarum,
235 3036 365 3095 oratiam
378 3037 512 3112 rugoso,
528 3044 556 3096 er
566 3040 768 3097 nonuunquam
779 3040 870 3110 coss„
883 3011 976 3095 ura-0

117 3121 271 3181 lentiniani
282 3125 356 3200 Aug.
367 3131 396 3183 et
406 3128 532 3186 Neoterii
544 3130 633 3200 Coss,
644 3136 672 3187 et
683 3130 750 3186 alia
760 3127 937 3199 hujusmodi,

117 3226 181 3283 quar
203 3213 233 3269 in
255 3220 382 3287 spretum
403 3218 555 3275 aceruatim
576 3219 707 3292 proiectae
727 3219 784 3275 buc
804 3217 886 3289 illue,
905 3230 940 3273 ac

117 3298 214 3358 iractae
230 3316 247 3359 a
264 3303 440 3363 christianis
460 3306 531 3364 olim
554 3307 680 3366 inerant.
703 3311 784 3364 Nunc
804 3307 940 3365 visuntur

116 3387 147 3443 in
171 3389 253 3448 vinea
273 3392 435 3452 cardinatis
455 3396 606 3468 burgbesii
628 3401 708 3454 extra
725 3401 834 3469 portam
856 3392 940 3453 sala-

115 3476 230 3535 riam.»

151 3567 358 3641 inscriptiones
376 3585 411 3630 ex
432 3576 621 3647 autographis
639 3576 800 3649 descriptas
820 3574 940 3634 exbibet

115 3652 166 3712 iol.
188 3652 249 3726 ibl,
270 3671 391 3728 quarum
411 3662 555 3733 nonnula,
580 3663 648 3719 licet
668 3666 752 3723 editae
776 3667 939 3738 legantura

114 3742 278 3800 blantinello
289 3745 319 3801 ln
329 3748 468 3817 opusculo
479 3749 515 3806 da
525 3752 651 3822 imagine
661 3754 691 3807 Β.
703 3755 800 3811 itariae
808 3752 940 3825 Virginis

115 3830 191 3902 apud
206 3833 345 3891 moniales
359 3835 405 3892 ss.
421 3837 505 3907 xysti
523 3842 552 3894 et
566 3839 723 3910 Dominici‚
741 3855 837 3911 paneae
851 3841 938 3898 etiam

115 3925 268 3977 occurrant
277 3923 353 3994 apud
366 3922 526 3982 subrectum
538 3925 763 3997 inscriptionum
773 3941 835 3998 cap.
847 3925 874 3996 9,
886 3926 936 3983 iol.

114 4004 210 4079 665st
231 4015 333 4069 neutro
352 4015 445 4070 tamen
466 4014 607 4072 universa
629 4014 825 4087 proteruntur.
845 4016 939 4086 Quare

115 4107 150 4152 ex
161 4094 304 4155 Grimaldi
319 4100 418 4158 codice
432 4107 548 4174 praestat
563 4108 623 4161 tum
637 4104 802 4177 impressas,
815 4108 876 4161 tum
888 4103 939 4161 in-

116 4183 209 4242 editas
224 4184 272 4244 bic
285 4188 429 4247 exhibere.

513 4315 540 4372 l.

339 4513 396 4567 bb.
411 4512 473 4569 NN.
489 4513 714 4574 CONSTANTIO

327 4583 377 4636 ET
390 4581 602 4644 MAXIMIANO
619 4587 720 4643 NOOE.

318 4652 437 4710 CAESS.
456 4656 489 4710 V.
505 4655 621 4714 CONSS.
639 4659 733 4716 XVIII

296 4723 370 4780 KAL
385 4725 470 4782 IIAII
482 4725 523 4798 (a)
536 4729 670 4787 IVLIVS.
685 4730 750 4785 ITA

347 4794 460 4855 LICVS.
480 4798 513 4854 V.
530 4798 558 4855 C.
574 4800 624 4856 XV
642 4801 701 4857 VIR

344 4865 374 4923 S.
393 4869 424 4924 E.
448 4868 709 4929 TAVROBOLIIIII

378 4939 537 4998 PERCEPI.
556 4943 668 5001 FELIC.

480 5063 509 5123 2·
527 5065 568 5138 (bl

113 5157 281 5216 mannan
285 5199 526 5222 ......

1099 2675 1169 2733 biis
1182 2631 1492 2736 OMNIPOTENTIBVS

1285 440 1472 497 CONFECTO.
1526 441 1574 496 III.
1624 436 1707 495 IIAL.
1756 436 1818 495 MA

1251 513 1309 567 ET.
1344 511 1563 569 NIGRINIANO.
1596 510 1673 566 CON.
1707 510 1818 567 ARAIL

1378 582 1560 640 FELICITER
1580 580 1818 639 CONSECRAVII

1398 687 1416 745 3

1256 851 1313 906 ET.
1332 852 1458 907 ATTIDI
1470 849 1570 905 NENO

1253 922 1421 978 TYRANNO
1436 920 1569 978 CONSER

1251 991 1452 1048 VATORIBUS
1466 991 1546 1047 SVIS
1561 991 1631 1050 CAIi

1247 1062 1327 1120 LIVS
1346 1061 1570 1119 HILARIANVS
1592 1063 1624 1118 V.
1646 1060 1674 1117 C.

1248 1135 1323 1191 OVO
1337 1133 1531 1190 DECENBVR

1287 1207 1387 1262 uenis
1406 1205 1532 1261 ROIIAIi

1248 1279 1279 1333 P.
1296 1277 1324 1334 S.
1340 1278 1398 1331 ET.
1413 1275 1641 1335 IIIEROCERVX

1248 1351 1270 1405 I.
1286 1349 1324 1404 nt.
1340 1348 1371 1404 S.
1385 1349 1419 1402 u.
1436 1348 1466 1402 L.
1483 1349 1551 1404 sb

1247 1418 1394 1474 HECATII

1246 1494 1279 1546 Il.
1295 1492 1330 1548 Ν.
1347 1489 1530 1546 GRATIANO
1543 1487 1621 1546 AVO

1243 1564 1293 1617 ET
1304 1561 1450 1616 NEROBA
1459 1563 1528 1617 VOE

1246 1632 1361 1690 CONSS·
1379 1634 1442 1689 IIII.
1457 1632 1542 1691 IDVS

1249 1704 1371 1761 NAIAS.
1387 1703 1424 1775 (c)
1494 1722 1498 1727 ·

1226 1833 1232 1849 ·
1356 1805 1393 1865 t.
1415 1810 1456 1881 (a)

1248 1917 1423 1975 ANTONIN.
1471 1956 1477 1971 .
1524 1957 1531 1971 .
1578 1952 1585 1969 .

1250 1987 1578 2047 V.C.PONTIF.E..

1246 2058 1431 2116 DECEMVIR
1446 2060 1542 2115 sm

1248 2129 1470 2186 TAVROBOLIO

1245 2199 1433 2256 CONFECTO.
1450 2201 1491 2256 III
1504 2199 1578 2254 IIAL

1245 2270 1310 2325 tin.
1327 2272 1380 2325 TL.
1395 2269 1526 2327 ANICIO.
1542 2272 1598 2325 ET.

1244 2340 1456 2398 NIGRINIANO
1471 2341 1540 2399 coll

1244 2411 1359 2468 ARAII.
1376 2412 1560 2470 FELICITER

1244 2480 1493 2542 CONSECRAVIT

1393 2589 1411 2647 5

1242 2750 1373 2808 LVCIVS
1388 2751 1569 2809 RAGONIUS

1246 2821 1463 2879 quvsrvsr
1474 2825 1507 2878 V.
1524 2823 1552 2878 C.

1243 2893 1382 2950 AVGVR.
1404 2893 1579 2951 PVBLICVS

1242 2966 1273 3020 P.
1289 2966 1319 3020 R.
1337 2965 1367 3031 Q.
1386 2966 1560 3022 PONTIFEX

1245 3035 1432 3092 VESTALI.S
1450 3035 1562 3092 MAIOR

1241 3107 1427 3163 PERCEPTO.
1448 3106 1672 3164 TAVROBOLIO

1245 3177 1501 3244 CRIOBOLIOQVE

1240 3250 1275 3304 Χ.
1290 3244 1374 3305 IIAL.
1390 3251 1463 3307 IVN.

1236 3322 1268 3375 b.
1285 3321 1319 3376 N.
1342 3319 1615 3378 VALENTINIANO

1231 3389 1317 3447 AVC.
1333 3393 1393 3447 IIII.
1409 3393 1465 3446 ET.
1481 3391 1553 3449 ΝΕΟ

1233 3462 1337 3518 TERIO
1358 3462 1466 3520 CONSS
1479 3462 1515 3533 (e)

1229 3534 1345 3661 AIIIIAM.
1362 3532 1544 3592 CONSECRA

1391 3694 1418 3749 6.

1229 3869 1285 3923 nr.
1305 3870 1437 3924 narmi.
1459 3868 1598 3926 saucro

1230 3938 1332 3996 uano
1352 3939 1521 3996 rranuuo

1232 4009 1262 4074 o.
1280 4008 1437 4067 uuonrvs.
1452 4009 1665 4068 rnrrmnvs

1235 4080 1269 4135 u.
1285 4079 1313 4132 o.
1329 4079 1432 4136 nour.
1448 4080 1563 4138 maroa

1231 4151 1292 4206 ur.
1311 4152 1381 4207 vm.
1397 4153 1457 4208 sr.
1473 4154 1616 4209 surram

1232 4223 1294 4278 rra
1312 4223 1511 4281 urrunnun

1231 4292 1406 4350 aerumna
1422 4297 1484 4352 nur
1498 4296 1593 4352 souis

1233 4364 1458 4423 rnrnonoum
1474 4366 1597 4424 unroco

1230 4434 1551 4501 uronvnrnauuero

1229 4507 1344 4562 annu.
1365 4506 1514 4564 urorum

1228 4577 1334 4634 nonis
1351 4578 1539 4635 nrnmmrs

1228 4648 1325 4706 rann.
1344 4647 1568 4705 naaonnunu

1228 4721 1285 4774 ar.
1305 4717 1514 4778 saruaurro

1255 4786 1372 4847 conss.
1392 4789 1429 4861 (s)

1386 4873 1415 4934 t.

1227 5033 1413 5094 suesanus
1430 4967 1609 5095 caviniis·

1227 5107 1268 5162 rr.
1281 5108 1315 5161 n.
1329 5108 1369 5162 rr.
1384 5111 1406 5164 r.
1422 5108 1646 5167 naraonouro

1227 5175 1482 5246 onronouronvu
1498 5182 1631 5239 aarum

148 5280 190 5423 ᾗς
204 5281 288 5411 ffiing
298 5283 604 5431 {igmagfflblhwim'
618 5374 681 5435 m·
695 5360 760 5422 665.
772 5365 932 5436 smum
989 5300 1184 5430 mfflugatam
1206 5313 1241 5357 ax
1263 5301 1395 5361 Fabretto
1417 5318 1445 5361 n.
1463 5301 1491 5375 ἲ,
1516 5303 1557 5362 ita
1577 5307 1717 5366 describit
1739 5309 1811 5368 Gri-

114 5423 502 5565 nnnmnrn.
1021 5438 1265 5585 narrum:
