3892 6136
114 270 167 332 445

505 274 552 331 AD
570 269 787 330 44484481οΜ
806 269 1064 327 enodationibus
1079 272 1179 340 44444.
1199 270 1415 329 4044-44440.

1768 262 1822 322 446

115 398 198 455 testis
217 399 350 457 oculatus
377 411 513 469 asseram,
541 399 648 469 quippe
677 398 726 469 qul
742 411 758 452 4
773 395 980 457 domesticisA
996 396 1186 466 parochialem
1207 397 1253 453 SS.
1273 397 1417 455 vincentii
1439 399 1467 453 et
1485 395 1641 463 anastasii,
1663 393 1714 450 ubi
1731 405 1820 463 prope

115 486 266 559 obsequiis
286 486 441 544 Alexandri
465 491 494 542 et
513 486 667 543 Clementis
686 486 815 556 ipsorum
835 484 941 556 digna-

114 573 194 631 tione
212 575 351 647 delectus,
376 575 519 646 supremis
543 575 572 629 in
588 587 637 630 eos
650 572 753 630 officiis
772 573 869 630 deesse
885 585 940 627 non

117 663 214 721 debui.
229 664 309 722 Addo
321 665 421 738 igitur,
446 669 547 734 prater
561 663 736 736 epigraphen
750 662 830 719 illam
842 660 938 733 plum·

116 751 169 809 beo
186 752 280 811 loculo
291 753 417 824 intixam,
433 751 606 822 peculiarem
621 751 739 809 alteram
761 765 796 808 ex
810 750 942 807 444414-

95 842 97 846 '
118 841 197 897 mina
209 841 349 898 inclusam
365 839 456 897 luisse
469 839 625 897 Alexandri
638 839 786 913 pontilicis
799 853 891 910 capsae
905 837 941 893 ab

118 930 347 988 eminentissimo
357 943 391 986 ac
401 930 639 986 reverendissimo
652 933 753 1000 nepote
764 930 846 985 Petro
856 926 937 983 card.

118 1016 281 1075 Ottbobono
290 1018 318 1074 S.
332 1019 364 1073 R.
377 1019 408 1074 E.
423 1018 668 1089 vicecancellario,
686 1017 861 1076 nuncetiam
877 1015 943 1087 epi-

119 1119 205 1176 scopo
229 1106 392 1179 sabinensi,
419 1108 487 1165 dum
511 1108 606 1181 magni
621 1109 716 1180 patrui
740 1107 847 1179 optime
860 1105 895 1162 de
912 1099 944 1158 se

119 1193 215 1251 meriti
235 1208 341 1267 corpus
360 1195 528 1254 transferret
544 1197 579 1253 ad
605 1196 705 1254 cellam
722 1196 867 1269 magnifici
881 1198 946 1253 mo·

104 1282 260 1354 nomenti,
282 1285 361 1356 regio
383 1288 500 1356 sumptu
523 1300 539 1341 4
564 1299 593 1342 se
616 1285 746 1356 excitati,
771 1285 846 1356 quod
869 1285 946 1340 inter

119 1371 265 1442 praecipua
275 1371 403 1429 basilicae
415 1375 557 1431 Vaticana
576 1378 742 1432 ornamenta
757 1374 942 1445 suspicimus.

118 1459 151 1515 ln
174 1457 225 1515 1114
251 1461 359 1530 pariter
380 1462 484 1519 tabella
509 1476 586 1519 anea
609 1468 734 1520 veterum
750 1464 944 1537 catalogorum

120 1546 279 1605 moderatio
294 1555 405 1607 serrata
416 1554 469 1622 est,
485 1551 610 1608 breuiter
625 1552 757 1609 iudicans
772 1567 885 1625 nomen,
899 1568 944 1624 pa·

119 1633 217 1708 triam,
229 1650 329 1709 genus,
341 1645 369 1695 et
382 1641 541 1711 praecipuas
555 1641 621 1697 vilre
635 1655 669 1697 ac
683 1655 833 1699 munerum
851 1643 879 1698 in
893 1644 944 1700 lto

994 498 1072 541 aram
1094 486 1247 542 maximam
1273 501 1307 542 cn
1331 486 1418 542 latere
1431 484 1579 557 Evangelii
1603 484 1634 539 in
1655 481 1819 553 parimento

995 574 1199 646 reconduntur,
1207 575 1386 631 brevissimis
1406 571 1820 644 inscriptionibuscmarmore

996 663 1141 735 impositis
1168 666 1198 721 in
1223 665 1294 720 hanc
1309 664 1490 734 sententiam,
1505 674 1627 734 quarum
1642 660 1716 717 duas
1735 662 1820 716 trau-

996 753 1119 811 scribam
1133 766 1149 810 e
1161 753 1295 824 pluribus
1305 752 1347 808 ibi
1363 750 1499 824 legendis.

1350 907 1377 948 n.
1390 906 1416 948 0.
1431 905 1460 949 Ι.

1323 976 1492 1020 Pannonian.

1263 1047 1414 1091 0441444448
1428 1048 1456 1089 4.
1482 1046 1506 1088 4.
1521 1046 1551 1087 nl.

1262 1119 1334 1160 OBIIT
1358 1119 1387 1161 44
1411 1117 1552 1167 0411414441

1211 1189 1257 1232 hle
1281 1190 1342 1232 4444
1358 1189 1428 1232 441441
1455 1186 1606 1230 1441044444.

1349 1312 1416 1355 440.
1433 1312 1463 1353 nl.

1322 1383 1492 1426 4414004044.

1250 1453 1405 1498 1440044441
1428 1454 1482 1496 44114
1498 1453 1523 1494 4.
1540 1451 1570 1495 Ι.

1264 1527 1337 1568 OBIIT
1357 1525 1385 1567 44
1412 1523 1554 1573 0444444444

1211 1598 1256 1639 ula
1276 1599 1325 1639 444.
1345 1596 1428 1640 Elui.
1456 1592 1605 1638 4441004444.

120 1736 203 1780 mana
215 1723 342 1783 Ecclesia
355 1727 499 1785 abeodem
515 1728 649 1800 pontitice
664 1736 808 1801 gestorum
820 1731 944 1800 epochas
958 1726 985 1788 B
1022 1725 1058 1784 -7.
1081 1728 1218 1785 Videmus
1242 1728 1348 1799 itaque,
1361 1740 1453 1798 neque
1468 1726 1497 1781 in
1511 1724 1618 1780 liberii
1638 1722 1756 1791 saeculo,
1770 1735 1823 1779 44-

120 1810 161 1867 114
185 1812 340 1885 complexa,
365 1816 480 1886 predio
501 1817 658 1875 Dominicae
678 1819 775 1875 crucis
801 1819 883 1910 signo
909 1821 944 1876 de

119 1912 207 1956 more.

458 2099 490 2154 ...
515 1997 608 2156 1...

316 2215 479 2260 Acutiliano
504 2218 567 2261 4444.
581 2218 659 2262 4044.
682 2222 751 2264 linx.

284 2285 369 2330 444440
383 2288 549 2345 ,alinquanto
572 2289 655 2335 linncn
677 2293 787 2340 40414418

262 2356 376 2399 444444
399 2358 472 2400 4444.
492 2359 574 2402 444044
592 2361 717 2403 0440444.
730 2363 803 2405 FILIO

297 2427 334 2468 44
353 2426 478 2471 41040444
498 2429 634 2473 40444444
654 2431 768 2475 conlutis

263 2497 392 2541 44444448
415 2498 484 2541 4440
509 2501 581 2543 xxii.
601 2502 696 2544 441444.
717 2503 800 2547 tinet.

263 2569 347 2612 44444
368 2569 536 2613 mactantes
551 2572 683 2615 00044440
698 2574 800 2618 4400411.

333 2640 514 2684 1440111111
529 2643 617 2686 subilli
630 2643 733 2687 444040

262 2708 337 2754 44411.
354 2711 441 2754 hohas
461 2711 572 2757 00404144.
589 2714 798 2759 400444444414.

354 2782 383 2825 44
414 2782 528 2826 04444840
553 2785 712 2834 0014804441

369 2852 430 2896 444.
451 2854 695 2899 11441411141411

333 2923 436 2967 astaus
457 2925 535 2968 CARI).
556 2925 731 2971 OTTIIOBONUS

282 2993 304 3036 8.
319 2992 347 3037 li.
370 2995 396 3036 4.
411 2994 549 3038 41040440.
572 2999 688 3041 iudanis
701 3001 785 3044 NEPOS

297 3065 403 3107 4444410
427 3066 517 3109 untho
535 3067 634 3110 OPTIMO
645 3069 765 3114 44140444

335 3135 431 3178 Postlla
456 3137 626 3181 4440441414..
653 3139 729 3183 HOCC.

159 3263 297 3322 clementi
313 3280 379 3323 vero
392 3267 433 3323 111
443 3270 691 3329 eminentissimus
700 3286 733 3329 ac
747 3277 948 3333 reverendissi-

125 3363 190 3408 mus
208 3353 241 3407 D.
256 3351 380 3411 Annibal
394 3357 471 3412 card.
483 3356 611 3417 Albanus
625 3360 652 3415 S.
669 3361 702 3415 li.
725 3363 756 3417 E.
773 3365 949 3422 camerarius

126 3438 156 3494 in
178 3439 314 3512 hypogaeo
334 3441 414 3499 chori
433 3444 562 3502 basilicae
579 3447 733 3520 vaticanae,
747 3451 821 3521 quod
838 3452 951 3509 solum-

125 3527 209 3583 modo
223 3529 318 3599 patuit
333 3528 460 3587 industri
473 3533 537 3602 elus
556 3535 657 3605 pietati
672 3536 707 3591 ad
723 3540 883 3597 ornandum
899 3555 950 3612 pro

125 3615 268 3689 dignitate
279 3630 312 3672 ac
322 3617 420 3674 studio
431 3622 504 3676 tanti
516 3624 662 3692 pontilicis
671 3625 824 3698 tumulum,
837 3636 949 3690 vetante

125 3705 189 3775 ipso
206 3718 242 3762 ne
257 3706 346 3762 moles
358 3709 508 3779 magnilica
521 3711 578 3766 sibi
593 3715 743 3773 demortuo
762 3719 947 3796 excitaretur,

126 3799 227 3863 praeter
242 3794 459 3866 inscriptionem
471 3810 543 3853 arcae
557 3800 680 3869 plumba
689 3804 725 3860 de
737 3820 814 3863 more
826 3808 947 3883 affixam,

126 3880 238 3938 breuem
263 3882 385 3940 hancei
410 3886 524 3955 antiqui
541 3889 630 3945 moris
660 3891 765 3948 tabule
786 3909 949 3956 marmoreae

122 3970 340 4028 commendauit.

339 4108 472 4154 chillishrl
495 4113 536 4153 44.
561 4113 641 4156 4044.
667 4116 733 4159 linx.

338 4180 415 4224 0444.
437 4183 464 4226 10
475 4183 621 4227 4414404500
632 4186 736 4229 444440

441 4253 536 4297 0414041
552 4256 634 4298 FILIO.

267 4320 387 4365 44444144
398 4323 474 4366 04441.
490 4325 613 4368 niuibus
624 4328 646 4368 8.
660 4330 687 4370 lt.
702 4330 729 4372 4.
741 4330 803 4374 cali.

322 4395 354 4435 ET
368 4394 456 4436 44440.
471 4396 601 4439 44814104
620 4400 748 4444 haedleh.

327 4464 433 4508 44444410
444 4466 704 4514 414444404444884440
716 4473 741 4514 4.

391 4536 463 4578 4440
478 4539 535 4581 844.
550 4539 678 4584 4441004444

160 4645 946 4724 Ponunturetaliaebrevissimaeinscriptionesllomanis

122 4733 310 4806 pontilicibus
325 4749 491 4806 supremum
505 4739 580 4795 diem
599 4741 628 4796 in
644 4742 718 4800 Urbe
729 4746 944 4819 claudentibus,

123 4823 347 4893 quandoeorum
363 4826 520 4895 precordia
538 4829 568 4883 in
584 4833 713 4888 curando
725 4837 754 4889 et
767 4837 946 4896 aromatibus

122 4911 282 4969 condiendo
297 4913 432 4970 cadavere
445 4929 588 4986 ecorpore
602 4927 731 4992 exempta
747 4923 776 4979 iu
791 4938 871 4982 sacro
884 4927 946 4984 loco

123 4999 280 5056 honorilice
297 5003 624 5063 reconduntur.Sienim
642 5009 671 5065 in
689 5011 795 5080 palatio
809 5014 946 5072 Vaticano
995 5012 999 5017 ’

121 5088 276 5159 contigerit
286 5091 447 5158 pontilicem
458 5096 541 5164 mori,
552 5096 602 5152 illa
614 5097 643 5151 in
652 5101 806 5156 secretario
818 5101 946 5158 basilicae

121 5174 149 5231 S.
165 5176 242 5231 Petri
256 5175 350 5233 locum
361 5179 491 5237 obtinent
503 5183 532 5237 in
545 5184 706 5252 pauimento
717 5187 901 5255 propealtare
914 5191 944 5247 in

120 5264 945 5342 aediculaseucappellaadsanctorumreliquiasasservan-

119 5349 172 5407 das
181 5358 355 5410 constructa.
367 5355 417 5412 Sin
430 5362 525 5412 autem
540 5357 569 5411 in
584 5356 846 5425 Quirinaliohierit
856 5363 941 5433 (quod

119 5437 265 5511 plerisque
274 5443 411 5499 erenitex
425 5455 482 5512 quo
495 5442 634 5512 palatium
647 5444 779 5503 incolunt
789 5449 830 5505 ihi
843 5465 860 5506 a
874 5453 943 5510 Pau·

118 5525 146 5583 lo
159 5529 182 5585 V
196 5528 368 5604 laudatum),
381 5528 553 5587 deferuntur
568 5532 727 5600 praecordia
739 5535 773 5593 ad
789 5538 940 5599 ecclesiam

999 1831 1054 1888 que
1070 1817 1100 1872 14
1113 1816 1217 1872 Felicis
1233 1816 1329 1888 quarti
1349 1819 1431 1871 atate
1448 1813 1686 1871 consuetudinem
1700 1809 1824 1867 desiisse

999 1906 1104 1976 stylum
1113 1905 1309 1977 catalogorum
1320 1903 1451 1960 servandi
1466 1903 1496 1959 in
1507 1901 1684 1958 brevibusac
1697 1898 1823 1971 publicis

1001 1993 1165 2064 huiusmodi
1176 1992 1368 2050 monumentis
1380 2010 1387 2062 3
1398 1991 1445 2047 sed
1461 1990 1544 2046 illum
1555 1988 1646 2046 luisse
1657 1989 1687 2044 iu
1698 1989 1824 2044 Romana

999 2082 1127 2138 Ecclesia
1141 2084 1304 2138 constanter
1317 2081 1352 2137 ad
1370 2094 1422 2137 nos
1444 2079 1644 2135 transmissum
1665 2077 1771 2148 partim
1793 2077 1824 2132 in

1000 2171 1091 2227 sacris
1102 2170 1258 2241 diptychis,
1271 2170 1375 2240 partim
1385 2169 1416 2225 in
1426 2167 1565 2239 catalogis
1573 2173 1602 2223 et
1613 2164 1770 2222 breviariis
1781 2165 1826 2220 41-

1001 2265 1108 2331 tarum,
1133 2272 1242 2314 necnon
1261 2259 1291 2313 14
1315 2256 1483 2314 marmoreis
1507 2254 1614 2312 tabulis
1626 2259 1655 2311 41
1670 2252 1825 2309 metallicis

1001 2348 1139 2419 usquead
1157 2353 1282 2404 nostram
1293 2350 1414 2411 aetatem,
1429 2346 1469 2401 iia
1483 2349 1515 2401 ut
1525 2347 1619 2400 ratum
1633 2344 1710 2414 apud
1726 2354 1824 2398 omnes

1001 2436 1099 2493 haberi
1114 2436 1224 2506 debeat,
1235 2439 1367 2493 constare
1383 2434 1466 2492 idem
1479 2432 1672 2505 chronologia
1688 2446 1721 2487 ac
1736 2431 1825 2487 histo

1000 2526 1050 2582 ria
1061 2525 1226 2595 pontiacum
1236 2526 1428 2582 Romanorum
1438 2523 1485 2580 his
1494 2523 1620 2579 etiamen
1632 2519 1824 2591 documentis,

1000 2617 1064 2685 post
1076 2614 1219 2685 catalogos
1234 2613 1342 2669 liberii
1358 2619 1386 2668 et
1401 2612 1505 2668 Felicis
1520 2611 1617 2682 quarti
1633 2608 1825 2666 4141444114-

999 2708 1070 2772 ctos,
1080 2716 1113 2759 ex
1128 2703 1321 2758 monumentis
1334 2713 1391 2758 non
1402 2700 1599 2757 dIssimilibus
1608 2699 1824 2770 diptychorum,

999 2791 1234 2862 inscriptionum,
1253 2790 1426 2847 ethctorum
1436 2790 1551 2860 publice
1563 2790 1755 2861 signatorum,
1768 2791 1826 2843 tam

998 2880 1058 2936 vita
1073 2892 1171 2936 eorum
1196 2883 1345 2935 constante
1361 2879 1391 2935 in
1415 2878 1561 2947 conciliIs,
1572 2875 1823 2949 ordinationibus,

997 2968 1230 3024 dedicationibus
1251 2967 1397 3040 gestisque
1425 2966 1560 3038 pluribus
1586 2966 1616 3021 in
1642 2963 1825 3049 pertineam,

957 3047 982 3109 C
1000 3071 1085 3127 quam
1102 3057 1230 3127 ipsorum
1247 3057 1275 3111 in
1297 3055 1443 3112 funereae
1462 3055 1662 3112 tumulatione.

1035 3144 1063 3200 8.
1078 3146 1166 3201 Erant
1187 3145 1278 3214 igitur
1294 3145 1323 3200 in
1346 3144 1512 3214 praelatione
1531 3141 1705 3226 attingenda
1720 3141 1829 3212 hujus-

1003 3233 1080 3290 modi
1096 3233 1320 3290 consuetudines
1342 3233 1417 3304 apud
1439 3246 1492 3289 nos
1506 3233 1643 3304 vigentes,
1660 3244 1725 3301 qua
1736 3242 1827 3302 geue-

1004 3323 1089 3378 ratim
1115 3321 1236 3392 probant
1258 3322 1387 3393 origines
1416 3337 1449 3377 ac
1471 3321 1564 3378 sontes
1588 3319 1733 3377 consecuti
1756 3331 1826 3389 opc⁴

1005 3412 1047 3466 ris
1065 3411 1247 3467 Anastasiani
1264 3418 1327 3482 post
1349 3411 1494 3480 duplicem
1514 3409 1676 3481 catalogum
1697 3408 1751 3465 sub
1776 3407 1829 3464 Li-

1005 3499 1084 3555 herio
1095 3505 1123 3555 et
1146 3498 1239 3554 Felice
1253 3501 1288 3554 14
1301 3498 1423 3570 editum,
1444 3512 1509 3555 cum
1526 3497 1746 3568 indicenthum
1764 3493 1830 3552 old-

1004 3589 1081 3657 cium
1106 3601 1163 3644 non
1183 3589 1378 3645 intermissum
1395 3588 1531 3660 signandi
1546 3600 1659 3657 nomen,
1676 3599 1777 3660 genus,
1795 3597 1829 3640 ac

1005 3681 1131 3747 tempora
1142 3677 1322 3750 singulorum
1338 3677 1412 3734 beati
1427 3676 1501 3733 Petri
1517 3675 1658 3732 cathedrae
1677 3687 1830 3733 successo-

1005 3781 1078 3824 rum.
1092 3767 1267 3837 Generatim,
1280 3766 1407 3837 inquam,
1423 3763 1553 3835 praelatio
1565 3769 1664 3822 nostra
1677 3763 1780 3822 debuit
1789 3766 1829 3820 at.

1005 3856 1115 3928 tingere
1128 3857 1178 3911 has
1193 3855 1386 3926 probationes,
1398 3867 1462 3910 nam
1479 3857 1579 3910 catera
1593 3853 1829 3928 peculiariaque

1004 3944 1175 4016 singillatim
1199 3943 1396 3998 demonstrant
1427 3943 1658 4014 uniuscujusque
1680 3937 1828 4015 pontilicis

1003 4033 1182 4089 characteres
1205 4029 1434 4103 chronologicos,
1463 4036 1491 4087 et
1512 4031 1655 4101 potiorum
1682 4038 1827 4104 gestorum

1004 4122 1206 4190 indicationes,
1219 4120 1268 4176 illa
1283 4125 1465 4177 reservantur
1478 4121 1557 4177 notis
1568 4120 1603 4178 ad
1614 4121 1758 4179 sectiones
1771 4123 1830 4179 sin·

1003 4210 1086 4282 gulas
1099 4210 1135 4266 de
1144 4222 1223 4266 more
1236 4208 1398 4266 afferendis.

1038 4297 1064 4354 9.
1089 4298 1239 4354 Perfuncta
1259 4312 1324 4355 cum
1342 4299 1383 4355 sit
1404 4298 1534 4371 praelatio
1556 4304 1653 4357 nostra
1666 4300 1720 4357 hoc
1735 4301 1827 4371 priori

960 4373 988 4434 D
1004 4401 1130 4457 munere,
1154 4389 1230 4458 quod
1252 4390 1361 4444 versari
1377 4389 1507 4445 diximus
1522 4389 1600 4445 circa
1621 4389 1826 4447 indicationem

1002 4477 1148 4548 originum
1162 4479 1258 4548 operis
1273 4479 1418 4534 consecuti
1435 4491 1450 4532 a
1463 4478 1585 4534 termino
1597 4478 1690 4534 aetatis
1705 4483 1827 4550 utroque

1001 4566 1130 4638 catalogo
1153 4580 1188 4622 ex
1210 4567 1324 4624 duobus
1347 4566 1566 4638 antiquioribus
1594 4566 1730 4637 delinita,
1755 4579 1828 4625 oon-

1001 4654 1095 4711 tendit
1120 4657 1154 4713 ad
1181 4657 1261 4713 aliud
1287 4654 1411 4711 cilicium
1444 4657 1648 4725 praestandum,
1671 4669 1773 4726 nempe
1796 4659 1828 4713 ut

1002 4750 1141 4815 proponat
1153 4745 1302 4815 opuscula,
1319 4758 1382 4814 qua
1397 4745 1498 4800 censui
1521 4758 1583 4801 esse
1598 4745 1628 4800 in
1643 4744 1830 4817 Prolegome·

1001 4834 1048 4889 nis
1071 4833 1249 4904 proferenda.
1271 4833 1337 4888 Tria
1357 4846 1423 4890 uero
1439 4834 1507 4890 huic
1521 4839 1596 4890 tomo
1612 4830 1830 4904 sufficerey‘udi·

1002 4934 1075 4977 caui.

1037 5014 1067 5067 ln
1083 5011 1166 5085 longa
1179 5012 1254 5068 serie
1267 5011 1435 5079 pontificum
1461 5011 1643 5082 implentium
1666 5012 1723 5068 tria
1739 5012 1829 5069 lerme

1001 5100 1130 5156 saeculaa
1144 5101 1225 5156 beato
1237 5099 1374 5157 Silvestro
1385 5101 1420 5156 ad
1433 5102 1604 5172 Gregorium
1618 5103 1763 5173 hlaguum,
1775 5102 1828 5172 qui

1002 5187 1054 5244 hoc
1066 5193 1143 5245 tomo
1154 5188 1388 5245 exhibentursub
1400 5190 1576 5245 Christianis
1589 5188 1784 5259 principibus,
1797 5194 1830 5246 ut

1001 5278 1169 5348 plurimum,
1182 5279 1212 5332 14
1226 5290 1294 5347 pace
1304 5279 1409 5334 llorens
1419 5279 1548 5334 Ecclesia
1564 5279 1716 5336 videbatur
1726 5277 1830 5334 oiierre

999 5367 1045 5423 sui
1063 5365 1213 5437 regiminis
1230 5365 1423 5422 ministerium
1447 5364 1565 5423 facilius
1577 5367 1699 5424 summis
1714 5366 1830 5436 pontili-

998 5455 1152 5511 cibuseam
1172 5454 1388 5511 moderantibus
1411 5461 1549 5525 potestate
1563 5456 1671 5513 Christi
1686 5457 1716 5511 in
1740 5455 1829 5512 terris

996 5544 1105 5602 vicaria
1117 5561 1125 5614 3
1139 5543 1261 5601 cumnis
1275 5547 1373 5615 aperta
1390 5550 1604 5616 persecutorum
1614 5546 1673 5613 jam
1691 5556 1750 5601 non
1767 5545 1827 5601 im-
