3892 6136
113 245 167 304 aee
513 247 560 303 ao
578 245 794 302 annsrrsrun
813 243 1071 303 naonuoounun
1089 244 1177 302 sorr.
1198 243 1413 304 non-verre.
1483 296 1486 301 .
1675 226 1681 237 '
1772 246 1823 309 etc

116 372 190 428 rias:
219 373 373 430 cantberos
393 386 482 430 areos
501 374 622 443 maiores
635 385 684 428 seu
703 372 829 428 minores
843 384 896 436 ιιι,
916 369 945 425 el
959 368 990 429 A
1002 383 1066 426 cunr
1078 370 1163 443 (quod
1178 372 1265 441 absit)
1278 372 1439 430 observatio
1453 372 1610 445 cultusque
1619 371 1751 431 molesia
1764 372 1823 432 cor·

114 461 181 518 lilla
201 468 365 531 arsames
387 463 528 519 smnmrie
552 461 687 533 ιπηιάριαι
709 473 782 516 aerea
808 473 873 529 ιιιι,
895 471 946 515 nec
1001 461 1183 518 nutianeusis
1192 461 1472 532 videaturoccidere,
1483 466 1517 518 nt
1529 460 1620 533 leqem
1632 465 1664 517 et
1677 461 1823 523 conditio-

114 556 216 607 nonet
242 551 271 606 in
293 550 393 622 palliis
416 551 536 622 pallium
561 549 753 606 boloserlcum
780 548 943 622 agnapbum
999 562 1061 606 nem
1078 562 1208 619 ponerem
1229 549 1379 607 donationi
1405 563 1484 619 meae,
1505 563 1685 621 neunquam
1707 548 1824 608 cuilibet

115 639 300 697 euroclavum
313 654 333 695 ι.
357 642 425 696 item
448 638 569 710 pellium
586 638 778 695 holosericum
791 636 942 708 tetrepbo-
996 637 1161 694 antistitum
1178 637 1405 709 presbyterorum
1419 637 1773 707 sibimetsuccedentium,
1784 639 1822 695 rel

116 721 181 784 ru'm
209 742 229 799 l,
257 727 405 784 mafortem
445 728 672 796 tramosericum,
706 725 940 783 rbodomelinum
996 726 1165 783 clericorum
1180 726 1339 797 quidquam
1351 739 1385 783 cx
1399 726 1445 782 bis
1458 726 1587 797 prediis,
1602 725 1647 782 vel
1659 725 1764 799 bortis,
1782 727 1822 783 iel

115 817 288 888 equitatum.
310 818 378 872 Item
406 815 581 871 mafortcme
595 815 816 886 teleoporpbyro
831 820 942 871 tremo·
997 813 1147 884 speciebus
1158 815 1313 887 argenteis,
1329 828 1380 871 seu
1391 815 1551 872 vestibusa
1570 827 1615 871 me
1637 828 1728 883 supra
1746 813 1823 873 desl-

121 907 246 963 sericum
257 919 331 976 opus
346 905 505 972 marinum,
519 903 586 960 item
602 904 692 961 elium
704 904 842 977 (pultium)
857 905 943 961 bolo·
998 903 1104 974 gnatis,
1115 903 1242 959 alienare
1255 903 1284 959 in
1298 902 1386 959 eliam
1398 902 1529 974 quolibet
1540 902 1629 961 titulo
1646 916 1772 974 unque·
1785 903 1822 961 ll-

117 993 242 1050 serlcum
264 993 418 1050 inritatum
445 992 631 1064 (loricatorum
658 991 778 1063 pallium
800 993 945 1051 cesslotl-
997 996 1069 1060 ccat,
1086 998 1136 1048 aut
1150 997 1227 1048 certe
1239 991 1294 1048 sub
1308 992 1460 1049 occasione
1474 991 1572 1048 cultus
1590 991 1690 1048 dlvlnl
1704 991 1740 1047 ad
1753 991 1822 1049 elle-

115 1096 191 1149 cum,
221 1083 288 1139 item
316 1081 437 1152 pallium
463 1081 572 1138 lineum
600 1082 817 1153 Aquitanicum,
843 1083 944 1140 etalle
999 1080 1063 1135 rius
1076 1081 1345 1137 ecclesiaeornatum
1357 1079 1598 1152 qualicunqueex
1609 1079 1666 1135 bac
1678 1081 1821 1137 occasione

116 1170 204 1240 pallia
223 1170 299 1228 linea
313 1177 447 1241 quatuor.
732 1196 740 1208 ·
1000 1168 1162 1225 transferre.
1178 1166 1258 1238 Quod
1274 1170 1361 1226 ctiam
1378 1170 1408 1225 ln
1424 1168 1471 1225 bis
1488 1167 1750 1225 observartsadem
1763 1183 1820 1225 eon

151 1258 186 1314 ιιι
211 1272 262 1331 pro
274 1272 331 1315 eras
345 1273 406 1330 ora,
426 1259 487 1316 vela
512 1260 700 1318 tramoserica
714 1260 779 1317 albe
793 1260 945 1317 auroclara
997 1258 1110 1314 ditione
1125 1257 1200 1329 nolo,
1222 1272 1286 1329 quae
1305 1256 1404 1314 futuro
1417 1263 1543 1328 tempore
1560 1256 1675 1316 fuerint
1690 1271 1821 1330 provoce-

117 1359 149 1416 ιι,
162 1345 224 1403 vela
239 1346 346 1403 blattea
369 1348 521 1404 auroclave
532 1349 725 1422 paragaudata
736 1363 768 1417 n,
782 1349 844 1405 vela
859 1349 945 1405 bolo-
997 1345 1076 1402 tione
1094 1352 1198 1402 nostrae
1210 1346 1373 1402 denotionis
1386 1346 1510 1415 adjecta,
1525 1346 1668 1416 quoniam
1680 1345 1818 1420 largitatis

118 1435 210 1492 serica
235 1435 299 1491 alba
313 1435 467 1491 auroclave
480 1435 664 1506 ortboplume
683 1450 713 1505 ιι,
729 1437 791 1493 vela
802 1443 945 1494 tramose-
998 1437 1103 1489 nostra
1116 1435 1264 1505 praesentis
1276 1440 1440 1505 perpetuam
1458 1433 1583 1504 praufetes
1595 1434 1818 1507 Ecclesiaecuplo

117 1523 178 1579 rice
194 1524 441 1594 prasinopnrpure
453 1537 484 1594 ιι,
506 1524 567 1580 vele
586 1526 773 1582 tramoserica
789 1525 943 1581 leucorbo-
998 1525 1140 1592 pertinere
1150 1522 1354 1578 substantiam.
1370 1522 1450 1592 Quod
1464 1523 1489 1578 si
1504 1522 1667 1594 quidquam
1682 1524 1719 1580 de
1726 1524 1818 1582 aliene·

116 1611 186 1668 dine
214 1624 245 1678 ιι,
277 1611 338 1667 vela
362 1612 547 1668 tramoserica
573 1613 798 1684 leucoporpbyre
826 1626 856 1678 n,
883 1613 944 1668 vela
997 1611 1108 1667 tionoa
1130 1624 1174 1666 me
1200 1610 1346 1681 prohibita
1370 1610 1459 1668 fuerit
1482 1610 1557 1667 forte
1584 1616 1741 1676 tentatum,
1760 1616 1817 1669 tuuc

118 1698 280 1756 boloserica
292 1700 495 1770 coccoprasine
509 1714 541 1756 ιι.
558 1702 626 1757 ltem
637 1701 695 1756 alie
720 1706 855 1773 paratura
866 1701 944 1758 bolo·
957 1702 984 1762 Β
997 1713 1059 1771 ego,
1071 1700 1114 1756 vel
1136 1700 1227 1756 baeres
1245 1699 1428 1770 haeredesque
1447 1699 1505 1769 sul,
1525 1699 1571 1756 rel
1584 1713 1740 1758 successor
1758 1715 1815 1759 suo

117 1787 210 1844 serica
235 1788 296 1844 rele
316 1787 422 1843 blattea
441 1788 593 1845 eurocleva
619 1789 801 1860 orthoplume
828 1804 860 1861 n,
882 1790 944 1846 vela
998 1801 1159 1845 cessoresve
1174 1788 1239 1855 mei,
1254 1787 1297 1844 vel
1320 1787 1372 1859 qui
1395 1786 1456 1843 illis
1470 1787 1609 1858 deinceps
1621 1790 1814 1858 successerint

118 1877 306 1934 tramoserica
338 1876 468 1947 equitata
497 1878 701 1948 coccoprasiue
727 1891 760 1947 ιι,
787 1879 848 1934 rela
881 1883 945 1934 tra·
999 1877 1133 1933 universa
1147 1890 1210 1947 quae
1226 1875 1314 1945 buius
1328 1875 1495 1932 donationis
1510 1882 1816 1949 sunttenorecompre·

119 1966 259 2022 mosetica
290 1964 466 2022 boloblattea
501 1979 535 2036 ιι,
568 1966 631 2023 vela
654 1965 775 2023 loricata
800 1966 945 2039 (loricata)
1000 1966 1098 2036 hensa,
1109 1965 1300 2034 adsuumjus
1314 1963 1815 2038 proprietatemquereducantzqto.

119 2053 370 2124 melinoporpbpre
384 2054 521 2111 uncinata
531 2054 600 2126 duo,
615 2055 675 2112 vele
687 2055 847 2112 boloserlca
859 2055 946 2112 bolo·
1000 2055 1076 2111 niam
1092 2053 1167 2124 quod
1185 2052 1293 2109 anobis
1307 2053 1482 2125 cogitatione
1494 2052 1666 2110 venerandae
1676 2053 1813 2126 religionis

123 2142 200 2199 blata
214 2155 245 2212 ιι,
255 2143 314 2198 vela
324 2143 474 2213 apoplacie
486 2143 644 2214 (apoblacia
654 2145 714 2200 sive
728 2145 764 2202 ed
776 2143 944 2217 plobletea)·‚
1000 2141 1138 2212 oblatum,
1155 2141 1312 2198 secundum
1328 2141 1418 2214 legem
1431 2146 1460 2197 et
1475 2141 1677 2199 conditionem
1695 2142 1813 2212 positam

123 2230 325 2299 coccopresina
351 2231 507 2287 cancellata
540 2233 668 2289 rosulata
691 2234 765 2298 duo,
790 2233 859 2289 item
886 2233 946 2289 vele
1000 2230 1087 2286 licere
1102 2244 1158 2287 non
1168 2231 1252 2287 debet
1266 2230 1431 2301 cuicunque
1447 2243 1574 2299 persona
1585 2231 1632 2286 vel
1642 2230 1813 2288 alteriusee

121 2317 294 2389 aploblattea
315 2318 516 2388 coccopraslne
549 2322 716 2377 cantharate
742 2336 767 2376 ι.
796 2324 862 2378 item
887 2322 946 2378 elle
999 2318 1105 2388 elesiae,
1121 2319 1165 2374 rel
1182 2320 1299 2390 praediis
1308 2318 1466 2388 cujuslibet
1479 2319 1630 2390 deputare.
1642 2320 1722 2376 lianc
1735 2327 1812 2377 eumn

120 2412 266 2477 paratura,
290 2405 353 2462 vela
374 2406 451 2462 linea
475 2408 626 2466 auroclara
654 2411 801 2467 elevatura
824 2412 944 2482 quadra,
1000 2409 1175 2479 scripturam
1196 2407 1521 2465 donationisFeliclano
1542 2409 1659 2465 notario
1677 2421 1739 2464 meo
1749 2409 1812 2465 scri-

119 2493 178 2550 duo
203 2493 264 2549 vela
301 2493 378 2550 linea
401 2495 552 2551 auroclana
579 2500 771 2570 paragaudata
799 2499 945 2554 elevatura
1000 2496 1120 2553 bendam
1135 2497 1254 2557 dictam.
1269 2497 1355 2567 eique
1371 2496 1508 2553 relectaca
1524 2510 1568 2552 me
1583 2498 1652 2553 sine
1667 2496 1737 2554 dolo
1751 2495 1811 2553 melo

123 2581 246 2638 rotunde
256 2595 288 2653 n,
302 2581 364 2637 vcla
377 2580 454 2638 linea
470 2586 661 2656 paragaudata
671 2587 785 2642 Persica
799 2586 944 2644 ciavatura
1002 2599 1088 2642 manu
1104 2587 1220 2656 propria
1242 2585 1403 2656 subscripsi
1416 2592 1445 2641 et
1470 2585 1560 2657 gestis
1573 2585 1698 2658 allegari
1714 2585 1812 2656 proprie

20 2706 25 2719 .
121 2669 316 2727 coccomeline
332 2670 449 2740 prasina
466 2684 497 2734 ιι,
508 2672 569 2726 vela
583 2671 658 2728 linea
671 2675 864 2745 paragaudata
875 2675 946 2730 Per-
1001 2675 1299 2744 voluntatemandavi,
1313 2673 1584 2746 stipulantibusquc
1595 2673 1812 2730 venerabilium

120 2757 182 2815 sica
196 2757 343 2813 ciavatura
356 2757 563 2814 leucorbodina
575 2773 605 2824 ιι,
616 2759 676 2814 vela
690 2759 946 2819 lincablatoserica
1001 2763 1175 2835 presbytero,
1186 2762 1360 2819 diaconibus
1372 2762 1577 2833 uniuersisque
1591 2762 1714 2818 clericis
1726 2775 1813 2818 memo

120 2847 315 2918 paragaudem
327 2861 358 2915 ιι,
371 2845 431 2902 vela
441 2847 518 2902 linea
527 2846 700 2904 blatoserica
713 2850 895 2920 ortboplume
912 2865 942 2907 n.
1000 2853 1204 2910 rataeccclesiae
1215 2851 1393 2909 deomnlbus
1406 2851 1585 2921 supradictis
1595 2851 1748 2922 spopondi.
1757 2850 1813 2908 snb

119 2936 188 2990 item
200 2934 260 2990 vela
275 2935 352 2991 linea
364 2947 437 3005 pura
450 2948 509 2990 ιιι.
523 2937 591 2992 item
606 2942 673 2993 ante
690 2939 784 3010 regias
805 2939 945 3004 basilicae,
1000 2941 1109 3009 scripta
1124 2954 1160 2996 ιι
1178 2939 1243 2995 liei.
1258 2938 1410 3010 Maiarum,
1421 2939 1628 2996 domnoLeone
1639 2941 1691 2995 l’l'.
1701 2940 1811 3013 imum

119 3022 181 3079 refe
194 3022 272 3079 linea
288 3022 415 3093 plumata
438 3025 545 3094 majora
559 3024 625 3081 fissa
651 3039 770 3083 numero
785 3027 851 3083 tria.
878 3027 982 3088 ltemC
1000 3034 1080 3099 quat.
1097 3027 1238 3083 Pnoonno
1252 3028 1282 3081 V.
1293 3029 1323 3082 C.
1335 3041 1409 3084 coss.
1424 3026 1464 3082 Fl.
1481 3027 1575 3084 Velie.
1589 3026 1622 3096 Q.
1641 3027 1812 3085 Theudosius

121 3110 182 3166 rele
198 3111 274 3167 linea
293 3123 364 3181 pure
380 3113 447 3168 trie.
462 3113 535 3168 llnte
558 3113 765 3170 consistorium
788 3116 881 3172 velum
905 3117 947 3172 ιι·
998 3117 1032 3171 V.
1047 3116 1077 3171 C.
1088 3121 1117 3172 et
1132 3116 1183 3171 lnl.
1200 3121 1229 3171 et
1243 3129 1338 3172 comes
1349 3122 1378 3172 et
1393 3117 1530 3186 magister
1542 3117 1704 3189 utriusque
1715 3115 1812 3172 militie

121 3212 205 3257 neum
220 3212 322 3269 purum
335 3213 353 3254 ι.
368 3200 398 3256 lu
411 3213 518 3269 pronao
527 3201 622 3257 velum
637 3202 745 3258 lineum
762 3217 866 3274 purum
883 3220 901 3274 ι,
917 3212 946 3263 et
1001 3206 1070 3262 buic
1081 3203 1232 3261 donationi
1248 3217 1317 3260 eme
1329 3204 1444 3260 dictatae
1456 3208 1484 3259 et
1501 3204 1572 3259 mitri
1585 3204 1701 3260 relectae
1713 3204 1814 3275 pradio

123 3287 200 3343 intra
210 3287 360 3344 basilicam
369 3290 545 3359 proporticia
556 3289 617 3361 (pro
624 3293 786 3363 pumicibus)
795 3293 856 3350 vela
869 3294 946 3351 linea
1001 3308 1066 3350 rum
1091 3294 1219 3350 omnium
1237 3292 1506 3362 suprascriptorum
1525 3292 1640 3365 argenti
1654 3301 1684 3349 et
1697 3293 1813 3350 restium.

120 3375 248 3432 rosuleta
270 3389 311 3445 ιι,
327 3381 356 3432 et
376 3382 442 3433 aute
454 3378 641 3434 secretarium
656 3379 700 3434 vel
715 3381 863 3437 curricula
885 3383 946 3439 vele
1001 3388 1111 3438 servata
1126 3381 1194 3437 etin
1207 3386 1375 3451 perpetuum
1388 3381 1651 3454 custoditelegeet
1664 3382 1815 3439 conditiore

120 3463 197 3522 llnea
212 3464 340 3522 rosulata
353 3466 477 3535 pensilia
493 3465 628 3523 babentia
639 3481 725 3525 arcus
741 3482 772 3524 ιι.
787 3471 855 3525 Item
870 3472 948 3528 codi·
1001 3484 1086 3544 quem
1099 3470 1189 3527 cidem
1200 3470 1350 3527 donationi
1361 3471 1498 3541 imposui,
1512 3471 1649 3527 consensi
1664 3476 1694 3527 et
1708 3470 1815 3529 subscri·

119 3564 176 3615 ces.
188 3552 342 3624 Evangelia
361 3567 399 3624 ιι,
416 3553 594 3625 apostolum,
607 3557 788 3626 psalterium,
802 3563 831 3614 et
847 3559 945 3615 comi·
1002 3560 1057 3630 psl,
1076 3558 1154 3615 salvo
1168 3558 1280 3615 scilicet
1295 3557 1446 3615 usufructu
1461 3559 1730 3629 suprascriptorum
1743 3573 1814 3633 egm-

120 3641 282 3699 tem.llllco
303 3644 627 3701 anteomnlaceutloue
643 3645 824 3717 prospiciens
839 3660 948 3703 neme-
1002 3661 1078 3718 rum,
1094 3660 1178 3718 quem
1190 3661 1276 3718 supra
1291 3648 1389 3704 eedem
1414 3648 1651 3719 mibiscripture
1673 3648 1787 3707 serrari.

922 3825 1033 3884 NOTAE.

155 4013 463 4139 lleuccbartam,1quae
478 4010 947 4082 primumalosepboblariasua·
1002 4018 1142 4069 servante.
1169 4012 1253 4070 illius
1277 4013 1397 4085 liguram
1413 4027 1447 4071 ex
1471 4015 1560 4071 neterl
1582 4021 1719 4087 argenteo
1738 4009 1812 4069 sacris

120 4089 198 4144 resto
212 4100 247 4143 ex
261 4084 378 4142 archivo
416 4083 546 4139 iburtino
564 4081 710 4152 publicata
723 4089 776 4145 est,
796 4082 947 4140 biedcnuo
1003 4082 1181 4153 imaginibus
1196 4099 1281 4155 opere
1303 4086 1464 4158 anaglypho
1478 4085 1667 4142 exstantibus
1686 4087 1812 4161 decorato,
1841 4105 1844 4108 ⁴

120 4159 215 4216 visum
230 4163 274 4213 est
296 4155 440 4223 recudere,
462 4161 491 4210 et
506 4153 536 4209 in
557 4154 794 4222 capiteomnium
819 4159 946 4209 veterum
1001 4153 1067 4208 dedi
1084 4155 1113 4209 in
1139 4157 1216 4212 notis
1231 4156 1264 4211 ad
1281 4157 1308 4212 S.
1336 4157 1491 4225 Urbanum,
1516 4152 1812 4227 quasquoddam

122 4228 379 4286 instrumentorum
391 4237 542 4295 apponere,
554 4229 601 4280 ten
626 4237 689 4278 uem
708 4223 945 4294 antiquissimum
1001 4238 1115 4294 quoque
1129 4224 1273 4282 llltaserre
1288 4233 1317 4283 ct
1332 4226 1487 4284 bencinius
1501 4227 1531 4282 fn
1545 4228 1625 4284 notis
1643 4228 1717 4285 edS.
1730 4224 1812 4296 Sylre·

123 4303 351 4366 monumentum,
375 4297 451 4367 quod
475 4294 562 4350 leone
583 4238 636 4349 Ρῖ.
661 4293 701 4365 (ιιι
729 4299 776 4376 est
802 4294 946 4364 perpetuo)
1001 4300 1104 4365 strum,
1125 4310 1233 4353 necnon
1258 4298 1383 4371 cangius
1407 4299 1436 4354 in
1459 4299 1609 4355 Glossario
1630 4299 1705 4355 bled.
1725 4303 1753 4354 et
1768 4290 1811 4350 lul.

122 4371 195 4441 bug.
232 4374 347 4424 uarium
366 4373 396 4422 ct
411 4364 552 4421 Probiano
564 4366 595 4419 v.
611 4365 642 4419 C.
664 4378 751 4448 coss,
768 4366 797 4420 ιιι
813 4370 857 4421 est
870 4379 945 4422 anno
960 4407 988 4468 D
1001 4366 1094 4422 Latin.
1111 4368 1266 4425 Panvinius
1283 4384 1312 4424 rn
1329 4369 1449 4439 interpr.
1461 4383 1563 4425 uocum
1578 4371 1762 4427 obscurarum
1779 4376 1811 4419 ee

120 4441 229 4498 cbristr
240 4436 289 4495 tit
305 4438 454 4495 conditum
468 4441 523 4499 est,
540 4440 573 4491 ut
583 4448 618 4490 ex
629 4435 809 4498 cassiodoro,
824 4437 946 4493 blancel-
1001 4435 1241 4509 clesiastioarum,
1255 4441 1333 4497 edita
1343 4454 1398 4497 une
1411 4454 1477 4497 cum
1488 4440 1617 4510 eiusdem
1631 4440 1809 4511 supplemento

121 4511 183 4568 lino
196 4510 306 4567 comite
317 4508 444 4579 aliisque
460 4505 543 4562 fastis
556 4512 678 4563 constat.
695 4508 726 4561 ln
742 4507 842 4563 multis
852 4507 948 4565 obser·
1000 4506 1036 4563 ed
1050 4509 1188 4566 Platlnem
1208 4510 1244 4566 de
1258 4510 1334 4567 Vitis
1356 4510 1537 4575 Pontificum,
1563 4511 1697 4568 observet
1709 4507 1809 4564 mutire

120 4588 187 4640 retu
198 4582 228 4639 di
250 4582 297 4637 nis
311 4592 367 4636 non
379 4579 481 4635 leviter
497 4578 643 4648 preterire
658 4577 727 4633 licet
739 4578 768 4634 id
801 4577 946 4651 uodlegi-
1001 4584 1129 4635 etomom
1143 4582 1239 4638 eedem
1257 4581 1471 4654 significatione
1483 4581 1617 4638 adbiberi
1633 4575 1809 4638 etiemarnl·

119 4659 168 4712 tur
182 4654 218 4709 de
231 4598 313 4707 {idco
326 4651 444 4716 Gemite;
460 4649 510 4720 qui
525 4650 696 4720 Hieronymo
708 4593 867 4732 ascribitur
880 4657 947 4705 ante
1039 4656 1068 4706 to
1091 4650 1247 4722 interprete
1272 4667 1421 4710 sacrorum
1445 4653 1609 4709 bibliorum
1635 4654 1667 4708 in
1694 4645 1805 4707 tenende

124 4723 430 4794 ennosoctinqentos3
463 4725 540 4776 certe
566 4725 711 4776 auctorem
741 4719 945 4791 Hieronymum
1028 4734 1179 4779 recavooe
1205 4723 1298 4794 φιάλας
1311 4724 1397 4780 tertio
1412 4723 1520 4796 Regum
1536 4736 1600 4795 cap.
1616 4738 1670 4789 rii,
1689 4736 1757 4778 vers.
1773 4715 1805 4772 it.

120 4794 270 4868 aqualem,
284 4799 336 4849 eut
350 4804 503 4863 supparem
518 4791 613 4860 babet,
626 4803 661 4846 ex
685 4789 739 4846 bac
752 4790 862 4847 cbarte.
883 4792 946 4848 bla-
1001 4791 1176 4861 Quinetiam
1191 4795 1377 4851 acolumella
1390 4796 1420 4850 in
1431 4794 1512 4852 cultu
1525 4796 1679 4852 bortorum
1689 4790 1806 4848 mquton

120 4881 192 4924 uren.
1001 4862 1057 4934 legi
1074 4878 1125 4934 pro
1139 4865 1248 4923 vasced
1264 4879 1354 4937 aquas
1375 4866 1565 4923 continendas
1593 4865 1736 4924 adbibito.

121 4932 946 5079 ml¹tlltdililltllt⁰iiimfiliifltatiitiil:
1032 4973 1084 5023 ιι
1099 4970 1336 5035 maumam.
1351 4971 1482 5021 nnn...
1505 4971 1657 5036 Baccanae
1671 4971 1786 5034 mem·

121 5081 250 5137 tbecarlo
263 5077 429 5148 frequentes
442 5089 508 5132 cum
522 5076 663 5146 legentur,
677 5074 762 5130 lexici
778 5074 855 5129 vices
871 5090 945 5145 sup-
1035 5069 1129 5139 Quarc
1143 5083 1199 5128 non
1226 5075 1338 5126 tantum
1365 5070 1463 5127 media
1487 5074 1515 5126 et
1538 5069 1657 5135 infimae,
1679 5066 1806 5127 sedetiam

122 5151 199 5222 plere
221 5153 343 5222 possunt
365 5148 399 5204 ad
417 5147 497 5203 Vites
518 5145 732 5202 Anastasianas.
746 5147 777 5200 ln
797 5150 877 5200 textu
893 5159 946 5203 oo-
1002 5155 1141 5214 germana
1152 5141 1321 5198 Latinitatis
1334 5141 1506 5198 vocabulum
1520 5141 1686 5198 babendum
1700 5147 1727 5196 et
1739 5147 1805 5208 aque-

121 5227 245 5278 cnrrunt
256 5222 340 5290 juxte
355 5225 507 5289 sequentes
520 5229 663 5273 numeros.
1002 5214 1078 5269 rium
1093 5227 1143 5269 vas
1154 5213 1292 5269 indicere.
1792 5275 1796 5285 ι

157 5295 178 5348 ι.
195 5292 341 5347 llumulom
353 5290 525 5344 oblatorium.
544 5288 664 5342 Humulu
678 5286 739 5342 sive
748 5286 842 5340 urnula
856 5285 944 5342 dimi·
1038 5286 1071 5340 li.
1095 5285 1197 5340 Colum.
1220 5285 1310 5340 «Hoc
1333 5290 1394 5339 erat
1425 5282 1574 5340 vasculum
1614 5282 1752 5355 quoddam
1770 5276 1807 5347 itti

122 5363 256 5419 mutinum
272 5361 351 5418 vocis
365 5363 454 5416 Homo
467 5374 517 5416 seu
527 5376 600 5426 omo,
613 5358 725 5415 indicat
736 5370 766 5413 se
788 5347 883 5413 uidris
893 5358 944 5413 ιιι
991 5355 1160 5412 lannoius
1170 5356 1224 5410 loco
1234 5355 1357 5425 loudoto)
1368 5344 1805 5412 subtilissimisforaminibuseb

122 5431 315 5502 scriptoribus
330 5432 479 5493 urceolum,
493 5433 602 5486 nostris
617 5444 682 5486 vero
696 5373 856 5485 ritualibus
869 5427 899 5483 iu
912 5428 947 5483 li·
1003 5426 1061 5483 imo
1074 5425 1261 5496 perforatum,
1298 5439 1335 5482 uo
1348 5426 1447 5482 vinum
1462 5441 1496 5483 ex
1510 5426 1639 5483 bemulis
1656 5428 1685 5482 in
1708 5422 1805 5479 celion

123 5502 185 5559 bris
211 5502 366 5560 adbibetur
387 5501 496 5571 saepius
509 5502 544 5557 ad
566 5501 649 5557 illum
668 5500 898 5570 exprimendum,
915 5499 945 5553 in
1002 5497 1217 5554 refundebatur.
1235 5442 1418 5553 »lffcircoen
1436 5497 1543 5553 lamina
1559 5498 1639 5554 tenui
1658 5495 1806 5574 ducebatur,

122 5585 181 5646 quo
192 5586 267 5643 aqua
282 5574 316 5628 ad
331 5573 505 5629 oblationem
523 5571 661 5626 sacrificii
679 5573 747 5626 vino
761 5569 946 5627 admiscenda
1003 5569 1240 5640 quemadmodum
1258 5570 1344 5626 etiam
1361 5581 1438 5624 nunc
1451 5569 1481 5624 in
1494 5567 1623 5624 officinis
1636 5570 1809 5625 aromatorm·

122 5642 308 5701 ministratur
319 5656 368 5712 per
377 5642 605 5708 subdiaconum
618 5640 688 5696 licet
699 5643 775 5697 sumi
789 5642 876 5696 etiam
885 5653 946 5711 pos
1002 5653 1066 5695 rum
1080 5645 1110 5695 et
1124 5638 1284 5707 similibus,
1299 5642 1331 5695 ut
1342 5652 1392 5709 per
1405 5639 1456 5695 illa
1471 5638 1617 5695 foramina
1632 5639 1681 5696 cxi
1720 5633 1811 5701 etrele

122 5716 163 5773 sit
174 5725 227 5786 pro
240 5717 364 5783 utroque
378 5713 493 5772 urceolo
515 5713 615 5771 ninum
629 5717 658 5767 et
672 5723 776 5781 aquam
788 5710 947 5769 oblationis
1002 5714 1066 5766 ctus
1083 5709 1299 5781 liquoromnem
1310 5711 1465 5781 deponeret
1476 5708 1585 5783 facem,
1596 5723 1634 5767 ne
1649 5724 1681 5767 sc
1695 5708 1758 5765 licet
1769 5714 1811 5758 nt·
