3892 6136
131 101 198 162 idat
575 107 734 167 HISTORIA
751 109 796 165 DE
816 108 903 167 iliis
920 109 1003 168 holt.
1025 109 1124 168 Porti.
1138 140 1175 155 -
1187 114 1216 171 S.
1237 115 1377 173 hernus.

1764 118 1835 181 40343

127 229 301 299 martyrium
327 242 341 284 a
366 231 448 287 Petro
471 230 606 295 pontifice
630 232 753 288 maximo
780 230 954 288 celebratum
967 237 996 296 A
1010 231 1115 289 Pelicls
1127 235 1172 301 iv,
1187 235 1313 293 etcodex
1330 250 1351 292 44
1365 236 1578 309 colbertinus),
1591 240 1734 299 46464666
1752 242 1834 312 64464

126 299 254 357 refertur
267 301 301 356 66
321 301 454 357 66666466
471 303 600 365 Nucem,
625 310 650 357 et
667 305 809 358 Vestinum
833 304 862 358 46
877 303 955 357 Cata·
1011 305 1232 373 numerationis,
1244 312 1273 362 et
1288 306 1396 377 epocha
1411 309 1529 365 4466664
1551 310 1648 378 664666
1687 318 1735 369 466
1753 312 1835 368 66664

126 371 195 442 logo
217 370 322 427 hiberii
349 379 431 427 aetate
453 380 603 430 contento:
643 375 672 430 ui
685 375 818 431 consules
837 375 955 442 signant
1010 375 1039 428 in
1063 376 1139 430 diem
1153 373 1190 432 96
1206 376 1315 447 Aprilis
1330 379 1399 434 anni
1416 377 1462 434 vul
1483 379 1543 434 aris
1557 380 1645 436 664644
1669 425 1675 450 ,
1699 383 1733 437 66
1750 396 1833 452 6666

123 455 236 498 66666
262 443 390 511 vulgaris
414 458 476 498 646
497 444 605 501 Christi
649 444 681 506 6,·
700 453 728 500 64
751 446 853 501 iisdem
877 458 951 500 coss.
1010 444 1095 501 refert
1117 448 1433 504 etiamllenschenius.
1465 396 1619 520 36666646
1648 459 1742 507 66466
1768 461 1834 508 6646

123 515 216 570 tertio
229 514 290 568 llal.
309 515 378 569 iulii
394 517 493 571 Petrus
509 518 589 571 cruci
609 515 710 572 6444466
724 517 861 587 martyrio
875 529 953 571 coro-
1008 518 1165 585 contigerit
1177 517 1310 574 fundatio
1332 521 1475 576 cathedrae
1492 521 1688 591 antiochena,
1704 521 1833 603 vulgaris

125 593 223 640 66464.
239 588 312 640 sunt
333 586 423 655 igitur
448 601 481 641 ex
498 587 645 642 consulari
661 588 846 658 chronologia
870 588 952 641 Petro
1007 601 1070 642 aare
1085 589 1192 643 dhristi
1205 604 1280 645 66446
1293 588 1337 645 33.
1355 591 1461 646 Littera
1484 592 1674 648 Dominicalis
1696 593 1719 646 D
1741 593 1834 649 erdem

123 656 275 712 tribuendi
290 656 472 725 episcopatus
492 655 623 728 666437,
644 666 672 713 64
687 672 797 714 666666
815 661 873 714 4466
891 659 952 713 644-
1007 672 1082 713 6666
1093 661 1237 722 assignata
1259 662 1437 717 Dominicam
1457 662 1531 718 diem
1545 664 1656 719 indicat
1674 661 1767 718 64604
1780 665 1834 719 46-

121 728 210 795 64464,
227 729 329 795 664446
352 729 567 798 Hierosolymis,
593 730 696 798 partim
721 730 899 785 antiochena
921 730 951 784 in
1007 728 1130 795 bruarii,
1146 745 1201 800 qua
1214 730 1317 786 466466
1331 735 1472 788 cathedras
1486 734 1672 790 antiochenae
1683 746 1739 788 non
1751 733 1834 790 ruodo

123 799 206 860 sede,
220 804 247 853 et
262 799 408 865 partimin
425 800 548 855 hamana
563 800 599 854 ab
614 800 809 869 apostolorum
821 800 952 869 principe
1009 799 1061 855 hac
1074 807 1155 856 64646
1171 803 1335 869 recolimus,
1356 817 1454 858 verum
1476 811 1504 858 et
1533 807 1562 859 in
1587 803 1762 861 membranis
1778 804 1834 859 sub

122 870 220 925 exacti
236 889 243 932 3
258 876 327 939 qamt
337 870 423 924 etiam
439 871 467 923 S.
482 871 671 941 ilieroaymns
687 878 837 927 enumerat
851 873 880 925 46
897 871 949 926 tib.
1006 871 1121 926 liberio
1147 887 1219 943 papa
1241 875 1426 944 conscriptis,
1449 881 1477 930 64
1491 888 1506 928 6
1530 875 1615 931 nobis
1629 889 1663 931 ex
1688 875 1830 931 Bucherio

119 941 159 997 de
172 942 276 1008 Script.
289 941 504 996 ecciesiasticis.
519 943 674 997 Duodecim
686 955 720 997 ex
735 943 780 997 his
795 943 824 997 444
834 940 951 997 Oriente
1005 942 1188 1012 editissupra
1200 944 1228 999 in
1239 944 1461 1015 Prolegomenis,
1472 959 1579 1001 necnon
1589 960 1623 1001 644
1631 946 1658 1001 S.
1670 945 1835 1017 Augustino

125 1012 271 1082 impendit
287 1011 369 1066 illius
389 1017 498 1068 tractus
516 1013 652 1067 licclesiis
671 1014 852 1083 ordinandis,
866 1018 950 1068 ante·
1006 1020 1182 1081 compertum
1195 1022 1248 1077 est,
1268 1016 1416 1084 prioribus
1429 1018 1515 1071 etiam
1531 1017 1647 1072 saecnlis
1663 1030 1727 1072 646
1745 1016 1833 1071 Chri-

120 1097 212 1154 quam
224 1083 464 1138 liomamvcniret.
477 1084 580 1138 Narrat
588 1085 664 1139 enim
674 1084 917 1153 Apollonius,scri
924 1099 951 1152 p·
1005 1084 1106 1138 stianac
1121 1085 1259 1140 celebrari
1273 1088 1466 1142 consuevisse.
1485 1090 1563 1142 Diem
1576 1101 1642 1142 vero
1653 1088 1833 1143 Dominicam

119 1154 389 1211 errecelesiascicus
400 1154 517 1209 secundi
529 1155 723 1224 6666446666
736 1153 949 1209 Eusebiumlib.
1007 1154 1156 1224 4446644666
1167 1156 1323 1225 6646666644
1346 1158 1480 1226 66664644
1497 1159 1630 1227 jamtum
1651 1158 1835 1214 consuevisse

120 1224 311 1291 v,liist.eccl.
323 1238 383 1293 cap.
397 1223 440 1292 l8,
452 1231 585 1294 tanquam
600 1232 769 1280 6444646466
782 1225 949 1293 traditione,
1007 1224 1126 1293 probare
1136 1224 1220 1282 466446
1236 1241 1346 1297 possem
1364 1231 1558 1284 6666666446
1580 1228 1708 1284 666466
1735 1228 1834 1283 06446-

117 1297 276 1351 Dominum
291 1295 430 1364 apostolis
443 1297 505 1350 suis
518 1297 694 1365 praecepisse,
710 1310 744 1349 ne
758 1298 832 1350 intra
846 1296 952 1350 duode·
1005 1296 1114 1351 siarum
1130 1295 1321 1353 Orientalium
1343 1305 1370 1353 et
1391 1298 1631 1355 occidentalium.
1654 1300 1748 1369 Quare
1763 1298 1833 1353 nni-

118 1372 180 1422 cim
193 1380 284 1421 66666
300 1367 689 1435 44464666466466466664664.
707 1380 807 1435 nempe
822 1372 902 1422 64446
918 1367 950 1420 li·
1005 1380 1085 1420 versa
1097 1368 1267 1422 confirmant
1285 1377 1449 1439 assumptas
1462 1371 1595 1440 epochas.
1613 1370 1761 1425 Passionis
1775 1371 1834 1424 Do-

121 1438 209 1492 64466
224 1439 322 1507 Syriae,
338 1438 384 1492 cui
409 1438 545 1491 suberant
568 1438 779 1506 ilierolosymae,
794 1451 828 1492 ne
852 1438 948 1506 pedem
1005 1438 1206 1494 minicaeanuo
1231 1439 1266 1493 06
1286 1454 1349 1493 646.
1368 1442 1530 1496 communis
1545 1438 1652 1510 64606,
1678 1447 1706 1495 64
1732 1438 1834 1495 664446

141 1506 294 1568 inferrent,
307 1509 341 1562 ad
354 1509 435 1562 sedes
449 1508 706 1576 episcopalesalihi
719 1509 945 1564 constituendas.
1003 1507 1101 1562 64646
1129 1509 1244 1574 llartii3
1275 1508 1457 1566 fundationis
1481 1512 1622 1566 cathedrae
1648 1511 1834 1567 antiochenae

118 1523 1136 1669 Ramintraduodecennium,imoettntraquinquenniumBvergente
1160 1582 1193 1634 ad
1223 1580 1306 1635 linem
1336 1583 1407 1651 quin
1432 1583 1537 1637 nennio
1564 1589 1627 1652 post
1652 1582 1832 1638 Dominicaur

116 1651 303 1706 abominica
319 1652 454 1705 Passieno
476 1651 636 1705 Antiochiae
651 1651 816 1705 cathedram
830 1650 947 1718 664666-
1005 1650 1166 1705 Passionem
1191 1651 1239 1705 die
1254 1597 1450 1708 DominicaOi
1472 1652 1622 1708 Februarii
1642 1665 1718 1708 anno
1731 1651 1777 1722 33,
1805 1656 1834 1706 64

119 1721 215 1792 66466
231 1720 320 1776 464666
335 1722 532 1788 constitutam,
553 1721 694 1792 colligunt
714 1723 809 1776 Patres
824 1735 857 1775 ex
868 1721 947 1775 hctis
1004 1721 1153 1789 septennio
1178 1729 1241 1790 post
1261 1736 1360 1792 nempe
1380 1737 1456 1779 anuo
1482 1736 1544 1778 6466
1557 1723 1686 1795 vulgaris
1700 1720 1745 1790 40,
1763 1736 1833 1792 646-

118 1793 329 1862 66664646466.
346 1792 404 1860 4664
417 1792 504 1847 644646
517 1800 652 1847 asserunt
666 1793 778 1847 Petrum
796 1792 947 1860 septennio
1003 1790 1154 1846 lectionem
1169 1794 1364 1917 :apostolorum
1380 1807 1414 1849 en
1433 1795 1525 1865 Syria,
1541 1795 1695 1850 adventum
1709 1794 1785 1849 Petri
1802 1793 1832 1848 in

119 1862 946 1933 6466664666664446646446446646666646666646044466
1002 1862 1158 1931 Urbem,et
1195 1865 1377 1921 undationem
1403 1865 1545 1920 cathedrae
1560 1866 1702 1920 itomanae.
1723 1868 1834 1935 Super-

117 1934 441 2005 proliclscereturauno
462 1935 659 1990 duodecimos
684 1933 946 1989 Passioneilomini
1003 1940 1046 1987 est
1077 1942 1110 1987 ut
1136 1935 1329 2004 inquiramus,
1361 1936 1430 2004 6646
1457 1949 1609 1991 6666666
1638 1935 1740 1991 haheat
1766 1947 1832 1991 cum

116 2007 154 2061 ad
167 2004 344 2061 laudandam
360 2007 454 2061 sedem
467 2006 631 2059 Romanam.
644 2008 683 2059 446
695 2006 721 2060 S.
739 2005 897 2075 Gregorius
912 2003 946 2058 ad
1002 2005 1121 2059 exordio
1134 2005 1441 2074 porrtiilcatnsliomani
1450 2007 1486 2062 ab
1495 2009 1690 2076 apostolorum
1702 2006 1834 2077 principe

116 2076 275 2149 Eulogium
291 2078 457 2146 episcopum
473 2075 699 2131 Alexandrinum
721 2076 770 2130 lih.
786 2089 823 2144 vt,
840 2088 884 2145 ep.
900 2071 945 2138 37,
1004 2076 1129 2143 66666644
1144 2076 1207 2131 6466
1221 2074 1256 2132 tt
1271 2078 1381 2147 aprilis
1401 2079 1469 2134 anni
1485 2076 1530 2143 40,
1547 2093 1581 2134 ex
1602 2091 1658 2147 666
1683 2077 1731 2132 646
1742 2078 1834 2133 desu-

116 2149 155 2205 66
183 2149 319 2204 cathedra
335 2148 522 2214 antiochena,
545 2159 562 2202 a
584 2149 664 2201 Petro
678 2145 815 2202 4666646.
841 2167 853 2196 4
886 2147 948 2214 lpse
1003 2147 1212 2215 mitnrepocha
1224 2161 1364 2204 :annorum
1379 2146 1424 2216 46,
1441 2146 1655 2205 6666466064
1675 2148 1788 2203 646466
1803 2145 1831 2207 3.

117 2219 248 2275 humavit
260 2220 365 2279 sedem,
379 2220 473 2287 46666
485 2223 591 2286 666466
605 2217 831 2288 arruisquamvis
842 2215 948 2273 disces·
1003 2218 1095 2272 eidem
1108 2218 1255 2285 assignata
1272 2222 1407 2290 usquead
1419 2221 1624 2289 triumphalem
1636 2219 1767 2289 martyrii
1785 2217 1832 2273 sui

117 2305 222 2356 surus,
231 2291 316 2345 sedit.
327 2308 340 2338 r
352 2289 604 2358 illemensquoque
616 2288 830 2344 Alexandrinus
842 2289 946 2344 strom.
1002 2288 1078 2343 diem
1092 2285 1215 2343 ditionii
1228 2291 1297 2344 6664
1308 2288 1352 2359 66,
1371 2292 1411 2346 446
1421 2292 1631 2346 6666466666
1642 2291 1667 2345 64
1678 2302 1834 2361 66666664

117 2362 174 2418 lib.
190 2376 228 2425 vr,
251 2374 314 2431 pag.
330 2357 392 2428 637,
409 2359 480 2414 edit.
500 2361 533 2414 d.
549 2361 577 2413 L.
593 2360 681 2413 Paris.
697 2358 776 2422 4640,
789 2360 831 2414 644
850 2358 947 2414 obser·
1002 2359 1163 2414 cantorum
1194 2360 1298 2415 Felicis
1312 2361 1414 2430 Quarti
1443 2368 1526 2417 aetate
1554 2361 1762 2430 conscriptum,
1787 2359 1831 2415 vel

115 2440 167 2488 vat
179 2432 410 2496 schelestratius,
432 2430 566 2485 lectionis
584 2431 846 2500 interpunctionem
868 2430 949 2485 resti·
1002 2399 1113 2484 646604
1125 2430 1234 2498 aprilis
1249 2432 1375 2498 ejusdem
1392 2431 1517 2495 666440,
1532 2446 1566 2488 ex
1581 2432 1685 2503 66666
1701 2429 1738 2486 09
1751 2429 1833 2486 46644

116 2512 215 2568 46666,
234 2503 407 2573 antiquitat.
438 2500 542 2556 Eccles.
569 2502 641 2556 diss.
668 2500 693 2566 4,
709 2516 771 2572 666.
788 2501 816 2569 5,
838 2511 892 2555 644.
918 2499 946 2568 3,
1003 2500 1072 2554 6664
1100 2498 1147 2565 66,
1172 2503 1281 2556 Nerone
1304 2511 1332 2557 et
1355 2504 1471 2559 vestino
1494 2518 1581 2571 coss,
1605 2502 1835 2570 intercipiuntur

115 2573 460 2632 conhrmattraditionem
473 2572 948 2642 protectionisapostotoramextra
1003 2571 1072 2625 66444
1091 2568 1136 2638 06,
1163 2585 1272 2628 menses
1286 2570 1305 2628 3
1319 2580 1346 2628 64
1358 2575 1421 2630 6466
1435 2571 1463 2641 7,
1490 2574 1632 2630 numerati
1656 2574 1686 2629 46
1711 2572 1834 2642 64646446

114 2647 228 2716 Syriam
254 2651 319 2712 post
341 2657 430 2698 annos
454 2643 604 2698 duodecim
626 2657 642 2698 6
666 2645 800 2699 06664666
824 2643 945 2710 Christi,
1003 2642 1212 2697 vetustissimis
1227 2643 1356 2700 basilicae
1368 2645 1583 2714 patriarchalis,
1597 2651 1625 2700 et
1641 2645 1670 2699 46
1686 2644 1833 2714 646446666

116 2717 170 2788 664
182 2717 331 2785 jusserat:
351 2735 364 2766 4
378 2716 441 2769 Post
457 2714 608 2769 duodecim
625 2728 715 2770 annos
730 2715 901 2784 egredimini
917 2715 947 2768 46
1003 2712 1142 2782 catalogis
1156 2714 1382 2781 probatioribus.

116 2788 270 2851 mnndum,
285 2786 394 2855 666646
405 2786 483 2839 dicat
494 2803 501 2838 :
514 2784 575 2839 Non
589 2786 765 2841 audivimus.
781 2803 794 2834 n
809 2785 948 2840 llensche·
1040 2786 1125 2839 Porro
1141 2798 1206 2838 cnm
1222 2786 1331 2840 videam
1354 2788 1492 2843 46646466
1506 2785 1597 2842 464666
1611 2783 1708 2841 64606
1722 2783 1833 2854 44644446

115 2859 187 2914 6466
203 2871 260 2927 666
282 2871 318 2912 66
330 2859 447 2911 exercit.
462 2852 522 2910 466
535 2855 755 2928 chronologiam
770 2856 948 2926 pontiliciam
1003 2855 1132 2907 litaniam
1145 2869 1229 2922 64466
1244 2859 1487 2924 vocantmojercm
1503 2871 1558 2912 666
1576 2856 1658 2911 6666
1675 2862 1742 2911 6646
1755 2856 1832 2911 Gre-

115 2942 240 2985 numero
267 2929 269 2933 ’
303 2969 310 2994 ,
338 2933 487 2996 postquam
510 2926 673 2981 ostenderat
701 2941 776 2983 anno
801 2927 904 2997 664646
931 2940 947 2980 6
961 2962 986 3026 C
1004 2927 1117 2995 goriam
1140 2927 1284 2995 hlagnum,
1305 2928 1353 2982 666
1381 2928 1467 2982 64466
1497 2927 1632 2996 pluribus
1653 2933 1719 2981 ante
1735 2926 1832 2993 46666

115 3001 256 3056 06664666
280 2998 388 3053 dhristi
414 2996 527 3052 labente
552 2995 701 3052 iurrdatam
717 3013 732 3051 6
748 3000 829 3052 06446
856 2995 948 3052 464666
1003 2996 1148 3061 antiatibus,
1173 3010 1206 3049 ac
1232 2994 1320 3051 46466
1346 2998 1382 3052 ab
1408 2998 1542 3053 Ecclesiae
1567 2996 1774 3052 incunabulis:
1802 2996 1832 3049 in

115 3071 283 3127 6644466466
304 3069 521 3136 hirtiochenam,
536 3069 596 3122 hacc
611 3069 726 3122 subdit:
745 3088 759 3119 4
782 3068 883 3136 Elapso
899 3081 948 3122 se·
1003 3079 1058 3136 666
1070 3065 1150 3119 444644
1165 3067 1349 3131 uuiversum
1360 3069 1511 3137 diaconiae,
1524 3067 1787 3137 tpsaeqnehasiticae
1798 3078 1834 3120 en

116 3142 238 3213 ptennio
260 3141 400 3196 cathedrae
416 3139 610 3199 hirtiochenao,
622 3139 782 3194 substituto
797 3139 903 3193 ibidem
918 3138 946 3192 S.
1002 3149 1060 3191 aevo
1081 3136 1320 3191 constantiniano
1342 3139 1489 3192 collectam
1511 3138 1591 3202 cleri,
1618 3150 1651 3191 ac
1677 3136 1774 3204 populi
1803 3136 1834 3191 iu

95 3213 238 3276 4446646,
252 3212 373 3281 primam
397 3211 529 3265 Ecclesia
542 3211 714 3264 christianae
733 3209 897 3265 cathedram
917 3209 948 3264 444
1001 3208 1105 3275 Campo
1121 3207 1234 3272 llartio,
1246 3207 1316 3263 olim
1331 3208 1361 3262 in
1378 3209 1464 3263 titulo
1481 3210 1509 3263 L.
1524 3207 1670 3262 Laurentii
1694 3209 1722 3261 in
1744 3207 1835 3261 Luci-

116 3284 192 3341 urbe
211 3283 336 3338 Romana
370 3282 436 3337 sede
456 3281 671 3350 imperatorum,
688 3288 715 3335 et
737 3281 817 3336 orbis
842 3281 946 3349 capite,
1004 3291 1050 3346 na,
1067 3278 1187 3332 666646
1217 3279 1243 3333 S.
1268 3278 1367 3349 hlarci,
1393 3278 1620 3349 frequentantes,
1638 3278 1704 3333 inde
1730 3290 1834 3347 proce-

117 3354 274 3411 collocavit
303 3366 377 3407 anno
408 3366 471 3407 aerae
507 3352 636 3420 volgaris
664 3351 903 3422 quadragesimo:
931 3363 948 3404 a
1003 3348 1119 3402 duntad
1134 3347 1161 3402 S.
1187 3349 1321 3417 Petrum,
1346 3351 1485 3418 judicavi,
1515 3362 1563 3418 per
1584 3362 1633 3404 eos
1654 3349 1717 3403 dies
1745 3346 1832 3403 recoli

117 3437 265 3497 6666666
279 3423 432 3480 inchoandi
450 3425 478 3478 46
489 3423 617 3493 catalogo
627 3423 685 3490 jam
696 3423 785 3478 citato
799 3421 947 3476 suntanni
1002 3419 1059 3486 jam
1087 3424 1147 3473 tum
1163 3421 1349 3476 consuevisse
1365 3421 1498 3475 Romanae
1512 3419 1691 3487 6664666646
1715 3423 1833 3474 caeteras

118 3497 226 3568 viginti
249 3496 378 3566 quinque
394 3496 471 3550 sedis
485 3495 582 3563 hujus.
600 3496 633 3548 444
649 3494 677 3546 444
700 3493 804 3563 viginti
820 3492 949 3562 6646666
1006 3489 1832 3561 64466466664666666646464666446646666664446466.

117 3568 191 3624 6664
207 3567 349 3622 habentur
373 3566 402 3620 in
418 3568 508 3620 altero
535 3579 598 3620 mox
615 3562 784 3634 proterendo
807 3562 947 3633 catalogo,
1004 3559 1083 3627 Quod
1099 3561 1176 3613 euim
1190 3561 1237 3615 die
1252 3561 1285 3615 ts
1299 3562 1430 3617 46666444
1452 3561 1555 3617 466466
1578 3561 1720 3616 cathedre
1732 3573 1749 3615 6
1761 3559 1834 3614 Beda

119 3638 166 3696 644
178 3646 206 3692 64
218 3641 247 3693 46
265 3640 315 3693 his.
334 3637 472 3703 Palatino,
498 3635 545 3690 sed
563 3649 578 3689 a
595 3635 679 3689 uobis
693 3636 819 3690 omisso:
837 3634 903 3688 item
919 3633 948 3688 46
1004 3629 1131 3698 64446666
1145 3630 1185 3684 446
1198 3634 1399 3702 consignatum
1420 3633 1545 3688 suaserit
1561 3631 1678 3686 066466
1695 3632 1738 3695 444,
1756 3636 1788 3684 64
1804 3629 1833 3683 46

117 3707 284 3766 0664466644
308 3709 443 3772 4466666,
459 3713 487 3762 64
501 3706 575 3775 6666
599 3707 782 3762 anastasium
795 3703 950 3760 Bibliothe·
1004 3701 1214 3756 constitutione
1224 3717 1275 3758 666
1291 3717 1367 3759 64466
1380 3701 1450 3759 teas
1466 3704 1627 3758 restituerit
1639 3701 1673 3757 ad
1687 3716 1723 3757 xv
1735 3700 1837 3755 Kalen·

120 3781 236 3837 cariam
261 3781 290 3835 46
308 3792 393 3833 46666
409 3779 535 3832 64646446
549 3785 576 3832 64
593 3777 680 3846 praelo
693 3778 772 3832 cusis
787 3775 949 3841 codicibus,
1004 3772 1056 3825 das
1079 3770 1228 3827 Februarii
1254 3780 1375 3829 veterem
1391 3775 1526 3842 epocham
1552 3773 1680 3829 iaudatae
1705 3774 1736 3827 46
1759 3769 1835 3851 Urbe

119 3864 233 3908 necnon
253 3850 329 3919 apud
358 3849 575 3917 luitprandum,
594 3847 749 3915 abbonem,
769 3853 796 3901 et
820 3847 895 3901 alios
911 3861 951 3900 re·
1005 3841 1146 3896 cathedra·
1162 3844 1253 3912 Petri,
1269 3846 1296 3900 46
1312 3846 1387 3900 nihil
1404 3845 1525 3914 impedit
1544 3847 1701 3914 quominus
1721 3840 1835 3898 intelli-

120 3936 186 3978 rum
200 3921 425 3990 pontiliciarinm
442 3920 608 3987 scriptores.
624 3940 636 3967 o
654 3920 762 3974 Deinde
776 3932 895 3973 numero
915 3913 951 3972 36
1006 3926 1106 3981 gamus
1125 3927 1157 3968 ea
1180 3915 1229 3970 die
1255 3913 1408 3972 46666466
1436 3918 1633 3986 episcopatum
1651 3931 1658 3981 3
1683 3914 1835 3985 644666646

119 3994 158 4049 66
171 4004 247 4048 6666
263 3990 392 4059 martyrii
405 3989 451 4044 SS.
467 3990 540 4044 Petri
557 3990 677 4045 6406644
698 4003 784 4061 agens
809 3989 867 4044 hac
883 3989 954 4043 scri·
1005 3997 1071 4038 vero
1089 3990 1162 4052 post.
1177 3985 1229 4040 hoc
1244 3994 1287 4041 est
1303 4001 1398 4043 mense
1412 3988 1517 4058 Aprili,
1531 3988 1592 4043 sive
1605 3986 1732 4055 ejusdem
1754 3983 1833 4044 anni.

120 4064 186 4120 bit:
211 4083 224 4112 a
253 4063 332 4117 Passi
355 4074 422 4130 ergo
443 4067 517 4114 recte
542 4061 710 4116 4664666464
730 4061 776 4115 66.
801 4061 900 4115 064466
924 4063 952 4114 64
1006 4055 1067 4109 6446
1085 4059 1324 4125 consequentium
1344 4059 1412 4114 hnic
1427 4059 1585 4128 episcopali
1602 4058 1663 4114 sedi
1681 4057 1835 4127 primatum

121 4133 241 4199 Paulus,
262 4135 371 4188 Nerone
397 4133 490 4187 Romae
507 4137 654 4200 praesente,
680 4133 768 4187 Nerva
782 4138 810 4187 et
836 4131 950 4186 Vestino
1006 4139 1093 4206 supra
1104 4135 1220 4184 caeteras
1234 4127 1325 4184 464666
1333 4130 1476 4198 6664466,
1491 4135 1644 4200 postquam
1656 4129 1685 4184 46
1697 4125 1837 4198 proximis

122 4204 305 4268 consulibus,
337 4216 412 4257 64466
441 4217 503 4258 cerae
520 4203 691 4257 Christiana
709 4201 754 4270 ds,
779 4202 900 4258 Neronis
923 4202 949 4256 si
1006 4197 1347 4268 civitatibnspracdicato
1368 4199 1835 4272 4446666446466664464466466446,

122 4282 271 4347 spectetur
284 4282 397 4343 tempus
413 4275 529 4343 imperii
545 4281 668 4342 6466466
693 4287 768 4329 64466
782 4287 822 4335 444,
839 4273 890 4343 664
908 4285 949 4328 444
1006 4273 1038 4348 et·
1047 4268 1189 4324 ordinatis
1213 4272 1358 4341 episcopis
1378 4272 1524 4327 coaluerat
1544 4280 1667 4340 systema
1693 4269 1835 4341 quoddam

123 4348 200 4404 solet
215 4347 323 4414 haberi,
339 4347 407 4401 licet
427 4346 520 4401 solnm
539 4349 669 4411 6464466
685 4345 801 4399 Octobri
820 4349 894 4399 esset
910 4345 952 4398 in·
967 4365 993 4426 D
1007 4339 1234 4420 hierarchicam,
1260 4346 1354 4411 specie
1369 4355 1420 4397 sua
1448 4343 1521 4397 satis
1545 4341 1725 4396 commodum
1755 4340 1836 4420 Petro

124 4421 258 4476 64466466.
287 4420 423 4472 04646466
445 4418 565 4471 habetur
587 4430 679 4470 antius
696 4422 759 4484 post
788 4416 950 4470 Passionem
1005 4410 1228 4478 Jutlrcatunr,ad
1246 4414 1418 4482 dignitatem
1440 4412 1519 4467 sedis
1537 4413 1667 4466 omnium
1695 4411 1838 4480 principis

124 4490 241 4547 Domini
255 4487 584 4558 trigesimusseptimuS,
602 4501 685 4555 6666
703 4487 825 4556 46664444
841 4488 867 4541 S.
883 4487 953 4541 llie-
1010 4481 1221 4549 ministeriun
1240 4483 1419 4551 subjectione
1435 4497 1486 4538 666
1499 4481 1700 4537 declarandam
1719 4487 1746 4536 et
1764 4492 1832 4535 con-

127 4575 264 4631 4666666
279 4562 314 4615 66
328 4561 432 4628 script.
448 4558 654 4613 ecclesiasticis
668 4558 697 4610 in
714 4558 812 4627 illogio
821 4557 848 4612 S.
865 4556 951 4621 Petri,
1009 4550 1166 4606 46466666.
1184 4554 1305 4608 Nicaenar
1313 4554 1414 4623 synodi
1427 4566 1517 4608 canou
1531 4559 1640 4620 664466,
1656 4549 1837 4607 4644666646-

126 4646 237 4688 666666
248 4633 403 4697 4464464466,
419 4631 558 4696 46466466,
578 4629 795 4696 Nicephoruset
806 4629 869 4683 alii.
885 4648 898 4676 a
1010 4621 1140 4677 tionibus
1154 4625 1304 4679 doctorum
1319 4625 1449 4679 virorum
1466 4624 1642 4686 illustratus,
1658 4624 1730 4677 satis
1743 4624 1834 4686 docet,

162 4697 955 4774 catalogiomnes,cumpicturisvetustissimisbasilicae
1010 4697 1149 4760 6444444646
1165 4695 1453 4765 explicetdignitatis
1477 4694 1679 4764 patriarchalis
1703 4706 1762 4748 mos
1787 4690 1837 4745 ille

124 4776 152 4831 S.
181 4774 263 4830 Pauli
289 4787 378 4839 supra
404 4771 535 4841 producti
554 4769 603 4826 iol.
624 4766 669 4839 67,
692 4783 781 4825 66666
797 4769 831 4824 46
843 4768 953 4825 6644666
1010 4768 1107 4843 telus,
1119 4779 1175 4831 666
1197 4766 1293 4833 646466
1307 4767 1436 4834 episcopi
1452 4767 1577 4820 4466666
1592 4765 1712 4820 6664664
1725 4760 1835 4842 46666

125 4845 295 4903 attribuunt
313 4846 346 4897 li.
366 4846 446 4899 Petro
462 4844 491 4897 in
508 4841 573 4897 sede
587 4843 711 4896 liomaua
728 4858 734 4893 ι
752 4854 833 4909 6666
855 4853 954 4894 44444444
1012 4832 1183 4901 perduranda
1196 4836 1340 4906 mysteria.
1352 4838 1455 4892 46666
1473 4835 1728 4905 repraesentandam
1746 4840 1837 4889 totius

126 4931 204 4973 anno
221 4915 403 4985 postChristi
425 4915 598 4981 Passionem,
621 4911 811 4968 6466666646
834 4912 955 4966 Neronis

129 4989 247 5058 imperii
260 4986 371 5043 labente
389 4999 503 5055 passum
515 4983 527 5038 4
530 4984 606 5039 64666
616 4999 681 5040 cum
694 4982 789 5043 Paulo,
809 4984 919 5037 Vestino
929 4988 955 5037 ct

126 5063 219 5117 Nereo
231 5074 316 5121 cons,
339 5067 440 5127 praeter
452 5057 594 5111 indicatos
610 5056 774 5123 scriptores,
793 5053 955 5109 luculenter

128 5132 234 5202 prohat
256 5129 478 5184 Schelestratlns
504 5129 532 5181 46
556 5126 671 5182 4666646
692 5128 831 5181 disserta
854 5125 952 5195 antiq.

128 5201 238 5260 Eccles.
253 5200 384 5271 6664466,
397 5206 451 5254 644.
464 5198 489 5254 6.

166 5274 257 5327 alicnis
278 5274 378 5339 6464644
398 5275 520 5340 6444446444
533 5271 614 5324 Petro
637 5269 676 5322 446
700 5267 829 5329 66664446,
850 5279 884 5321 ex
899 5280 955 5336 6446

129 5344 296 5401 6644466466
322 5343 511 5412 66466666466
535 5343 628 5396 horna
652 5339 815 5403 constituit,
846 5352 957 5393 menses

130 5430 248 5487 666666
269 5415 337 5480 duo,
360 5429 393 5468 66
416 5414 479 5469 6466
502 5420 558 5467 tres
578 5426 630 5465 car
643 5411 668 5464 64
683 5410 850 5465 tribuantur
867 5410 957 5478 placet

133 5488 293 5558 inquirere.
305 5486 334 5540 Si
343 5480 792 5552 646464446446444404664466446
803 5481 910 5535 Christi
923 5479 958 5538 03

97 5574 100 5579 ·
132 5559 347 5616 464466666666
368 5570 415 5624 per
442 5568 532 5610 annos
556 5552 601 5623 36,
625 5566 735 5608 6644666
757 5550 784 5622 i,
812 5557 840 5607 et
865 5551 958 5608 dies3

130 5629 273 5702 (66644444
291 5629 422 5698 assignat
437 5627 467 5681 46
482 5627 650 5695 episcopatu
672 5625 797 5680 Romano
810 5623 959 5694 catalogus

1011 4902 1143 4958 Ecclesiae
1158 4909 1289 4976 corporis
1300 4907 1468 4976 iuncturam
1482 4906 1537 4962 suh
1552 4920 1608 4962 uno
1623 4907 1729 4974 capite.
1747 4903 1837 4959 0464-

1012 4982 1076 5029 6646
1093 4974 1183 5045 igitur
1205 4979 1368 5049 progressio
1383 4978 1451 5046 init,
1473 4984 1505 5033 nt
1524 4977 1660 5033 cathedra
1677 4973 1836 5046 6664406644

1015 5045 1138 5115 644666
1150 5056 1253 5113 646446,
1265 5050 1369 5104 6644466
1381 5048 1527 5118 adiunctis
1541 5048 1678 5120 gradatim
1696 5047 1836 5117 partibus,

1010 5123 1038 5172 et
1061 5120 1228 5185 praeparatis
1242 5120 1426 5190 adjutoribus
1450 5135 1509 5175 6666
1532 5119 1691 5187 6646646446,
1715 5117 1838 5174 maxima

1010 5190 1169 5245 auctoritas
1184 5193 1212 5244 in
1227 5192 1289 5260 ejus
1308 5191 1474 5261 episcopum
1495 5189 1692 5259 conterretur3
1706 5188 1836 5245 6464466

1013 5260 1239 5331 6644464646466
1253 5262 1476 5331 ablegandorum
1490 5260 1612 5317 46664646
1624 5273 1640 5316 6
1658 5261 1739 5316 Petro
1752 5272 1837 5316 exer-

1011 5343 1133 5400 ceretur,
1148 5333 1304 5388 derivanda
1316 5335 1494 5402 postmodnm
1512 5335 1541 5387 in
1557 5344 1747 5387 successores.
1763 5332 1836 5386 Con-

1011 5415 1069 5463 stat
1083 5411 1158 5461 66446
1172 5403 1209 5458 ab
1221 5406 1416 5471 apostolorum
1434 5404 1564 5474 principe
1579 5403 1687 5458 Christi
1706 5403 1838 5473 Evange-

1013 5481 1084 5534 lium
1095 5478 1188 5531 llomac
1200 5476 1282 5546 prius
1291 5476 1391 5546 644666
1399 5479 1492 5545 666446
1502 5475 1640 5543 temporis
1652 5473 1838 5544 predicatum

1012 5549 1056 5622 (ex
1070 5548 1204 5604 cathedra
1220 5548 1265 5602 iric
1284 5545 1397 5617 erecta),
1421 5546 1524 5601 664666
1548 5548 1649 5617 rogatu
1675 5542 1797 5599 4464466
1821 5555 1838 5597 6

1015 5623 1108 5677 446466
1123 5620 1152 5674 444
1164 5619 1275 5675 44446466
1292 5619 1436 5675 46666466
1451 5622 1509 5675 646
1528 5619 1610 5674 06446
1624 5616 1813 5687 approbatum
1829 5643 1840 5676 ·.
